  <div class='ocr_page' id='page_1' title='image "/cluster/home/n/w/nwhite01/storage/ocr_20150623/77/uva.x000827089/151.png"; bbox 0 0 3934 6304; ppageno 0'>
   <div class='ocr_carea' id='block_1_1' title="bbox 515 320 613 373">
    <p class='ocr_par' dir='ltr' id='par_1_1' title="bbox 515 320 613 373">
     <span class='ocr_line' id='line_1_1' title="bbox 515 320 613 373; baseline -0.071 1"><span class='ocrx_word' id='word_1_1' title='bbox 515 320 613 373; x_wconf 72' lang='lat'><strong>237</strong></span> 
     </span>
    </p>
   </div>
   <div class='ocr_carea' id='block_1_2' title="bbox 515 414 1867 503">
    <p class='ocr_par' dir='ltr' id='par_1_2' title="bbox 515 414 1867 503">
     <span class='ocr_line' id='line_1_2' title="bbox 515 414 1867 503; baseline -0.02 -13"><span class='ocrx_word' id='word_1_2' title='bbox 515 441 639 491; x_wconf 71' lang='grc' dir='ltr'>Θεοῦ</span> <span class='ocrx_word' id='word_1_3' title='bbox 671 434 1110 503; x_wconf 73' lang='grc' dir='ltr'>οἰκονομήσαντος,</span> <span class='ocrx_word' id='word_1_4' title='bbox 1151 427 1280 479; x_wconf 82' lang='grc' dir='ltr'>ὥστε</span> <span class='ocrx_word' id='word_1_5' title='bbox 1327 422 1374 475; x_wconf 81' lang='grc' dir='ltr'><strong>ἐν</strong></span> <span class='ocrx_word' id='word_1_6' title='bbox 1406 423 1498 489; x_wconf 82' lang='grc' dir='ltr'><strong>μιᾷ</strong></span> <span class='ocrx_word' id='word_1_7' title='bbox 1527 420 1702 490; x_wconf 81' lang='grc' dir='ltr'><strong>καιροῦ</strong></span> <span class='ocrx_word' id='word_1_8' title='bbox 1736 414 1867 485; x_wconf 74' lang='grc' dir='ltr'>ῥοπῇ</span> 
     </span>
    </p>
   </div>
   <div class='ocr_carea' id='block_1_3' title="bbox 518 499 2097 602">
    <p class='ocr_par' dir='ltr' id='par_1_3' title="bbox 518 499 2097 602">
     <span class='ocr_line' id='line_1_3' title="bbox 518 499 2097 602; baseline -0.022 -20"><span class='ocrx_word' id='word_1_9' title='bbox 518 526 762 602; x_wconf 78' lang='grc' dir='ltr'>’Λρειανόν</span> <span class='ocrx_word' id='word_1_10' title='bbox 801 523 858 579; x_wconf 86' lang='grc' dir='ltr'><strong>τό</strong></span> <span class='ocrx_word' id='word_1_11' title='bbox 905 528 1007 591; x_wconf 85' lang='grc' dir='ltr'><strong>φῶς</strong></span> <span class='ocrx_word' id='word_1_12' title='bbox 1057 516 1324 574; x_wconf 77' lang='grc' dir='ltr'><strong>ἀπολέσαι,</strong></span> <span class='ocrx_word' id='word_1_13' title='bbox 1374 514 1459 563; x_wconf 86' lang='grc' dir='ltr'><strong>καί</strong></span> <span class='ocrx_word' id='word_1_14' title='bbox 1499 509 1548 561; x_wconf 85' lang='grc' dir='ltr'><strong>ἐν</strong></span> <span class='ocrx_word' id='word_1_15' title='bbox 1588 513 1700 564; x_wconf 89' lang='grc' dir='ltr'>ταῖς</span> <span class='ocrx_word' id='word_1_16' title='bbox 1736 511 1762 537; x_wconf 72' lang='grc'>⁸</span> <span class='ocrx_word' id='word_1_17' title='bbox 1805 499 2097 553; x_wconf 78' lang='grc' dir='ltr'>σϐεσθεῖσιν</span> 
     </span>
    </p>
   </div>
   <div class='ocr_carea' id='block_1_4' title="bbox 516 587 2097 684">
    <p class='ocr_par' dir='ltr' id='par_1_4' title="bbox 516 587 2097 684">
     <span class='ocr_line' id='line_1_4' title="bbox 516 587 2097 684; baseline -0.02 -11"><span class='ocrx_word' id='word_1_18' title='bbox 516 618 781 676; x_wconf 74' lang='grc' dir='ltr'>κανδήλαις</span> <span class='ocrx_word' id='word_1_19' title='bbox 821 616 871 669; x_wconf 85' lang='grc' dir='ltr'><strong>ἐν</strong></span> <span class='ocrx_word' id='word_1_20' title='bbox 911 622 973 684; x_wconf 72' lang='grc' dir='ltr'>τῇ</span> <span class='ocrx_word' id='word_1_21' title='bbox 1002 618 1092 667; x_wconf 94' lang='grc' dir='ltr'><strong>τοῦ</strong></span> <span class='ocrx_word' id='word_1_22' title='bbox 1135 607 1388 682; x_wconf 82' lang='grc' dir='ltr'>μακαρίου</span> <span class='ocrx_word' id='word_1_23' title='bbox 1433 600 1629 659; x_wconf 77' lang='grc' dir='ltr'>Παύλου</span> <span class='ocrx_word' id='word_1_24' title='bbox 1658 601 1748 652; x_wconf 91' lang='grc' dir='ltr'><strong>τοῦ</strong></span> <span class='ocrx_word' id='word_1_25' title='bbox 1794 587 2097 649; x_wconf 83' lang='grc' dir='ltr'>Ἀποστόλου</span> 
     </span>
    </p>
   </div>
   <div class='ocr_carea' id='block_1_5' title="bbox 514 696 1330 780">
    <p class='ocr_par' dir='ltr' id='par_1_5' title="bbox 514 696 1330 780">
     <span class='ocr_line' id='line_1_5' title="bbox 514 696 1330 780; baseline -0.021 -17"><span class='ocrx_word' id='word_1_26' title='bbox 514 708 751 780; x_wconf 69' lang='grc' dir='ltr'>ἐκκλησίᾳ</span> <span class='ocrx_word' id='word_1_27' title='bbox 777 707 836 760; x_wconf 86' lang='grc' dir='ltr'>τὸ</span> <span class='ocrx_word' id='word_1_28' title='bbox 861 710 959 774; x_wconf 80' lang='grc' dir='ltr'><strong>φῶς</strong></span> <span class='ocrx_word' id='word_1_29' title='bbox 987 696 1330 771; x_wconf 68' lang='grc' dir='ltr'>ὑποστρέψαι.</span> 
     </span>
    </p>
   </div>
   <div class='ocr_carea' id='block_1_6' title="bbox 1141 782 1466 841">
    <p class='ocr_par' dir='ltr' id='par_1_6' title="bbox 1141 782 1466 841">
     <span class='ocr_line' id='line_1_6' title="bbox 1141 782 1466 841; baseline -0.022 0"><span class='ocrx_word' id='word_1_30' title='bbox 1141 796 1348 841; x_wconf 76' lang='grc' dir='ltr'><strong>ΚΕΦΔΛ.</strong></span> <span class='ocrx_word' id='word_1_31' title='bbox 1391 782 1466 837; x_wconf 89' lang='grc' dir='ltr'><strong>Λ’.</strong></span> 
     </span>
    </p>
   </div>
   <div class='ocr_carea' id='block_1_7' title="bbox 557 864 2064 966">
    <p class='ocr_par' dir='ltr' id='par_1_7' title="bbox 557 864 2064 966">
     <span class='ocr_line' id='line_1_7' title="bbox 557 864 2064 966; baseline -0.02 -21"><span class='ocrx_word' id='word_1_32' title='bbox 557 893 673 966; x_wconf 86' lang='grc' dir='ltr'>Περί</span> <span class='ocrx_word' id='word_1_33' title='bbox 690 897 783 949; x_wconf 74' lang='grc' dir='ltr'>τῆς</span> <span class='ocrx_word' id='word_1_34' title='bbox 810 886 1078 944; x_wconf 71' lang='grc' dir='ltr'><strong>ἐκκλησίας</strong></span> <span class='ocrx_word' id='word_1_35' title='bbox 1103 888 1193 940; x_wconf 77' lang='grc' dir='ltr'>τῆς</span> <span class='ocrx_word' id='word_1_36' title='bbox 1223 879 1372 949; x_wconf 83' lang='grc' dir='ltr'>ἁγίας</span> <span class='ocrx_word' id='word_1_37' title='bbox 1395 874 1605 946; x_wconf 83' lang='grc' dir='ltr'>’Δγαθῆς</span> <span class='ocrx_word' id='word_1_38' title='bbox 1638 870 1707 929; x_wconf 84' lang='grc' dir='ltr'><strong>είς</strong></span> <span class='ocrx_word' id='word_1_39' title='bbox 1736 872 1825 925; x_wconf 75' lang='grc' dir='ltr'>τήν</span> <span class='ocrx_word' id='word_1_40' title='bbox 1852 864 2064 919; x_wconf 74' lang='grc' dir='ltr'><strong>Σουϐοῦ⁶</strong></span> 
     </span>
    </p>
   </div>
   <div class='ocr_carea' id='block_1_8' title="bbox 1248 970 1363 1019">
    <p class='ocr_par' dir='ltr' id='par_1_8' title="bbox 1248 970 1363 1019">
     <span class='ocr_line' id='line_1_8' title="bbox 1248 970 1363 1019; baseline -0.026 -17"><span class='ocrx_word' id='word_1_41' title='bbox 1248 970 1363 1019; x_wconf 86' lang='grc' dir='ltr'><strong>ραν.</strong></span> 
     </span>
    </p>
   </div>
   <div class='ocr_carea' id='block_1_9' title="bbox 593 1025 2104 1111">
    <p class='ocr_par' dir='ltr' id='par_1_9' title="bbox 593 1025 2104 1111">
     <span class='ocr_line' id='line_1_9' title="bbox 593 1025 2104 1111; baseline -0.021 -8"><span class='ocrx_word' id='word_1_42' title='bbox 593 1048 716 1103; x_wconf 83' lang='grc' dir='ltr'><strong>Οὐδὲ</strong></span> <span class='ocrx_word' id='word_1_43' title='bbox 740 1053 888 1102; x_wconf 90' lang='grc' dir='ltr'>τοῦτο</span> <span class='ocrx_word' id='word_1_44' title='bbox 932 1039 1017 1097; x_wconf 71' lang='grc' dir='ltr'>οὖν</span> <span class='ocrx_word' id='word_1_45' title='bbox 1062 1040 1479 1111; x_wconf 78' lang='grc' dir='ltr'>παρασιωπὴσω,</span> <span class='ocrx_word' id='word_1_46' title='bbox 1511 1029 1636 1106; x_wconf 86' lang='grc' dir='ltr'>ὅπερ</span> <span class='ocrx_word' id='word_1_47' title='bbox 1683 1030 1753 1087; x_wconf 84' lang='grc' dir='ltr'>εἰς</span> <span class='ocrx_word' id='word_1_48' title='bbox 1803 1025 2104 1096; x_wconf 76' lang='grc' dir='ltr'><strong>κατάκρισιν</strong></span> 
     </span>
    </p>
   </div>
   <div class='ocr_carea' id='block_1_10' title="bbox 522 1116 2101 1209">
    <p class='ocr_par' dir='ltr' id='par_1_10' title="bbox 522 1116 2101 1209">
     <span class='ocr_line' id='line_1_10' title="bbox 522 1116 2101 1209; baseline -0.02 -11"><span class='ocrx_word' id='word_1_49' title='bbox 522 1152 611 1203; x_wconf 79' lang='grc' dir='ltr'>τῆς</span> <span class='ocrx_word' id='word_1_50' title='bbox 643 1143 801 1199; x_wconf 80' lang='grc' dir='ltr'>αὐτῆς</span> <span class='ocrx_word' id='word_1_51' title='bbox 826 1140 1081 1209; x_wconf 76' lang='grc' dir='ltr'>Ἀρειανῆς</span> <span class='ocrx_word' id='word_1_52' title='bbox 1122 1133 1362 1206; x_wconf 80' lang='grc' dir='ltr'>αἱρέσεως</span> <span class='ocrx_word' id='word_1_53' title='bbox 1409 1128 1459 1181; x_wconf 82' lang='grc' dir='ltr'><strong>ἐν</strong></span> <span class='ocrx_word' id='word_1_54' title='bbox 1500 1121 1665 1196; x_wconf 73' lang='grc' dir='ltr'>ταύτῃ</span> <span class='ocrx_word' id='word_1_55' title='bbox 1709 1128 1770 1192; x_wconf 76' lang='grc' dir='ltr'><strong>τῇ</strong></span> <span class='ocrx_word' id='word_1_56' title='bbox 1799 1118 1959 1183; x_wconf 78' lang='grc' dir='ltr'>πόλει,</span> <span class='ocrx_word' id='word_1_57' title='bbox 2001 1116 2101 1190; x_wconf 83' lang='grc' dir='ltr'>πρὸ</span> 
     </span>
    </p>
   </div>
   <div class='ocr_carea' id='block_1_11' title="bbox 524 1207 2100 1307">
    <p class='ocr_par' dir='ltr' id='par_1_11' title="bbox 524 1207 2100 1307">
     <span class='ocr_line' id='line_1_11' title="bbox 524 1207 2100 1307; baseline -0.022 -16"><span class='ocrx_word' id='word_1_58' title='bbox 524 1236 615 1292; x_wconf 84' lang='grc' dir='ltr'>δύο</span> <span class='ocrx_word' id='word_1_59' title='bbox 664 1231 862 1307; x_wconf 81' lang='grc' dir='ltr'><strong>χρόνων</strong></span> <span class='ocrx_word' id='word_1_60' title='bbox 908 1231 937 1287; x_wconf 77' lang='grc' dir='ltr'>ἡ</span> <span class='ocrx_word' id='word_1_61' title='bbox 984 1225 1166 1281; x_wconf 76' lang='grc' dir='ltr'>ἄνωθεν</span> <span class='ocrx_word' id='word_1_62' title='bbox 1215 1220 1560 1289; x_wconf 78' lang='grc' dir='ltr'>εὐσπλαγχνία</span> <span class='ocrx_word' id='word_1_63' title='bbox 1597 1212 1760 1276; x_wconf 83' lang='grc' dir='ltr'>δεῖξαι</span> <span class='ocrx_word' id='word_1_64' title='bbox 1801 1207 2100 1268; x_wconf 78' lang='grc' dir='ltr'><strong>ηὐδόκησεν.</strong></span> 
     </span>
    </p>
   </div>
   <div class='ocr_carea' id='block_1_12' title="bbox 522 1297 2106 1401">
    <p class='ocr_par' dir='ltr' id='par_1_12' title="bbox 522 1297 2106 1401">
     <span class='ocr_line' id='line_1_12' title="bbox 522 1297 2106 1401; baseline -0.023 -17"><span class='ocrx_word' id='word_1_65' title='bbox 522 1297 760 1401; x_wconf 29' lang='grc' dir='ltr'>’Δπερῠόέ</span> <span class='ocrx_word' id='word_1_66' title='bbox 793 1321 1064 1394; x_wconf 85' lang='grc' dir='ltr'>διηγοῦμαι</span> <span class='ocrx_word' id='word_1_67' title='bbox 1080 1356 1095 1383; x_wconf 96' lang='grc'><strong>,</strong></span> <span class='ocrx_word' id='word_1_68' title='bbox 1117 1316 1182 1371; x_wconf 82' lang='grc' dir='ltr'>τὰ</span> <span class='ocrx_word' id='word_1_69' title='bbox 1210 1316 1299 1386; x_wconf 77' lang='grc' dir='ltr'>μὲν</span> <span class='ocrx_word' id='word_1_70' title='bbox 1327 1311 1352 1367; x_wconf 91' lang='grc' dir='ltr'><strong>ό</strong></span> <span class='ocrx_word' id='word_1_71' title='bbox 1376 1311 1492 1371; x_wconf 85' lang='grc' dir='ltr'>λαός</span> <span class='ocrx_word' id='word_1_72' title='bbox 1513 1308 1742 1381; x_wconf 80' lang='grc' dir='ltr'>γινώσκει</span> <span class='ocrx_word' id='word_1_73' title='bbox 1761 1342 1775 1365; x_wconf 93' lang='grc'><strong>,</strong></span> <span class='ocrx_word' id='word_1_74' title='bbox 1802 1302 1867 1356; x_wconf 78' lang='grc' dir='ltr'>τὰ</span> <span class='ocrx_word' id='word_1_75' title='bbox 1892 1299 1945 1354; x_wconf 79' lang='grc' dir='ltr'><strong>δὲ</strong></span> <span class='ocrx_word' id='word_1_76' title='bbox 1975 1298 2017 1351; x_wconf 89' lang='grc' dir='ltr'><strong>οί</strong></span> <span class='ocrx_word' id='word_1_77' title='bbox 2038 1297 2106 1349; x_wconf 87' lang='grc' dir='ltr'>ίε-</span> 
     </span>
    </p>
   </div>
   <div class='ocr_carea' id='block_1_13' title="bbox 523 1391 2106 1491">
    <p class='ocr_par' dir='ltr' id='par_1_13' title="bbox 523 1391 2106 1491">
     <span class='ocr_line' id='line_1_13' title="bbox 523 1391 2106 1491; baseline -0.021 -19"><span class='ocrx_word' id='word_1_78' title='bbox 523 1425 630 1491; x_wconf 85' lang='grc' dir='ltr'>ρεῖς</span> <span class='ocrx_word' id='word_1_79' title='bbox 661 1417 742 1469; x_wconf 80' lang='grc' dir='ltr'><strong>καί</strong></span> <span class='ocrx_word' id='word_1_80' title='bbox 764 1414 807 1468; x_wconf 85' lang='grc' dir='ltr'><strong>οί</strong></span> <span class='ocrx_word' id='word_1_81' title='bbox 835 1410 1046 1484; x_wconf 70' lang='grc' dir='ltr'>φύλακες</span> <span class='ocrx_word' id='word_1_82' title='bbox 1073 1414 1166 1467; x_wconf 76' lang='grc' dir='ltr'>τῆς</span> <span class='ocrx_word' id='word_1_83' title='bbox 1195 1406 1354 1462; x_wconf 75' lang='grc' dir='ltr'>αὐτῆς</span> <span class='ocrx_word' id='word_1_84' title='bbox 1392 1399 1650 1458; x_wconf 66' lang='grc' dir='ltr'>ἐκκλησίας</span> <span class='ocrx_word' id='word_1_85' title='bbox 1689 1393 1907 1449; x_wconf 83' lang='grc' dir='ltr'>ἀκοῦσαί</span> <span class='ocrx_word' id='word_1_86' title='bbox 1942 1410 1994 1445; x_wconf 86' lang='grc' dir='ltr'><strong>τε</strong></span> <span class='ocrx_word' id='word_1_87' title='bbox 2024 1391 2106 1441; x_wconf 86' lang='grc' dir='ltr'><strong>καί</strong></span> 
     </span>
    </p>
   </div>
   <div class='ocr_carea' id='block_1_14' title="bbox 522 1485 2106 1577">
    <p class='ocr_par' dir='ltr' id='par_1_14' title="bbox 522 1485 2106 1577">
     <span class='ocr_line' id='line_1_14' title="bbox 522 1485 2106 1577; baseline -0.018 -16"><span class='ocrx_word' id='word_1_88' title='bbox 522 1508 803 1563; x_wconf 83' lang='grc' dir='ltr'>θεάσασθαι</span> <span class='ocrx_word' id='word_1_89' title='bbox 830 1504 1195 1577; x_wconf 87' lang='grc' dir='ltr'>μαρτυροῦσιν.</span> <span class='ocrx_word' id='word_1_90' title='bbox 1226 1496 1311 1548; x_wconf 80' lang='grc' dir='ltr'>Ἐν</span> <span class='ocrx_word' id='word_1_91' title='bbox 1347 1493 1510 1565; x_wconf 72' lang='grc' dir='ltr'>ταύτῃ</span> <span class='ocrx_word' id='word_1_92' title='bbox 1548 1492 1713 1544; x_wconf 79' lang='grc' dir='ltr'>τοίνυν</span> <span class='ocrx_word' id='word_1_93' title='bbox 1740 1530 1751 1551; x_wconf 92' lang='lat'><strong>,</strong></span> <span class='ocrx_word' id='word_1_94' title='bbox 1780 1485 2106 1549; x_wconf 51' lang='grc' dir='ltr'>καθώςκπρο·</span> 
     </span>
    </p>
   </div>
   <div class='ocr_carea' id='block_1_15' title="bbox 523 1574 2107 1669">
    <p class='ocr_par' dir='ltr' id='par_1_15' title="bbox 523 1574 2107 1669">
     <span class='ocr_line' id='line_1_15' title="bbox 523 1574 2107 1669; baseline -0.018 -16"><span class='ocrx_word' id='word_1_95' title='bbox 523 1608 685 1661; x_wconf 82' lang='grc' dir='ltr'>εἷπον,</span> <span class='ocrx_word' id='word_1_96' title='bbox 714 1605 776 1669; x_wconf 79' lang='grc' dir='ltr'><strong>τῇ</strong></span> <span class='ocrx_word' id='word_1_97' title='bbox 804 1603 901 1651; x_wconf 89' lang='grc' dir='ltr'><strong>τῶν</strong></span> <span class='ocrx_word' id='word_1_98' title='bbox 930 1594 1179 1664; x_wconf 86' lang='grc' dir='ltr'>Ῥωμαίων</span> <span class='ocrx_word' id='word_1_99' title='bbox 1208 1589 1345 1644; x_wconf 85' lang='grc' dir='ltr'>πόλει</span> <span class='ocrx_word' id='word_1_100' title='bbox 1381 1588 1431 1639; x_wconf 84' lang='grc' dir='ltr'><strong>ἐν</strong></span> <span class='ocrx_word' id='word_1_101' title='bbox 1466 1592 1529 1656; x_wconf 78' lang='grc' dir='ltr'>τῇ</span> <span class='ocrx_word' id='word_1_102' title='bbox 1562 1583 1767 1655; x_wconf 76' lang='grc' dir='ltr'>ρεγεῶνι</span> <span class='ocrx_word' id='word_1_103' title='bbox 1792 1584 1853 1650; x_wconf 76' lang='grc' dir='ltr'><strong>τῇ</strong></span> <span class='ocrx_word' id='word_1_104' title='bbox 1882 1574 2107 1642; x_wconf 76' lang='grc' dir='ltr'>ἐπιλεγο-</span> 
     </span>
    </p>
   </div>
   <div class='ocr_carea' id='block_1_16' title="bbox 523 1665 2106 1760">
    <p class='ocr_par' dir='ltr' id='par_1_16' title="bbox 523 1665 2106 1760">
     <span class='ocr_line' id='line_1_16' title="bbox 523 1665 2106 1760; baseline -0.018 -18"><span class='ocrx_word' id='word_1_105' title='bbox 523 1691 646 1760; x_wconf 75' lang='grc' dir='ltr'>μένη</span> <span class='ocrx_word' id='word_1_106' title='bbox 668 1686 928 1759; x_wconf 80' lang='grc' dir='ltr'>Σουϐοῦρα</span> <span class='ocrx_word' id='word_1_107' title='bbox 969 1692 1069 1739; x_wconf 88' lang='grc' dir='ltr'><strong>τῶν</strong></span> <span class='ocrx_word' id='word_1_108' title='bbox 1114 1681 1373 1755; x_wconf 80' lang='grc' dir='ltr'>’Δρειανῶν</span> <span class='ocrx_word' id='word_1_109' title='bbox 1421 1674 1651 1731; x_wconf 86' lang='grc' dir='ltr'>ἐκκλησία</span> <span class='ocrx_word' id='word_1_110' title='bbox 1697 1671 1955 1743; x_wconf 76' lang='grc' dir='ltr'><strong>ὑπῆρχεν,</strong></span> <span class='ocrx_word' id='word_1_111' title='bbox 1997 1665 2106 1722; x_wconf 73' lang='grc' dir='ltr'>ἥτις</span> 
     </span>
    </p>
   </div>
   <div class='ocr_carea' id='block_1_17' title="bbox 524 1755 2161 1845">
    <p class='ocr_par' dir='ltr' id='par_1_17' title="bbox 524 1755 2161 1845">
     <span class='ocr_line' id='line_1_17' title="bbox 524 1755 2161 1845; baseline -0.018 -11"><span class='ocrx_word' id='word_1_112' title='bbox 524 1779 842 1845; x_wconf 83' lang='grc' dir='ltr'>κεκλεισμένη</span> <span class='ocrx_word' id='word_1_113' title='bbox 867 1774 924 1834; x_wconf 76' lang='grc' dir='ltr'><strong>ἧν</strong></span> <span class='ocrx_word' id='word_1_114' title='bbox 955 1777 1281 1844; x_wconf 78' lang='grc' dir='ltr'>ἀπομείνασα</span> <span class='ocrx_word' id='word_1_115' title='bbox 1307 1770 1399 1826; x_wconf 82' lang='grc' dir='ltr'>ἕως</span> <span class='ocrx_word' id='word_1_116' title='bbox 1427 1767 1527 1838; x_wconf 88' lang='grc' dir='ltr'>πρὸ</span> <span class='ocrx_word' id='word_1_117' title='bbox 1551 1764 1744 1820; x_wconf 78' lang='grc' dir='ltr'>ταύτης</span> <span class='ocrx_word' id='word_1_118' title='bbox 1780 1768 1870 1819; x_wconf 76' lang='grc' dir='ltr'>τῆς</span> <span class='ocrx_word' id='word_1_119' title='bbox 1895 1755 2103 1813; x_wconf 84' lang='grc' dir='ltr'>διετίας.</span> <span class='ocrx_word' id='word_1_120' title='bbox 2144 1786 2161 1839; x_wconf 65' lang='grc'><strong>1</strong></span> 
     </span>
    </p>
   </div>
   <div class='ocr_carea' id='block_1_18' title="bbox 525 1847 2107 1932">
    <p class='ocr_par' dir='ltr' id='par_1_18' title="bbox 525 1847 2107 1932">
     <span class='ocr_line' id='line_1_18' title="bbox 525 1847 2107 1932; baseline -0.018 -8"><span class='ocrx_word' id='word_1_121' title='bbox 525 1867 729 1932; x_wconf 76' lang='grc' dir='ltr'>’Ἑδοξεν</span> <span class='ocrx_word' id='word_1_122' title='bbox 755 1862 845 1921; x_wconf 78' lang='grc' dir='ltr'>οὖν</span> <span class='ocrx_word' id='word_1_123' title='bbox 872 1866 951 1919; x_wconf 82' lang='grc' dir='ltr'><strong>ἱνα</strong></span> <span class='ocrx_word' id='word_1_124' title='bbox 976 1870 1067 1919; x_wconf 89' lang='grc' dir='ltr'><strong>τοῦ</strong></span> <span class='ocrx_word' id='word_1_125' title='bbox 1098 1862 1345 1931; x_wconf 63' lang='grc' dir='ltr'>μακαρίου</span> <span class='ocrx_word' id='word_1_126' title='bbox 1378 1858 1714 1910; x_wconf 71' lang='grc' dir='ltr'>Σεϐαστιανοῦ</span> <span class='ocrx_word' id='word_1_127' title='bbox 1745 1854 1829 1903; x_wconf 86' lang='grc' dir='ltr'><strong>καί</strong></span> <span class='ocrx_word' id='word_1_128' title='bbox 1848 1858 1937 1908; x_wconf 74' lang='grc' dir='ltr'>τῆς</span> <span class='ocrx_word' id='word_1_129' title='bbox 1960 1847 2107 1918; x_wconf 80' lang='grc' dir='ltr'>ἁγίας</span> 
     </span>
    </p>
   </div>
   <div class='ocr_carea' id='block_1_19' title="bbox 525 1941 2107 2035">
    <p class='ocr_par' dir='ltr' id='par_1_19' title="bbox 525 1941 2107 2035">
     <span class='ocr_line' id='line_1_19' title="bbox 525 1941 2107 2035; baseline -0.016 -19"><span class='ocrx_word' id='word_1_130' title='bbox 525 1963 784 2035; x_wconf 81' lang='grc' dir='ltr'>μάρτυρος</span> <span class='ocrx_word' id='word_1_131' title='bbox 822 1958 1033 2029; x_wconf 73' lang='grc' dir='ltr'>’Δγαθῆς</span> <span class='ocrx_word' id='word_1_132' title='bbox 1059 1954 1271 2023; x_wconf 64' lang='grc' dir='ltr'>λείψανα</span> <span class='ocrx_word' id='word_1_133' title='bbox 1313 1952 1361 2003; x_wconf 85' lang='grc' dir='ltr'><strong>ἐν</strong></span> <span class='ocrx_word' id='word_1_134' title='bbox 1403 1946 1534 2017; x_wconf 80' lang='grc' dir='ltr'>αὐτῇ</span> <span class='ocrx_word' id='word_1_135' title='bbox 1562 1944 1587 1982; x_wconf 72' lang='lat' dir='ltr'><strong>b</strong></span> <span class='ocrx_word' id='word_1_136' title='bbox 1631 1945 1933 2004; x_wconf 75' lang='grc' dir='ltr'><strong>καταθῶσιν,</strong></span> <span class='ocrx_word' id='word_1_137' title='bbox 1976 1941 2107 2010; x_wconf 61' lang='grc' dir='ltr'>ὀφει-</span> 
     </span>
    </p>
   </div>
   <div class='ocr_carea' id='block_1_20' title="bbox 526 2034 2110 2122">
    <p class='ocr_par' dir='ltr' id='par_1_20' title="bbox 526 2034 2110 2122">
     <span class='ocr_line' id='line_1_20' title="bbox 526 2034 2110 2122; baseline -0.018 -12"><span class='ocrx_word' id='word_1_138' title='bbox 526 2056 710 2114; x_wconf 89' lang='grc' dir='ltr'>λούσης</span> <span class='ocrx_word' id='word_1_139' title='bbox 738 2054 897 2110; x_wconf 77' lang='grc' dir='ltr'>αὐτῆς</span> <span class='ocrx_word' id='word_1_140' title='bbox 917 2050 1309 2122; x_wconf 72' lang='grc' dir='ltr'>ἐγκαινιοθῆναι,</span> <span class='ocrx_word' id='word_1_141' title='bbox 1339 2042 1464 2116; x_wconf 84' lang='grc' dir='ltr'>ὅπερ</span> <span class='ocrx_word' id='word_1_142' title='bbox 1490 2043 1572 2094; x_wconf 88' lang='grc' dir='ltr'><strong>καὶ</strong></span> <span class='ocrx_word' id='word_1_143' title='bbox 1594 2040 1811 2109; x_wconf 81' lang='grc' dir='ltr'>γέγονεν.</span> <span class='ocrx_word' id='word_1_144' title='bbox 1848 2034 1995 2087; x_wconf 84' lang='grc' dir='ltr'><strong>Μετά</strong></span> <span class='ocrx_word' id='word_1_145' title='bbox 2023 2050 2110 2100; x_wconf 87' lang='grc' dir='ltr'>με·</span> 
     </span>
    </p>
   </div>
   <div class='ocr_carea' id='block_1_21' title="bbox 527 2127 2111 2219">
    <p class='ocr_par' dir='ltr' id='par_1_21' title="bbox 527 2127 2111 2219">
     <span class='ocr_line' id='line_1_21' title="bbox 527 2127 2111 2219; baseline -0.016 -20"><span class='ocrx_word' id='word_1_146' title='bbox 527 2149 706 2219; x_wconf 83' lang='grc' dir='ltr'>γίστου</span> <span class='ocrx_word' id='word_1_147' title='bbox 732 2142 784 2197; x_wconf 78' lang='grc' dir='ltr'><strong>δὲ</strong></span> <span class='ocrx_word' id='word_1_148' title='bbox 806 2142 1027 2199; x_wconf 82' lang='grc' dir='ltr'><strong>πλήθους</strong></span> <span class='ocrx_word' id='word_1_149' title='bbox 1046 2139 1170 2191; x_wconf 88' lang='grc' dir='ltr'>λαοῦ</span> <span class='ocrx_word' id='word_1_150' title='bbox 1192 2133 1555 2212; x_wconf 78' lang='grc' dir='ltr'>ἀπερχομένων</span> <span class='ocrx_word' id='word_1_151' title='bbox 1585 2131 1722 2197; x_wconf 77' lang='grc' dir='ltr'>ἡμῶν</span> <span class='ocrx_word' id='word_1_152' title='bbox 1740 2166 1753 2185; x_wconf 82' lang='grc'><strong>,</strong></span> <span class='ocrx_word' id='word_1_153' title='bbox 1779 2127 1864 2178; x_wconf 90' lang='grc' dir='ltr'><strong>καί</strong></span> <span class='ocrx_word' id='word_1_154' title='bbox 1883 2131 1954 2192; x_wconf 86' lang='grc' dir='ltr'>τῷ</span> <span class='ocrx_word' id='word_1_155' title='bbox 1977 2143 2111 2175; x_wconf 87' lang='grc' dir='ltr'>παν-</span> 
     </span>
    </p>
   </div>
   <div class='ocr_carea' id='block_1_22' title="bbox 528 2216 2113 2306">
    <p class='ocr_par' dir='ltr' id='par_1_22' title="bbox 528 2216 2113 2306">
     <span class='ocr_line' id='line_1_22' title="bbox 528 2216 2113 2306; baseline -0.018 -14"><span class='ocrx_word' id='word_1_156' title='bbox 528 2236 793 2306; x_wconf 80' lang='grc' dir='ltr'>τοδυναμῳ</span> <span class='ocrx_word' id='word_1_157' title='bbox 846 2235 1003 2306; x_wconf 77' lang='grc' dir='ltr'>κυρίῳ</span> <span class='ocrx_word' id='word_1_158' title='bbox 1048 2231 1167 2287; x_wconf 87' lang='grc' dir='ltr'><strong>τούς</strong></span> <span class='ocrx_word' id='word_1_159' title='bbox 1206 2236 1293 2285; x_wconf 82' lang='grc' dir='ltr'>τῆς</span> <span class='ocrx_word' id='word_1_160' title='bbox 1338 2220 1632 2294; x_wconf 45' lang='lat' dir='ltr'><strong>eampse;</strong></span> <span class='ocrx_word' id='word_1_161' title='bbox 1677 2216 1846 2274; x_wconf 69' lang='grc' dir='ltr'>αἶνους</span> <span class='ocrx_word' id='word_1_162' title='bbox 1887 2217 2113 2279; x_wconf 78' lang='grc' dir='ltr'>ἀναπεμ-</span> 
     </span>
    </p>
   </div>
   <div class='ocr_carea' id='block_1_23' title="bbox 530 2307 2113 2395">
    <p class='ocr_par' dir='ltr' id='par_1_23' title="bbox 530 2307 2113 2395">
     <span class='ocr_line' id='line_1_23' title="bbox 530 2307 2113 2395; baseline -0.016 -11"><span class='ocrx_word' id='word_1_163' title='bbox 530 2330 737 2389; x_wconf 81' lang='grc' dir='ltr'>πόντων,</span> <span class='ocrx_word' id='word_1_164' title='bbox 782 2332 869 2395; x_wconf 69' lang='grc' dir='ltr'>τήν</span> <span class='ocrx_word' id='word_1_165' title='bbox 895 2326 1049 2381; x_wconf 77' lang='grc' dir='ltr'>αὐτὴν</span> <span class='ocrx_word' id='word_1_166' title='bbox 1080 2321 1344 2377; x_wconf 77' lang='grc' dir='ltr'><strong>ἐκκλησίαν</strong></span> <span class='ocrx_word' id='word_1_167' title='bbox 1374 2314 1730 2383; x_wconf 76' lang='grc' dir='ltr'>κατελάϐομεν,</span> <span class='ocrx_word' id='word_1_168' title='bbox 1774 2310 1859 2362; x_wconf 86' lang='grc' dir='ltr'><strong>καί</strong></span> <span class='ocrx_word' id='word_1_169' title='bbox 1896 2311 1943 2360; x_wconf 83' lang='grc' dir='ltr'><strong>ἐν</strong></span> <span class='ocrx_word' id='word_1_170' title='bbox 1985 2307 2113 2378; x_wconf 76' lang='grc' dir='ltr'>αὐτῇ</span> 
     </span>
    </p>
   </div>
   <div class='ocr_carea' id='block_1_24' title="bbox 530 2398 2113 2480">
    <p class='ocr_par' dir='ltr' id='par_1_24' title="bbox 530 2398 2113 2480">
     <span class='ocr_line' id='line_1_24' title="bbox 530 2398 2113 2480; baseline -0.018 -6"><span class='ocrx_word' id='word_1_171' title='bbox 530 2418 832 2476; x_wconf 74' lang='grc' dir='ltr'><strong>εἰσελθόντες</strong></span> <span class='ocrx_word' id='word_1_172' title='bbox 870 2418 936 2469; x_wconf 80' lang='grc' dir='ltr'>τὰ</span> <span class='ocrx_word' id='word_1_173' title='bbox 978 2421 1067 2472; x_wconf 84' lang='grc' dir='ltr'>τῆς</span> <span class='ocrx_word' id='word_1_174' title='bbox 1096 2413 1231 2470; x_wconf 91' lang='grc' dir='ltr'>θείας</span> <span class='ocrx_word' id='word_1_175' title='bbox 1254 2408 1567 2480; x_wconf 69' lang='grc' dir='ltr'>λειτουργίας</span> <span class='ocrx_word' id='word_1_176' title='bbox 1616 2402 1786 2475; x_wconf 79' lang='grc' dir='ltr'>ἐόρτια</span> <span class='ocrx_word' id='word_1_177' title='bbox 1833 2398 2113 2466; x_wconf 77' lang='grc' dir='ltr'>ίτελοῦμεν.</span> 
     </span>
    </p>
   </div>
   <div class='ocr_carea' id='block_1_25' title="bbox 532 2489 2116 2573">
    <p class='ocr_par' dir='ltr' id='par_1_25' title="bbox 532 2489 2116 2573">
     <span class='ocr_line' id='line_1_25' title="bbox 532 2489 2116 2573; baseline -0.017 -6"><span class='ocrx_word' id='word_1_178' title='bbox 532 2515 622 2567; x_wconf 81' lang='grc' dir='ltr'><strong>Διὰ</strong></span> <span class='ocrx_word' id='word_1_179' title='bbox 649 2510 702 2565; x_wconf 84' lang='grc' dir='ltr'><strong>δὲ</strong></span> <span class='ocrx_word' id='word_1_180' title='bbox 743 2514 831 2567; x_wconf 78' lang='grc' dir='ltr'><strong>την</strong></span> <span class='ocrx_word' id='word_1_181' title='bbox 859 2515 951 2563; x_wconf 90' lang='grc' dir='ltr'><strong>τοῦ</strong></span> <span class='ocrx_word' id='word_1_182' title='bbox 992 2507 1155 2561; x_wconf 87' lang='grc' dir='ltr'>τόπου</span> <span class='ocrx_word' id='word_1_183' title='bbox 1199 2502 1573 2573; x_wconf 78' lang='grc' dir='ltr'>στενοχωρίαν,</span> <span class='ocrx_word' id='word_1_184' title='bbox 1594 2500 1650 2551; x_wconf 76' lang='grc' dir='ltr'><strong>τό</strong></span> <span class='ocrx_word' id='word_1_185' title='bbox 1672 2501 1760 2549; x_wconf 90' lang='grc' dir='ltr'><strong>τοῦ</strong></span> <span class='ocrx_word' id='word_1_186' title='bbox 1782 2494 1908 2547; x_wconf 87' lang='grc' dir='ltr'>λαοῦ</span> <span class='ocrx_word' id='word_1_187' title='bbox 1930 2489 2116 2548; x_wconf 72' lang='grc' dir='ltr'>πλῆθος</span> 
     </span>
    </p>
   </div>
   <div class='ocr_carea' id='block_1_26' title="bbox 531 2579 2118 2669">
    <p class='ocr_par' dir='ltr' id='par_1_26' title="bbox 531 2579 2118 2669">
     <span class='ocr_line' id='line_1_26' title="bbox 531 2579 2118 2669; baseline -0.021 -6"><span class='ocrx_word' id='word_1_188' title='bbox 531 2602 749 2661; x_wconf 69' lang='grc' dir='ltr'>έᾰυτοὺς</span> <span class='ocrx_word' id='word_1_189' title='bbox 974 2597 1320 2669; x_wconf 71' lang='grc' dir='ltr'>συνὲσφιγγονο</span> <span class='ocrx_word' id='word_1_190' title='bbox 1368 2592 1499 2649; x_wconf 85' lang='grc' dir='ltr'>τινὲς</span> <span class='ocrx_word' id='word_1_191' title='bbox 1535 2585 1589 2641; x_wconf 76' lang='grc' dir='ltr'><strong>δέ</strong></span> <span class='ocrx_word' id='word_1_192' title='bbox 1637 2587 1688 2650; x_wconf 82' lang='grc' dir='ltr'>ἐξ</span> <span class='ocrx_word' id='word_1_193' title='bbox 1733 2583 1899 2637; x_wconf 86' lang='grc' dir='ltr'>αὐτῶν</span> <span class='ocrx_word' id='word_1_194' title='bbox 1942 2579 2118 2637; x_wconf 80' lang='grc' dir='ltr'>οἵτινες</span> 
     </span>
    </p>
   </div>
   <div class='ocr_carea' id='block_1_27' title="bbox 534 2673 2117 2761">
    <p class='ocr_par' dir='ltr' id='par_1_27' title="bbox 534 2673 2117 2761">
     <span class='ocr_line' id='line_1_27' title="bbox 534 2673 2117 2761; baseline -0.016 -15"><span class='ocrx_word' id='word_1_195' title='bbox 534 2688 569 2746; x_wconf 74' lang='grc' dir='ltr'><strong><em>ἒ</em></strong></span> <span class='ocrx_word' id='word_1_196' title='bbox 571 2694 641 2755; x_wconf 83' lang='grc' dir='ltr'>ξω</span> <span class='ocrx_word' id='word_1_197' title='bbox 665 2695 759 2744; x_wconf 89' lang='grc' dir='ltr'><strong>τοῦ</strong></span> <span class='ocrx_word' id='word_1_198' title='bbox 789 2690 1043 2761; x_wconf 82' lang='grc' dir='ltr'>ἱερατείου</span> <span class='ocrx_word' id='word_1_199' title='bbox 1074 2687 1303 2746; x_wconf 76' lang='grc' dir='ltr'>ἵσταντο,</span> <span class='ocrx_word' id='word_1_200' title='bbox 1343 2680 1519 2753; x_wconf 74' lang='grc' dir='ltr'>αἴφνης</span> <span class='ocrx_word' id='word_1_201' title='bbox 1546 2685 1731 2751; x_wconf 78' lang='grc' dir='ltr'>χοῖρον</span> <span class='ocrx_word' id='word_1_202' title='bbox 1771 2673 1820 2726; x_wconf 85' lang='grc' dir='ltr'><strong>ἐν</strong></span> <span class='ocrx_word' id='word_1_203' title='bbox 1846 2679 1951 2730; x_wconf 90' lang='grc' dir='ltr'>τοῖς</span> <span class='ocrx_word' id='word_1_204' title='bbox 1969 2673 2117 2723; x_wconf 87' lang='grc' dir='ltr'>ποσὶν</span> 
     </span>
    </p>
   </div>
   <div class='ocr_carea' id='block_1_28' title="bbox 533 2757 2120 2852">
    <p class='ocr_par' dir='ltr' id='par_1_28' title="bbox 533 2757 2120 2852">
     <span class='ocr_line' id='line_1_28' title="bbox 533 2757 2120 2852; baseline -0.013 -18"><span class='ocrx_word' id='word_1_205' title='bbox 533 2782 698 2834; x_wconf 88' lang='grc' dir='ltr'>αὐτῶν</span> <span class='ocrx_word' id='word_1_206' title='bbox 720 2776 815 2852; x_wconf 80' lang='grc' dir='ltr'>ᾦδε</span> <span class='ocrx_word' id='word_1_207' title='bbox 841 2780 1042 2851; x_wconf 79' lang='grc' dir='ltr'>κᾴκεῖσε</span> <span class='ocrx_word' id='word_1_208' title='bbox 1070 2777 1448 2851; x_wconf 77' lang='grc' dir='ltr'>περιτρέχοντα</span> <span class='ocrx_word' id='word_1_209' title='bbox 1476 2771 1704 2828; x_wconf 73' lang='grc' dir='ltr'>ἐνόησαν.</span> <span class='ocrx_word' id='word_1_210' title='bbox 1732 2776 1808 2819; x_wconf 84' lang='grc' dir='ltr'>Ἐν</span> <span class='ocrx_word' id='word_1_211' title='bbox 1835 2762 1943 2832; x_wconf 83' lang='grc' dir='ltr'><strong>ὅσῳ</strong></span> <span class='ocrx_word' id='word_1_212' title='bbox 1972 2760 2026 2815; x_wconf 77' lang='grc' dir='ltr'><strong>δὲ</strong></span> <span class='ocrx_word' id='word_1_213' title='bbox 2050 2757 2120 2819; x_wconf 79' lang='grc' dir='ltr'>εἷς</span> 
     </span>
    </p>
   </div>
   <div class='ocr_carea' id='block_1_29' title="bbox 533 2855 2117 2937">
    <p class='ocr_par' dir='ltr' id='par_1_29' title="bbox 533 2855 2117 2937">
     <span class='ocr_line' id='line_1_29' title="bbox 533 2855 2117 2937; baseline -0.015 -11"><span class='ocrx_word' id='word_1_214' title='bbox 533 2872 748 2930; x_wconf 80' lang='grc' dir='ltr'>ἕκαστος</span> <span class='ocrx_word' id='word_1_215' title='bbox 781 2871 806 2923; x_wconf 82' lang='grc' dir='ltr'><em>ὁ</em></span> <span class='ocrx_word' id='word_1_216' title='bbox 835 2872 1044 2933; x_wconf 77' lang='grc' dir='ltr'>νοήσας,</span> <span class='ocrx_word' id='word_1_217' title='bbox 1058 2875 1130 2937; x_wconf 85' lang='grc' dir='ltr'><strong>τῷ</strong></span> <span class='ocrx_word' id='word_1_218' title='bbox 1158 2866 1370 2922; x_wconf 81' lang='grc' dir='ltr'>πλησίον</span> <span class='ocrx_word' id='word_1_219' title='bbox 1395 2864 1553 2916; x_wconf 68' lang='grc' dir='ltr'>αὐτοῦ</span> <span class='ocrx_word' id='word_1_220' title='bbox 1578 2857 1828 2928; x_wconf 83' lang='grc' dir='ltr'>ἱσταμένῳ</span> <span class='ocrx_word' id='word_1_221' title='bbox 1850 2855 2117 2923; x_wconf 72' lang='grc' dir='ltr'>ἐμήνυσεν,</span> 
     </span>
    </p>
   </div>
   <div class='ocr_carea' id='block_1_30' title="bbox 536 2942 2122 3033">
    <p class='ocr_par' dir='ltr' id='par_1_30' title="bbox 536 2942 2122 3033">
     <span class='ocr_line' id='line_1_30' title="bbox 536 2942 2122 3033; baseline -0.013 -19"><span class='ocrx_word' id='word_1_222' title='bbox 536 2959 564 3014; x_wconf 83' lang='grc' dir='ltr'><strong>ὃ</strong></span> <span class='ocrx_word' id='word_1_223' title='bbox 589 2960 743 3020; x_wconf 84' lang='grc' dir='ltr'>αὐτὸς</span> <span class='ocrx_word' id='word_1_224' title='bbox 771 2966 955 3033; x_wconf 68' lang='grc' dir='ltr'>χοζοος</span> <span class='ocrx_word' id='word_1_225' title='bbox 974 2958 1065 3016; x_wconf 78' lang='grc' dir='ltr'><strong>τὰς</strong></span> <span class='ocrx_word' id='word_1_226' title='bbox 1089 2956 1242 3031; x_wconf 82' lang='grc' dir='ltr'>θύρας</span> <span class='ocrx_word' id='word_1_227' title='bbox 1262 2961 1354 3011; x_wconf 77' lang='grc' dir='ltr'>τῆς</span> <span class='ocrx_word' id='word_1_228' title='bbox 1377 2950 1647 3007; x_wconf 81' lang='grc' dir='ltr'>ἐκκλησίας</span> <span class='ocrx_word' id='word_1_229' title='bbox 1677 2945 1869 3009; x_wconf 79' lang='grc' dir='ltr'>ἐξῆλθεν</span> <span class='ocrx_word' id='word_1_230' title='bbox 1887 2985 1904 3006; x_wconf 86' lang='grc'><strong>,</strong></span> <span class='ocrx_word' id='word_1_231' title='bbox 1927 2942 2122 3001; x_wconf 79' lang='grc' dir='ltr'>πάντας</span> 
     </span>
    </p>
   </div>
   <div class='ocr_carea' id='block_1_31' title="bbox 534 3030 2120 3120">
    <p class='ocr_par' dir='ltr' id='par_1_31' title="bbox 534 3030 2120 3120">
     <span class='ocr_line' id='line_1_31' title="bbox 534 3030 2120 3120; baseline -0.013 -17"><span class='ocrx_word' id='word_1_232' title='bbox 534 3047 587 3103; x_wconf 80' lang='grc' dir='ltr'><strong>δὲ</strong></span> <span class='ocrx_word' id='word_1_233' title='bbox 609 3046 674 3103; x_wconf 80' lang='grc' dir='ltr'>δι’</span> <span class='ocrx_word' id='word_1_234' title='bbox 705 3043 771 3100; x_wconf 81' lang='grc' dir='ltr'>ὧν</span> <span class='ocrx_word' id='word_1_235' title='bbox 798 3045 1046 3120; x_wconf 79' lang='grc' dir='ltr'>παρῆλθεν</span> <span class='ocrx_word' id='word_1_236' title='bbox 1082 3044 1130 3097; x_wconf 79' lang='grc' dir='ltr'><strong>ἐν</strong></span> <span class='ocrx_word' id='word_1_237' title='bbox 1156 3030 1378 3111; x_wconf 79' lang='grc' dir='ltr'>θαύματι</span> <span class='ocrx_word' id='word_1_238' title='bbox 1418 3038 1757 3093; x_wconf 66' lang='grc' dir='ltr'>συνεκίνησεν·</span> <span class='ocrx_word' id='word_1_239' title='bbox 1806 3034 2033 3091; x_wconf 69' lang='grc' dir='ltr'>θεαθῆναι</span> <span class='ocrx_word' id='word_1_240' title='bbox 2066 3030 2120 3085; x_wconf 69' lang='grc' dir='ltr'><strong>δὲ</strong></span> 
     </span>
    </p>
   </div>
   <div class='ocr_carea' id='block_1_32' title="bbox 538 3122 2197 3211">
    <p class='ocr_par' dir='ltr' id='par_1_32' title="bbox 538 3122 2197 3211">
     <span class='ocr_line' id='line_1_32' title="bbox 538 3122 2197 3211; baseline -0.011 -18"><span class='ocrx_word' id='word_1_241' title='bbox 538 3137 773 3211; x_wconf 77' lang='grc' dir='ltr'>οὐδαμῶς</span> <span class='ocrx_word' id='word_1_242' title='bbox 801 3134 1043 3197; x_wconf 76' lang='grc' dir='ltr'>ἠδυνήθη,</span> <span class='ocrx_word' id='word_1_243' title='bbox 1077 3136 1122 3188; x_wconf 81' lang='grc' dir='ltr'>εἰ</span> <span class='ocrx_word' id='word_1_244' title='bbox 1168 3136 1250 3187; x_wconf 80' lang='grc' dir='ltr'><strong>καί</strong></span> <span class='ocrx_word' id='word_1_245' title='bbox 1292 3130 1459 3200; x_wconf 87' lang='grc' dir='ltr'>μόνον,</span> <span class='ocrx_word' id='word_1_246' title='bbox 1493 3130 1562 3186; x_wconf 86' lang='grc' dir='ltr'><strong>ὡς</strong></span> <span class='ocrx_word' id='word_1_247' title='bbox 1605 3123 1834 3196; x_wconf 82' lang='grc' dir='ltr'>εἴρηται,</span> <span class='ocrx_word' id='word_1_248' title='bbox 1882 3122 2119 3196; x_wconf 79' lang='grc' dir='ltr'>περιτρέ-</span> <span class='ocrx_word' id='word_1_249' title='bbox 2154 3147 2197 3208; x_wconf 81' lang='lat' dir='ltr'><strong>C</strong></span> 
     </span>
    </p>
   </div>
   <div class='ocr_carea' id='block_1_33' title="bbox 538 3214 2119 3302">
    <p class='ocr_par' dir='ltr' id='par_1_33' title="bbox 538 3214 2119 3302">
     <span class='ocr_line' id='line_1_33' title="bbox 538 3214 2119 3302; baseline -0.012 -18"><span class='ocrx_word' id='word_1_250' title='bbox 538 3251 703 3302; x_wconf 89' lang='grc' dir='ltr'>χοντα</span> <span class='ocrx_word' id='word_1_251' title='bbox 743 3232 924 3284; x_wconf 86' lang='grc' dir='ltr'>τοῦτον</span> <span class='ocrx_word' id='word_1_252' title='bbox 950 3226 1182 3282; x_wconf 77' lang='grc' dir='ltr'>ἐνόησαν.</span> <span class='ocrx_word' id='word_1_253' title='bbox 1215 3226 1375 3275; x_wconf 85' lang='grc' dir='ltr'>Τοῦτο</span> <span class='ocrx_word' id='word_1_254' title='bbox 1427 3217 1481 3273; x_wconf 86' lang='grc' dir='ltr'><strong>δέ</strong></span> <span class='ocrx_word' id='word_1_255' title='bbox 1512 3220 1542 3275; x_wconf 80' lang='grc' dir='ltr'><strong><em>ἠ</em></strong></span> <span class='ocrx_word' id='word_1_256' title='bbox 1574 3222 1664 3271; x_wconf 90' lang='grc' dir='ltr'><strong>τοῦ</strong></span> <span class='ocrx_word' id='word_1_257' title='bbox 1707 3221 1834 3269; x_wconf 78' lang='grc' dir='ltr'>Θεοῦ</span> <span class='ocrx_word' id='word_1_258' title='bbox 1861 3214 2119 3284; x_wconf 79' lang='grc' dir='ltr'>εὐσπλαγ-</span> 
     </span>
    </p>
   </div>
   <div class='ocr_carea' id='block_1_34' title="bbox 539 3301 2124 3391">
    <p class='ocr_par' dir='ltr' id='par_1_34' title="bbox 539 3301 2124 3391">
     <span class='ocr_line' id='line_1_34' title="bbox 539 3301 2124 3391; baseline -0.011 -18"><span class='ocrx_word' id='word_1_259' title='bbox 539 3324 665 3391; x_wconf 86' lang='grc' dir='ltr'>χνία</span> <span class='ocrx_word' id='word_1_260' title='bbox 713 3316 799 3373; x_wconf 80' lang='grc' dir='ltr'>διὰ</span> <span class='ocrx_word' id='word_1_261' title='bbox 853 3322 999 3371; x_wconf 82' lang='grc' dir='ltr'>τοῦτο</span> <span class='ocrx_word' id='word_1_262' title='bbox 1055 3311 1349 3376; x_wconf 80' lang='grc' dir='ltr'>ὑπέδειξεν,</span> <span class='ocrx_word' id='word_1_263' title='bbox 1404 3310 1488 3362; x_wconf 81' lang='grc' dir='ltr'>ἵνα</span> <span class='ocrx_word' id='word_1_264' title='bbox 1537 3311 1697 3362; x_wconf 80' lang='grc' dir='ltr'>πᾶσιν</span> <span class='ocrx_word' id='word_1_265' title='bbox 1739 3305 1997 3380; x_wconf 73' lang='grc' dir='ltr'>φανερωθῇ</span> <span class='ocrx_word' id='word_1_266' title='bbox 2046 3301 2124 3357; x_wconf 81' lang='grc' dir='ltr'>ὅτι</span> 
     </span>
    </p>
   </div>
   <div class='ocr_carea' id='block_1_35' title="bbox 537 3394 2119 3477">
    <p class='ocr_par' dir='ltr' id='par_1_35' title="bbox 537 3394 2119 3477">
     <span class='ocr_line' id='line_1_35' title="bbox 537 3394 2119 3477; baseline -0.01 -15"><span class='ocrx_word' id='word_1_267' title='bbox 537 3406 733 3463; x_wconf 79' lang='grc' dir='ltr'>ενοικῶν</span> <span class='ocrx_word' id='word_1_268' title='bbox 777 3407 827 3460; x_wconf 77' lang='grc' dir='ltr'><strong>ἐν</strong></span> <span class='ocrx_word' id='word_1_269' title='bbox 856 3407 997 3477; x_wconf 86' lang='grc' dir='ltr'>αὐτῷ</span> <span class='ocrx_word' id='word_1_270' title='bbox 1039 3412 1111 3474; x_wconf 86' lang='grc' dir='ltr'>τῷ</span> <span class='ocrx_word' id='word_1_271' title='bbox 1151 3402 1290 3473; x_wconf 86' lang='grc' dir='ltr'>τόπῳ</span> <span class='ocrx_word' id='word_1_272' title='bbox 1334 3399 1619 3470; x_wconf 81' lang='grc' dir='ltr'>ἀκάθαρτος</span> <span class='ocrx_word' id='word_1_273' title='bbox 1673 3394 1864 3467; x_wconf 74' lang='grc' dir='ltr'>δαίμων</span> <span class='ocrx_word' id='word_1_274' title='bbox 1906 3395 2119 3459; x_wconf 77' lang='grc' dir='ltr'>ἐξῆλθεν.</span> 
     </span>
    </p>
   </div>
   <div class='ocr_carea' id='block_1_36' title="bbox 541 3486 2126 3572">
    <p class='ocr_par' dir='ltr' id='par_1_36' title="bbox 541 3486 2126 3572">
     <span class='ocr_line' id='line_1_36' title="bbox 541 3486 2126 3572; baseline -0.01 -21"><span class='ocrx_word' id='word_1_275' title='bbox 541 3498 884 3572; x_wconf 82' lang='grc' dir='ltr'>Πληρωθείσης</span> <span class='ocrx_word' id='word_1_276' title='bbox 906 3490 992 3548; x_wconf 74' lang='grc' dir='ltr'><strong>οὖν</strong></span> <span class='ocrx_word' id='word_1_277' title='bbox 1012 3501 1104 3552; x_wconf 78' lang='grc' dir='ltr'>τῆς</span> <span class='ocrx_word' id='word_1_278' title='bbox 1131 3495 1273 3565; x_wconf 84' lang='grc' dir='ltr'>ἱερᾶς</span> <span class='ocrx_word' id='word_1_279' title='bbox 1300 3490 1613 3562; x_wconf 74' lang='grc' dir='ltr'>λειτουργίας</span> <span class='ocrx_word' id='word_1_280' title='bbox 1638 3487 1787 3556; x_wconf 77' lang='grc' dir='ltr'>ἡμεῖς</span> <span class='ocrx_word' id='word_1_281' title='bbox 1815 3492 1914 3540; x_wconf 86' lang='grc' dir='ltr'><strong>τῶν</strong></span> <span class='ocrx_word' id='word_1_282' title='bbox 1950 3486 2126 3540; x_wconf 80' lang='grc' dir='ltr'>αὐτόθι</span> 
     </span>
    </p>
   </div>
   <div class='ocr_carea' id='block_1_37' title="bbox 540 3577 2126 3658">
    <p class='ocr_par' dir='ltr' id='par_1_37' title="bbox 540 3577 2126 3658">
     <span class='ocr_line' id='line_1_37' title="bbox 540 3577 2126 3658; baseline -0.004 -19"><span class='ocrx_word' id='word_1_283' title='bbox 540 3588 965 3657; x_wconf 77' lang='grc' dir='ltr'>ἀνεχωρήσαμεν.</span> <span class='ocrx_word' id='word_1_284' title='bbox 991 3591 1063 3658; x_wconf 78' lang='grc' dir='ltr'><strong>Τῇ</strong></span> <span class='ocrx_word' id='word_1_285' title='bbox 1095 3581 1148 3637; x_wconf 81' lang='grc' dir='ltr'><strong>δὲ</strong></span> <span class='ocrx_word' id='word_1_286' title='bbox 1176 3584 1301 3651; x_wconf 77' lang='grc' dir='ltr'>αὐτῇ</span> <span class='ocrx_word' id='word_1_287' title='bbox 1344 3581 1488 3633; x_wconf 88' lang='grc' dir='ltr'>νυκτί</span> <span class='ocrx_word' id='word_1_288' title='bbox 1516 3579 1673 3650; x_wconf 81' lang='grc' dir='ltr'>μέγας</span> <span class='ocrx_word' id='word_1_289' title='bbox 1711 3577 1902 3636; x_wconf 84' lang='grc' dir='ltr'>κτύπος</span> <span class='ocrx_word' id='word_1_290' title='bbox 1932 3578 1981 3629; x_wconf 81' lang='grc' dir='ltr'><strong>ἐν</strong></span> <span class='ocrx_word' id='word_1_291' title='bbox 2019 3584 2126 3634; x_wconf 77' lang='grc' dir='ltr'>τοῖς</span> 
     </span>
    </p>
   </div>
   <div class='ocr_carea' id='block_1_38' title="bbox 545 3667 2128 3747">
    <p class='ocr_par' dir='ltr' id='par_1_38' title="bbox 545 3667 2128 3747">
     <span class='ocr_line' id='line_1_38' title="bbox 545 3667 2128 3747; baseline -0.004 -19"><span class='ocrx_word' id='word_1_292' title='bbox 545 3686 566 3712; x_wconf 72' lang='grc' dir='ltr'><strong>ε</strong></span> <span class='ocrx_word' id='word_1_293' title='bbox 600 3679 855 3747; x_wconf 79' lang='grc' dir='ltr'>κεραμίοις</span> <span class='ocrx_word' id='word_1_294' title='bbox 902 3683 992 3734; x_wconf 78' lang='grc' dir='ltr'>τῆς</span> <span class='ocrx_word' id='word_1_295' title='bbox 1039 3676 1197 3732; x_wconf 77' lang='grc' dir='ltr'>αὐτῆς</span> <span class='ocrx_word' id='word_1_296' title='bbox 1242 3672 1509 3731; x_wconf 82' lang='grc' dir='ltr'>ἐκκλησίας</span> <span class='ocrx_word' id='word_1_297' title='bbox 1541 3673 1761 3742; x_wconf 82' lang='grc' dir='ltr'>γέγονεν,</span> <span class='ocrx_word' id='word_1_298' title='bbox 1794 3672 1861 3731; x_wconf 83' lang='grc' dir='ltr'><strong>ὡς</strong></span> <span class='ocrx_word' id='word_1_299' title='bbox 1895 3667 1975 3725; x_wconf 79' lang='grc' dir='ltr'>ὅτι</span> <span class='ocrx_word' id='word_1_300' title='bbox 2000 3669 2128 3723; x_wconf 87' lang='grc' dir='ltr'>πλα-</span> 
     </span>
    </p>
   </div>
   <div class='ocr_carea' id='block_1_39' title="bbox 543 3758 2129 3837">
    <p class='ocr_par' dir='ltr' id='par_1_39' title="bbox 543 3758 2129 3837">
     <span class='ocr_line' id='line_1_39' title="bbox 543 3758 2129 3837; baseline -0.003 -20"><span class='ocrx_word' id='word_1_301' title='bbox 543 3765 760 3835; x_wconf 83' lang='grc' dir='ltr'>νῶμενός</span> <span class='ocrx_word' id='word_1_302' title='bbox 788 3784 866 3823; x_wconf 85' lang='grc' dir='ltr'><strong>τις</strong></span> <span class='ocrx_word' id='word_1_303' title='bbox 895 3766 944 3817; x_wconf 85' lang='grc' dir='ltr'><strong>ἐν</strong></span> <span class='ocrx_word' id='word_1_304' title='bbox 984 3764 1164 3821; x_wconf 84' lang='grc' dir='ltr'>αὐτοῖς</span> <span class='ocrx_word' id='word_1_305' title='bbox 1206 3760 1488 3837; x_wconf 77' lang='grc' dir='ltr'>διέτρεχεν.</span> <span class='ocrx_word' id='word_1_306' title='bbox 1534 3770 1609 3814; x_wconf 78' lang='grc' dir='ltr'><strong>Ἐν</strong></span> <span class='ocrx_word' id='word_1_307' title='bbox 1644 3758 1698 3814; x_wconf 73' lang='grc' dir='ltr'><strong>δὲ</strong></span> <span class='ocrx_word' id='word_1_308' title='bbox 1851 3759 2129 3832; x_wconf 67' lang='grc' dir='ltr'>ἐπελθούσῃ</span> 
     </span>
    </p>
   </div>
   <div class='ocr_carea' id='block_1_40' title="bbox 543 3848 2128 3929">
    <p class='ocr_par' dir='ltr' id='par_1_40' title="bbox 543 3848 2128 3929">
     <span class='ocr_line' id='line_1_40' title="bbox 543 3848 2128 3929; baseline -0.003 -22"><span class='ocrx_word' id='word_1_309' title='bbox 543 3859 685 3909; x_wconf 84' lang='grc' dir='ltr'>νυκτὶ</span> <span class='ocrx_word' id='word_1_310' title='bbox 712 3856 999 3928; x_wconf 83' lang='grc' dir='ltr'>βαρύτερος</span> <span class='ocrx_word' id='word_1_311' title='bbox 1028 3851 1163 3923; x_wconf 73' lang='grc' dir='ltr'>ἦχος</span> <span class='ocrx_word' id='word_1_312' title='bbox 1202 3853 1504 3917; x_wconf 79' lang='grc' dir='ltr'>ἐπηύξησεν.</span> <span class='ocrx_word' id='word_1_313' title='bbox 1551 3857 1786 3912; x_wconf 88' lang='grc' dir='ltr'>Τοιοῦτος</span> <span class='ocrx_word' id='word_1_314' title='bbox 1824 3854 1921 3929; x_wconf 77' lang='grc' dir='ltr'><strong>γὰρ</strong></span> <span class='ocrx_word' id='word_1_315' title='bbox 1954 3848 1977 3886; x_wconf 69' lang='grc' dir='ltr'>ἀ</span> <span class='ocrx_word' id='word_1_316' title='bbox 2010 3853 2128 3905; x_wconf 88' lang='grc' dir='ltr'>κτύ-</span> 
     </span>
    </p>
   </div>
   <div class='ocr_carea' id='block_1_41' title="bbox 544 3946 2130 4021">
    <p class='ocr_par' dir='ltr' id='par_1_41' title="bbox 544 3946 2130 4021">
     <span class='ocr_line' id='line_1_41' title="bbox 544 3946 2130 4021; baseline -0.003 -20"><span class='ocrx_word' id='word_1_317' title='bbox 544 3970 640 4010; x_wconf 85' lang='grc' dir='ltr'><strong>πος</strong></span> <span class='ocrx_word' id='word_1_318' title='bbox 665 3946 840 4020; x_wconf 79' lang='grc' dir='ltr'>αἴφνης</span> <span class='ocrx_word' id='word_1_319' title='bbox 868 3953 1089 4021; x_wconf 78' lang='grc' dir='ltr'>φανερῶς</span> <span class='ocrx_word' id='word_1_320' title='bbox 1117 3947 1308 4014; x_wconf 84' lang='grc' dir='ltr'>ἐγένετο</span> <span class='ocrx_word' id='word_1_321' title='bbox 1325 3986 1340 4009; x_wconf 88' lang='grc'><strong>,</strong></span> <span class='ocrx_word' id='word_1_322' title='bbox 1367 3949 1435 4005; x_wconf 86' lang='grc' dir='ltr'>ὡς</span> <span class='ocrx_word' id='word_1_323' title='bbox 1468 3946 1684 4014; x_wconf 79' lang='grc' dir='ltr'>νομίζειν</span> <span class='ocrx_word' id='word_1_324' title='bbox 1717 3950 1891 4000; x_wconf 85' lang='grc' dir='ltr'>πᾶσαν</span> <span class='ocrx_word' id='word_1_325' title='bbox 1920 3950 2010 4003; x_wconf 75' lang='grc' dir='ltr'>τήν</span> <span class='ocrx_word' id='word_1_326' title='bbox 2050 3946 2130 3998; x_wconf 82' lang='grc' dir='ltr'><strong>ἐκ-</strong></span> 
     </span>
    </p>
   </div>
   <div class='ocr_carea' id='block_1_42' title="bbox 544 4033 2131 4114">
    <p class='ocr_par' dir='ltr' id='par_1_42' title="bbox 544 4033 2131 4114">
     <span class='ocr_line' id='line_1_42' title="bbox 544 4033 2131 4114; baseline -0.004 -17"><span class='ocrx_word' id='word_1_327' title='bbox 544 4046 755 4104; x_wconf 87' lang='grc' dir='ltr'>κλησίαν</span> <span class='ocrx_word' id='word_1_328' title='bbox 790 4046 973 4102; x_wconf 79' lang='grc' dir='ltr'>ἐκείνην</span> <span class='ocrx_word' id='word_1_329' title='bbox 1011 4044 1064 4097; x_wconf 73' lang='grc' dir='ltr'>ἐκ</span> <span class='ocrx_word' id='word_1_330' title='bbox 1105 4041 1342 4111; x_wconf 81' lang='grc' dir='ltr'>θεμελίων</span> <span class='ocrx_word' id='word_1_331' title='bbox 1379 4036 1660 4114; x_wconf 80' lang='grc' dir='ltr'>ἐπεγεῖραι.</span> <span class='ocrx_word' id='word_1_332' title='bbox 1686 4033 1889 4092; x_wconf 74' lang='grc' dir='ltr'>Ἐκτοτε</span> <span class='ocrx_word' id='word_1_333' title='bbox 1919 4035 1973 4090; x_wconf 83' lang='grc' dir='ltr'><strong>δὲ</strong></span> <span class='ocrx_word' id='word_1_334' title='bbox 2014 4038 2131 4091; x_wconf 72' lang='grc' dir='ltr'><strong>ἀπέ-</strong></span> 
     </span>
    </p>
   </div>
   <div class='ocr_carea' id='block_1_43' title="bbox 545 4127 2129 4207">
    <p class='ocr_par' dir='ltr' id='par_1_43' title="bbox 545 4127 2129 4207">
     <span class='ocr_line' id='line_1_43' title="bbox 545 4127 2129 4207; baseline -0.009 -13"><span class='ocrx_word' id='word_1_335' title='bbox 545 4157 665 4205; x_wconf 74' lang='grc' dir='ltr'>εζτη,</span> <span class='ocrx_word' id='word_1_336' title='bbox 706 4137 792 4189; x_wconf 87' lang='grc' dir='ltr'><strong>καί</strong></span> <span class='ocrx_word' id='word_1_337' title='bbox 829 4133 1038 4207; x_wconf 78' lang='grc' dir='ltr'>οὐδεμία</span> <span class='ocrx_word' id='word_1_338' title='bbox 1063 4140 1154 4188; x_wconf 92' lang='grc' dir='ltr'><strong>τοῦ</strong></span> <span class='ocrx_word' id='word_1_339' title='bbox 1179 4133 1359 4187; x_wconf 86' lang='grc' dir='ltr'>λοιποῦ</span> <span class='ocrx_word' id='word_1_340' title='bbox 1384 4131 1742 4184; x_wconf 77' lang='grc' dir='ltr'>ἀκαταστασία</span> <span class='ocrx_word' id='word_1_341' title='bbox 1775 4134 1868 4183; x_wconf 91' lang='grc' dir='ltr'><strong>τοῦ</strong></span> <span class='ocrx_word' id='word_1_342' title='bbox 1898 4127 2129 4199; x_wconf 83' lang='grc' dir='ltr'>ἀρχαίου</span> 
     </span>
    </p>
   </div>
   <div class='ocr_carea' id='block_1_44' title="bbox 547 4218 2130 4301">
    <p class='ocr_par' dir='ltr' id='par_1_44' title="bbox 547 4218 2130 4301">
     <span class='ocr_line' id='line_1_44' title="bbox 547 4218 2130 4301; baseline -0.008 -19"><span class='ocrx_word' id='word_1_343' title='bbox 547 4225 891 4301; x_wconf 79' lang='grc' dir='ltr'>πολεμήτορος</span> <span class='ocrx_word' id='word_1_344' title='bbox 917 4226 1075 4279; x_wconf 83' lang='grc' dir='ltr'>ἐκεῖσε</span> <span class='ocrx_word' id='word_1_345' title='bbox 1106 4221 1279 4292; x_wconf 72' lang='grc' dir='ltr'>ἐφάνη.</span> <span class='ocrx_word' id='word_1_346' title='bbox 1312 4223 1400 4276; x_wconf 88' lang='grc' dir='ltr'>Διά</span> <span class='ocrx_word' id='word_1_347' title='bbox 1443 4220 1498 4275; x_wconf 82' lang='grc' dir='ltr'><strong>δέ</strong></span> <span class='ocrx_word' id='word_1_348' title='bbox 1537 4225 1627 4275; x_wconf 91' lang='grc' dir='ltr'><strong>τοῦ</strong></span> <span class='ocrx_word' id='word_1_349' title='bbox 1670 4220 1883 4292; x_wconf 72' lang='grc' dir='ltr'>φοϐεροῦ</span> <span class='ocrx_word' id='word_1_350' title='bbox 1925 4218 2130 4288; x_wconf 76' lang='grc' dir='ltr'>ἤχους,</span> 
     </span>
    </p>
   </div>
   <div class='ocr_carea' id='block_1_45' title="bbox 546 4306 2134 4389">
    <p class='ocr_par' dir='ltr' id='par_1_45' title="bbox 546 4306 2134 4389">
     <span class='ocr_line' id='line_1_45' title="bbox 546 4306 2134 4389; baseline -0.004 -22"><span class='ocrx_word' id='word_1_351' title='bbox 546 4310 707 4389; x_wconf 82' lang='grc' dir='ltr'>οὗπερ</span> <span class='ocrx_word' id='word_1_352' title='bbox 745 4316 998 4375; x_wconf 68' lang='grc' dir='ltr'>ἐποίησεν,</span> <span class='ocrx_word' id='word_1_353' title='bbox 1028 4311 1212 4377; x_wconf 71' lang='grc' dir='ltr'>ἔδειξεν</span> <span class='ocrx_word' id='word_1_354' title='bbox 1243 4319 1352 4371; x_wconf 88' lang='grc' dir='ltr'><strong>πῶς</strong></span> <span class='ocrx_word' id='word_1_355' title='bbox 1374 4306 1432 4363; x_wconf 76' lang='grc' dir='ltr'><strong>ἂν</strong></span> <span class='ocrx_word' id='word_1_356' title='bbox 1456 4308 1851 4381; x_wconf 83' lang='grc' dir='ltr'>ἀναγκαζόμενος</span> <span class='ocrx_word' id='word_1_357' title='bbox 1877 4308 1966 4381; x_wconf 77' lang='grc' dir='ltr'>βία</span> <span class='ocrx_word' id='word_1_358' title='bbox 1994 4308 2134 4371; x_wconf 77' lang='grc' dir='ltr'>ἐξηλ-</span> 
     </span>
    </p>
   </div>
   <div class='ocr_carea' id='block_1_46' title="bbox 550 4397 2133 4476">
    <p class='ocr_par' dir='ltr' id='par_1_46' title="bbox 550 4397 2133 4476">
     <span class='ocr_line' id='line_1_46' title="bbox 550 4397 2133 4476; baseline -0.006 -20"><span class='ocrx_word' id='word_1_359' title='bbox 550 4405 629 4457; x_wconf 82' lang='grc' dir='ltr'><strong>θεν</strong></span> <span class='ocrx_word' id='word_1_360' title='bbox 657 4405 710 4457; x_wconf 76' lang='grc' dir='ltr'><strong>ἐκ</strong></span> <span class='ocrx_word' id='word_1_361' title='bbox 731 4408 823 4459; x_wconf 91' lang='grc' dir='ltr'><strong>τοῦ</strong></span> <span class='ocrx_word' id='word_1_362' title='bbox 850 4403 1039 4467; x_wconf 87' lang='grc' dir='ltr'>τόπου,</span> <span class='ocrx_word' id='word_1_363' title='bbox 1070 4400 1224 4476; x_wconf 84' lang='grc' dir='ltr'>ὅνπερ</span> <span class='ocrx_word' id='word_1_364' title='bbox 1254 4401 1338 4454; x_wconf 85' lang='grc' dir='ltr'><strong>ἐπί</strong></span> <span class='ocrx_word' id='word_1_365' title='bbox 1366 4399 1490 4453; x_wconf 87' lang='grc' dir='ltr'><strong>πολύ</strong></span> <span class='ocrx_word' id='word_1_366' title='bbox 1528 4405 1787 4467; x_wconf 82' lang='grc' dir='ltr'>κατεῖχεν.</span> <span class='ocrx_word' id='word_1_367' title='bbox 1819 4397 1937 4451; x_wconf 81' lang='grc' dir='ltr'>Μετ’</span> <span class='ocrx_word' id='word_1_368' title='bbox 1966 4397 2133 4468; x_wconf 81' lang='grc' dir='ltr'>ὀλίγας</span> 
     </span>
    </p>
   </div>
   <div class='ocr_carea' id='block_1_47' title="bbox 546 4488 2214 4587">
    <p class='ocr_par' dir='ltr' id='par_1_47' title="bbox 546 4488 2214 4587">
     <span class='ocr_line' id='line_1_47' title="bbox 546 4488 2214 4587; baseline -0.003 -43"><span class='ocrx_word' id='word_1_369' title='bbox 546 4492 602 4548; x_wconf 80' lang='grc' dir='ltr'><strong>δὲ</strong></span> <span class='ocrx_word' id='word_1_370' title='bbox 633 4495 819 4567; x_wconf 79' lang='grc' dir='ltr'>ἡμέρας</span> <span class='ocrx_word' id='word_1_371' title='bbox 863 4494 911 4546; x_wconf 81' lang='grc' dir='ltr'><strong>ἐν</strong></span> <span class='ocrx_word' id='word_1_372' title='bbox 937 4491 959 4515; x_wconf 86' lang='grc'><strong><em>⁸</em></strong></span> <span class='ocrx_word' id='word_1_373' title='bbox 988 4493 1206 4564; x_wconf 80' lang='grc' dir='ltr'>μεγίστῃ</span> <span class='ocrx_word' id='word_1_374' title='bbox 1253 4488 1396 4563; x_wconf 80' lang='grc' dir='ltr'>εὐδίᾳ</span> <span class='ocrx_word' id='word_1_375' title='bbox 1447 4494 1540 4544; x_wconf 90' lang='grc' dir='ltr'><strong>τοῦ</strong></span> <span class='ocrx_word' id='word_1_376' title='bbox 1588 4488 1733 4559; x_wconf 78' lang='grc' dir='ltr'>ἀέρος</span> <span class='ocrx_word' id='word_1_377' title='bbox 1772 4488 2128 4559; x_wconf 78' lang='grc' dir='ltr'>ὑπάρχοντος,</span> <span class='ocrx_word' id='word_1_378' title='bbox 2164 4526 2214 4587; x_wconf 79' lang='lat' dir='ltr'><strong>D</strong></span> 
     </span>
    </p>
   </div>
   <div class='ocr_carea' id='block_1_48' title="bbox 548 4576 2135 4653">
    <p class='ocr_par' dir='ltr' id='par_1_48' title="bbox 548 4576 2135 4653">
     <span class='ocr_line' id='line_1_48' title="bbox 548 4576 2135 4653; baseline -0.006 -17"><span class='ocrx_word' id='word_1_379' title='bbox 548 4584 717 4638; x_wconf 80' lang='grc' dir='ltr'>ἐπάνω</span> <span class='ocrx_word' id='word_1_380' title='bbox 745 4590 831 4637; x_wconf 86' lang='grc' dir='ltr'><strong>τοῦ</strong></span> <span class='ocrx_word' id='word_1_381' title='bbox 861 4582 1228 4653; x_wconf 84' lang='grc' dir='ltr'>θυσιαστηρίου</span> <span class='ocrx_word' id='word_1_382' title='bbox 1257 4586 1348 4638; x_wconf 79' lang='grc' dir='ltr'>τῆς</span> <span class='ocrx_word' id='word_1_383' title='bbox 1369 4579 1523 4638; x_wconf 80' lang='grc' dir='ltr'>αὐτῆς</span> <span class='ocrx_word' id='word_1_384' title='bbox 1563 4576 1828 4635; x_wconf 79' lang='grc' dir='ltr'>ἐκκλησίας</span> <span class='ocrx_word' id='word_1_385' title='bbox 1857 4576 2025 4647; x_wconf 80' lang='grc' dir='ltr'>νεφέλη</span> <span class='ocrx_word' id='word_1_386' title='bbox 2049 4576 2135 4629; x_wconf 91' lang='grc' dir='ltr'>οὐ-</span> 
     </span>
    </p>
   </div>
   <div class='ocr_carea' id='block_1_49' title="bbox 548 4665 2136 4743">
    <p class='ocr_par' dir='ltr' id='par_1_49' title="bbox 548 4665 2136 4743">
     <span class='ocr_line' id='line_1_49' title="bbox 548 4665 2136 4743; baseline -0.003 -18"><span class='ocrx_word' id='word_1_387' title='bbox 548 4671 747 4743; x_wconf 85' lang='grc' dir='ltr'>ρανόθεν</span> <span class='ocrx_word' id='word_1_388' title='bbox 766 4671 1018 4735; x_wconf 80' lang='grc' dir='ltr'>κατῆλθεν,</span> <span class='ocrx_word' id='word_1_389' title='bbox 1047 4673 1134 4723; x_wconf 86' lang='grc' dir='ltr'><strong>καί</strong></span> <span class='ocrx_word' id='word_1_390' title='bbox 1173 4667 1279 4743; x_wconf 80' lang='grc' dir='ltr'>ἰδίᾳ</span> <span class='ocrx_word' id='word_1_391' title='bbox 1304 4665 1323 4704; x_wconf 68' lang='grc' dir='ltr'><strong>ί</strong></span> <span class='ocrx_word' id='word_1_392' title='bbox 1349 4671 1472 4742; x_wconf 80' lang='grc' dir='ltr'>σκιᾷ</span> <span class='ocrx_word' id='word_1_393' title='bbox 1498 4674 1651 4722; x_wconf 90' lang='grc' dir='ltr'>τοῦτο</span> <span class='ocrx_word' id='word_1_394' title='bbox 1693 4665 1928 4738; x_wconf 59' lang='grc' dir='ltr'>ἐκάλυψε.</span> <span class='ocrx_word' id='word_1_395' title='bbox 1962 4672 2136 4721; x_wconf 80' lang='grc' dir='ltr'>Πάσαν</span> 
     </span>
    </p>
   </div>
   <div class='ocr_carea' id='block_1_50' title="bbox 549 4756 2138 4831">
    <p class='ocr_par' dir='ltr' id='par_1_50' title="bbox 549 4756 2138 4831">
     <span class='ocr_line' id='line_1_50' title="bbox 549 4756 2138 4831; baseline -0.003 -14"><span class='ocrx_word' id='word_1_396' title='bbox 549 4760 603 4817; x_wconf 67' lang='grc' dir='ltr'><strong>δὲ</strong></span> <span class='ocrx_word' id='word_1_397' title='bbox 646 4769 738 4822; x_wconf 68' lang='grc' dir='ltr'>τήν</span> <span class='ocrx_word' id='word_1_398' title='bbox 790 4762 1059 4821; x_wconf 75' lang='grc' dir='ltr'>ἐκκλησίαν</span> <span class='ocrx_word' id='word_1_399' title='bbox 1100 4760 1331 4829; x_wconf 86' lang='grc' dir='ltr'>τοσούτῳ</span> <span class='ocrx_word' id='word_1_400' title='bbox 1377 4759 1514 4831; x_wconf 82' lang='grc' dir='ltr'>φόϐῳ</span> <span class='ocrx_word' id='word_1_401' title='bbox 1550 4761 1634 4813; x_wconf 81' lang='grc' dir='ltr'><strong>καί</strong></span> <span class='ocrx_word' id='word_1_402' title='bbox 1674 4756 1886 4818; x_wconf 78' lang='grc' dir='ltr'>όδύτητι</span> <span class='ocrx_word' id='word_1_403' title='bbox 1924 4758 2138 4820; x_wconf 88' lang='grc' dir='ltr'>εὐωδίας</span> 
     </span>
    </p>
   </div>
   <div class='ocr_carea' id='block_1_51' title="bbox 628 4919 1180 4981">
    <p class='ocr_par' dir='ltr' id='par_1_51' title="bbox 628 4919 1180 4981">
     <span class='ocr_line' id='line_1_51' title="bbox 628 4919 1180 4981; baseline -0.007 -5"><span class='ocrx_word' id='word_1_404' title='bbox 628 4928 655 4958; x_wconf 68' lang='grc'>⁸</span> <span class='ocrx_word' id='word_1_405' title='bbox 684 4919 806 4981; x_wconf 73' lang='grc' dir='ltr'>Με..</span> <span class='ocrx_word' id='word_1_406' title='bbox 838 4921 1180 4979; x_wconf 81' lang='grc' dir='ltr'>σϐεσθεὶσαις.</span> 
     </span>
    </p>
   </div>
   <div class='ocr_carea' id='block_1_52' title="bbox 624 4989 1203 5056">
    <p class='ocr_par' dir='ltr' id='par_1_52' title="bbox 624 4989 1203 5056">
     <span class='ocr_line' id='line_1_52' title="bbox 624 4989 1203 5056; baseline -0.005 -9"><span class='ocrx_word' id='word_1_407' title='bbox 624 4989 652 5030; x_wconf 74' lang='grc' dir='ltr'>δ</span> <span class='ocrx_word' id='word_1_408' title='bbox 683 4993 730 5047; x_wconf 86' lang='grc' dir='ltr'><em>Μ</em></span> <span class='ocrx_word' id='word_1_409' title='bbox 737 5006 809 5056; x_wconf 82' lang='lat'><strong>5.,</strong></span> <span class='ocrx_word' id='word_1_410' title='bbox 840 4993 1203 5046; x_wconf 87' lang='grc' dir='ltr'>κατατεθῶσιν.</span> 
     </span>
    </p>
   </div>
   <div class='ocr_carea' id='block_1_53' title="bbox 630 5062 1095 5133">
    <p class='ocr_par' dir='ltr' id='par_1_53' title="bbox 630 5062 1095 5133">
     <span class='ocr_line' id='line_1_53' title="bbox 630 5062 1095 5133; baseline -0.006 -16"><span class='ocrx_word' id='word_1_411' title='bbox 630 5073 651 5133; x_wconf 65' lang='grc' dir='ltr'><strong>(ξ</strong></span> <span class='ocrx_word' id='word_1_412' title='bbox 683 5062 805 5126; x_wconf 75' lang='lat' dir='ltr'><strong>M8.,</strong></span> <span class='ocrx_word' id='word_1_413' title='bbox 834 5064 1095 5133; x_wconf 73' lang='grc' dir='ltr'>κεράμοις.</span> 
     </span>
    </p>
   </div>
   <div class='ocr_carea' id='block_1_54' title="bbox 624 5128 1584 5207">
    <p class='ocr_par' dir='ltr' id='par_1_54' title="bbox 624 5128 1584 5207">
     <span class='ocr_line' id='line_1_54' title="bbox 624 5128 1584 5207; baseline -0.004 -21"><span class='ocrx_word' id='word_1_414' title='bbox 624 5128 654 5169; x_wconf 65' lang='grc' dir='ltr'><em>δ</em></span> <span class='ocrx_word' id='word_1_415' title='bbox 682 5133 805 5207; x_wconf 55' lang='lat' dir='ltr'><strong>bis,</strong></span> <span class='ocrx_word' id='word_1_416' title='bbox 836 5128 1028 5207; x_wconf 76' lang='grc' dir='ltr'>κτύπος</span> <span class='ocrx_word' id='word_1_417' title='bbox 1047 5132 1255 5207; x_wconf 78' lang='grc' dir='ltr'>φοϐερός</span> <span class='ocrx_word' id='word_1_418' title='bbox 1280 5130 1476 5203; x_wconf 69' lang='grc' dir='ltr'>ἐγένετο</span> <span class='ocrx_word' id='word_1_419' title='bbox 1496 5130 1584 5191; x_wconf 82' lang='grc' dir='ltr'><strong>ὡς.</strong></span> 
     </span>
    </p>
   </div>
   <div class='ocr_carea' id='block_1_55' title="bbox 633 5202 1092 5277">
    <p class='ocr_par' dir='ltr' id='par_1_55' title="bbox 633 5202 1092 5277">
     <span class='ocr_line' id='line_1_55' title="bbox 633 5202 1092 5277; baseline 0 -22"><span class='ocrx_word' id='word_1_420' title='bbox 633 5212 659 5277; x_wconf 59' lang='grc' dir='ltr'><strong>ξ</strong></span> <span class='ocrx_word' id='word_1_421' title='bbox 689 5202 810 5277; x_wconf 45' lang='lat' dir='ltr'><strong>bis”</strong></span> <span class='ocrx_word' id='word_1_422' title='bbox 832 5202 1092 5277; x_wconf 71' lang='grc' dir='ltr'>καλλίστη.</span> 
     </span>
    </p>
   </div>
   <div class='ocr_carea' id='block_1_56' title="bbox 635 5271 1547 5347">
    <p class='ocr_par' dir='ltr' id='par_1_56' title="bbox 635 5271 1547 5347">
     <span class='ocr_line' id='line_1_56' title="bbox 635 5271 1547 5347; baseline -0.007 -19"><span class='ocrx_word' id='word_1_423' title='bbox 635 5271 656 5310; x_wconf 70' lang='grc' dir='ltr'><strong>ί</strong></span> <span class='ocrx_word' id='word_1_424' title='bbox 680 5274 809 5347; x_wconf 51' lang='grc' dir='ltr'><strong>μὶ,</strong></span> <span class='ocrx_word' id='word_1_425' title='bbox 833 5276 1013 5347; x_wconf 74' lang='grc' dir='ltr'>σκέπῃ.</span> <span class='ocrx_word' id='word_1_426' title='bbox 1046 5271 1055 5277; x_wconf 58' lang='grc'><em>’</em></span> <span class='ocrx_word' id='word_1_427' title='bbox 1398 5341 1411 5347; x_wconf 82' lang='lat'><strong>_</strong></span> <span class='ocrx_word' id='word_1_428' title='bbox 1507 5310 1547 5347; x_wconf 74' lang='lat'><strong>_.</strong></span> 
     </span>
    </p>
   </div>
   <div class='ocr_carea' id='block_1_57' title="bbox 628 5336 2136 5423">
    <p class='ocr_par' dir='ltr' id='par_1_57' title="bbox 628 5336 2136 5423">
     <span class='ocr_line' id='line_1_57' title="bbox 628 5336 2136 5423; baseline -0.005 -27"><span class='ocrx_word' id='word_1_429' title='bbox 628 5350 654 5390; x_wconf 76' lang='grc' dir='ltr'><strong>ε</strong></span> <span class='ocrx_word' id='word_1_430' title='bbox 679 5342 755 5397; x_wconf 87' lang='lat' dir='ltr'><strong>De</strong></span> <span class='ocrx_word' id='word_1_431' title='bbox 780 5336 1004 5423; x_wconf 74' lang='lat' dir='ltr'><strong>ecclesia</strong></span> <span class='ocrx_word' id='word_1_432' title='bbox 1033 5351 1241 5423; x_wconf 57' lang='lat' dir='ltr'><strong>sancte</strong></span> <span class='ocrx_word' id='word_1_433' title='bbox 1259 5341 1490 5423; x_wconf 52' lang='lat' dir='ltr'><strong>Agathe:</strong></span> <span class='ocrx_word' id='word_1_434' title='bbox 1506 5339 1815 5423; x_wconf 43' lang='lat' dir='ltr'><strong>innSub‘ura,</strong></span> <span class='ocrx_word' id='word_1_435' title='bbox 1842 5336 2136 5423; x_wconf 63' lang='lat' dir='ltr'><strong>dequesu-</strong></span> 
     </span>
    </p>
   </div>
   <div class='ocr_carea' id='block_1_58' title="bbox 554 5407 2140 5480">
    <p class='ocr_par' dir='ltr' id='par_1_58' title="bbox 554 5407 2140 5480">
     <span class='ocr_line' id='line_1_58' title="bbox 554 5407 2140 5480; baseline -0.004 -12"><span class='ocrx_word' id='word_1_436' title='bbox 554 5414 703 5468; x_wconf 69' lang='lat' dir='ltr'><strong>bum:</strong></span> <span class='ocrx_word' id='word_1_437' title='bbox 750 5412 884 5475; x_wconf 89' lang='lat' dir='ltr'><strong>situ,</strong></span> <span class='ocrx_word' id='word_1_438' title='bbox 916 5414 1031 5480; x_wconf 70' lang='lat' dir='ltr'><strong>lege</strong></span> <span class='ocrx_word' id='word_1_439' title='bbox 1086 5413 1245 5468; x_wconf 83' lang='lat' dir='ltr'><strong>Diarii</strong></span> <span class='ocrx_word' id='word_1_440' title='bbox 1291 5407 1407 5467; x_wconf 73' lang='lat' dir='ltr'><strong>llal.</strong></span> <span class='ocrx_word' id='word_1_441' title='bbox 1451 5412 1516 5466; x_wconf 72' lang='grc' dir='ltr'><strong>ιι.</strong></span> <span class='ocrx_word' id='word_1_442' title='bbox 1562 5412 1623 5467; x_wconf 85' lang='grc' dir='ltr'><strong>Ρ.</strong></span> <span class='ocrx_word' id='word_1_443' title='bbox 1669 5410 1729 5464; x_wconf 92' lang='lat' dir='ltr'><strong>D.</strong></span> <span class='ocrx_word' id='word_1_444' title='bbox 1775 5407 2029 5464; x_wconf 85' lang='lat' dir='ltr'><strong>Bernardi</strong></span> <span class='ocrx_word' id='word_1_445' title='bbox 2073 5409 2140 5461; x_wconf 87' lang='lat' dir='ltr'><strong>de</strong></span> 
     </span>
    </p>
   </div>
   <div class='ocr_carea' id='block_1_59' title="bbox 560 5481 1300 5551">
    <p class='ocr_par' dir='ltr' id='par_1_59' title="bbox 560 5481 1300 5551">
     <span class='ocr_line' id='line_1_59' title="bbox 560 5481 1300 5551; baseline -0.004 -11"><span class='ocrx_word' id='word_1_446' title='bbox 560 5481 873 5540; x_wconf 72' lang='lat' dir='ltr'><strong>llont‘aucon</strong></span> <span class='ocrx_word' id='word_1_447' title='bbox 905 5498 935 5550; x_wconf 90' lang='lat' dir='ltr'><strong>p</strong></span> <span class='ocrx_word' id='word_1_448' title='bbox 980 5485 1075 5538; x_wconf 74' lang='grc'><strong>151</strong></span> <span class='ocrx_word' id='word_1_449' title='bbox 1105 5493 1159 5538; x_wconf 91' lang='lat' dir='ltr'><strong>et</strong></span> <span class='ocrx_word' id='word_1_450' title='bbox 1182 5498 1300 5551; x_wconf 85' lang='lat' dir='ltr'><strong>seq.</strong></span> 
     </span>
    </p>
   </div>
   <div class='ocr_carea' id='block_1_60' title="bbox 628 5550 2140 5621">
    <p class='ocr_par' dir='ltr' id='par_1_60' title="bbox 628 5550 2140 5621">
     <span class='ocr_line' id='line_1_60' title="bbox 628 5550 2140 5621; baseline -0.003 -16"><span class='ocrx_word' id='word_1_451' title='bbox 628 5552 653 5591; x_wconf 66' lang='grc' dir='ltr'>ιι</span> <span class='ocrx_word' id='word_1_452' title='bbox 689 5554 741 5606; x_wconf 91' lang='lat' dir='ltr'><strong>In</strong></span> <span class='ocrx_word' id='word_1_453' title='bbox 774 5554 872 5607; x_wconf 86' lang='lat' dir='ltr'><strong>Ed.</strong></span> <span class='ocrx_word' id='word_1_454' title='bbox 898 5553 1061 5609; x_wconf 88' lang='lat' dir='ltr'><strong>Gilot.</strong></span> <span class='ocrx_word' id='word_1_455' title='bbox 1085 5562 1139 5609; x_wconf 92' lang='lat' dir='ltr'><strong>et</strong></span> <span class='ocrx_word' id='word_1_456' title='bbox 1168 5550 1362 5617; x_wconf 82' lang='lat' dir='ltr'><strong>Vatic.,</strong></span> <span class='ocrx_word' id='word_1_457' title='bbox 1402 5551 1531 5605; x_wconf 81' lang='lat' dir='ltr'><strong>beati</strong></span> <span class='ocrx_word' id='word_1_458' title='bbox 1575 5550 1824 5621; x_wconf 81' lang='lat' dir='ltr'><strong>Stephani</strong></span> <span class='ocrx_word' id='word_1_459' title='bbox 1861 5558 1908 5601; x_wconf 82' lang='lat' dir='ltr'><strong>et</strong></span> <span class='ocrx_word' id='word_1_460' title='bbox 1950 5558 2140 5621; x_wconf 66' lang='lat' dir='ltr'><strong>sancta?</strong></span> 
     </span>
    </p>
   </div>
   <div class='ocr_carea' id='block_1_61' title="bbox 555 5618 2140 5690">
    <p class='ocr_par' dir='ltr' id='par_1_61' title="bbox 555 5618 2140 5690">
     <span class='ocr_line' id='line_1_61' title="bbox 555 5618 2140 5690; baseline -0.005 -11"><span class='ocrx_word' id='word_1_461' title='bbox 555 5626 797 5680; x_wconf 66' lang='lat' dir='ltr'><strong>Martium.</strong></span> <span class='ocrx_word' id='word_1_462' title='bbox 828 5625 881 5677; x_wconf 89' lang='lat' dir='ltr'><strong>In</strong></span> <span class='ocrx_word' id='word_1_463' title='bbox 912 5624 1078 5677; x_wconf 88' lang='lat' dir='ltr'><strong>Paris.</strong></span> <span class='ocrx_word' id='word_1_464' title='bbox 1114 5624 1271 5686; x_wconf 71' lang='grc'><strong>1640.</strong></span> <span class='ocrx_word' id='word_1_465' title='bbox 1296 5623 1427 5676; x_wconf 80' lang='lat' dir='ltr'><strong><em>beati</em></strong></span> <span class='ocrx_word' id='word_1_466' title='bbox 1459 5618 1705 5690; x_wconf 70' lang='lat' dir='ltr'><strong>Stephani</strong></span> <span class='ocrx_word' id='word_1_467' title='bbox 1731 5632 1774 5673; x_wconf 73' lang='lat' dir='ltr'><strong>rt</strong></span> <span class='ocrx_word' id='word_1_468' title='bbox 1807 5622 1967 5675; x_wconf 73' lang='lat' dir='ltr'><strong>sancti</strong></span> <span class='ocrx_word' id='word_1_469' title='bbox 2005 5618 2140 5673; x_wconf 80' lang='lat' dir='ltr'><strong>Mat-</strong></span> 
     </span>
    </p>
   </div>
   <div class='ocr_carea' id='block_1_62' title="bbox 555 5691 2139 5763">
    <p class='ocr_par' dir='ltr' id='par_1_62' title="bbox 555 5691 2139 5763">
     <span class='ocr_line' id='line_1_62' title="bbox 555 5691 2139 5763; baseline -0.003 -15"><span class='ocrx_word' id='word_1_470' title='bbox 555 5697 693 5749; x_wconf 75' lang='lat' dir='ltr'><strong>tluri.</strong></span> <span class='ocrx_word' id='word_1_471' title='bbox 737 5694 1023 5763; x_wconf 78' lang='lat' dir='ltr'><strong>Sequimur</strong></span> <span class='ocrx_word' id='word_1_472' title='bbox 1068 5693 1191 5747; x_wconf 78' lang='lat' dir='ltr'><strong>Mss.</strong></span> <span class='ocrx_word' id='word_1_473' title='bbox 1238 5693 1419 5759; x_wconf 82' lang='lat' dir='ltr'><strong>Angl.,</strong></span> <span class='ocrx_word' id='word_1_474' title='bbox 1460 5692 1668 5759; x_wconf 85' lang='lat' dir='ltr'><strong>Norm.,</strong></span> <span class='ocrx_word' id='word_1_475' title='bbox 1697 5702 1801 5748; x_wconf 85' lang='lat' dir='ltr'><strong>etc.</strong></span> <span class='ocrx_word' id='word_1_476' title='bbox 1829 5691 1975 5745; x_wconf 79' lang='lat' dir='ltr'><strong>&#39;Vide</strong></span> <span class='ocrx_word' id='word_1_477' title='bbox 2016 5691 2049 5745; x_wconf 91' lang='lat' dir='ltr'><strong>l.</strong></span> <span class='ocrx_word' id='word_1_478' title='bbox 2088 5706 2139 5744; x_wconf 83' lang='lat' dir='ltr'><strong>tv</strong></span> 
     </span>
    </p>
   </div>
   <div class='ocr_carea' id='block_1_63' title="bbox 552 5763 1363 5833">
    <p class='ocr_par' dir='ltr' id='par_1_63' title="bbox 552 5763 1363 5833">
     <span class='ocr_line' id='line_1_63' title="bbox 552 5763 1363 5833; baseline -0.005 -12"><span class='ocrx_word' id='word_1_479' title='bbox 552 5768 738 5833; x_wconf 72' lang='lat' dir='ltr'><strong>episL,</strong></span> <span class='ocrx_word' id='word_1_480' title='bbox 764 5764 949 5819; x_wconf 89' lang='lat' dir='ltr'><strong>indict.</strong></span> <span class='ocrx_word' id='word_1_481' title='bbox 978 5763 1043 5818; x_wconf 72' lang='lat'><strong>12</strong></span> <span class='ocrx_word' id='word_1_482' title='bbox 1108 5763 1268 5832; x_wconf 92' lang='lat' dir='ltr'><strong>epist.</strong></span> <span class='ocrx_word' id='word_1_483' title='bbox 1301 5763 1363 5817; x_wconf 83' lang='lat' dir='ltr'><strong>l9</strong></span> 
     </span>
    </p>
   </div>
   <div class='ocr_carea' id='block_1_64' title="bbox 1721 258 2574 348">
    <p class='ocr_par' dir='ltr' id='par_1_64' title="bbox 1721 258 2574 348">
     <span class='ocr_line' id='line_1_64' title="bbox 1721 258 2574 348; baseline -0.019 0"><span class='ocrx_word' id='word_1_484' title='bbox 1721 290 1959 348; x_wconf 68' lang='lat' dir='ltr'><strong>sarum</strong></span> <span class='ocrx_word' id='word_1_485' title='bbox 2002 258 2326 341; x_wconf 70' lang='lat' dir='ltr'><strong>etieconu</strong></span> <span class='ocrx_word' id='word_1_486' title='bbox 2367 278 2574 334; x_wconf 78' lang='lat' dir='ltr'><strong>MAGN</strong></span> 
     </span>
    </p>
   </div>
   <div class='ocr_carea' id='block_1_65' title="bbox 1903 383 3807 463">
    <p class='ocr_par' dir='ltr' id='par_1_65' title="bbox 1903 383 3807 463">
     <span class='ocr_line' id='line_1_65' title="bbox 1903 383 3807 463; baseline -0.019 -2"><span class='ocrx_word' id='word_1_487' title='bbox 1903 410 1987 460; x_wconf 90' lang='grc' dir='ltr'><strong>καί</strong></span> <span class='ocrx_word' id='word_1_488' title='bbox 2015 406 2099 459; x_wconf 83' lang='grc' dir='ltr'><strong>τόν</strong></span> <span class='ocrx_word' id='word_1_489' title='bbox 2131 410 2171 463; x_wconf 77' lang='grc' dir='ltr'>Α</span> <span class='ocrx_word' id='word_1_490' title='bbox 2207 397 2355 452; x_wconf 83' lang='lat' dir='ltr'><strong>Pauli</strong></span> <span class='ocrx_word' id='word_1_491' title='bbox 2396 396 2604 448; x_wconf 80' lang='lat' dir='ltr'><strong>fuerant</strong></span> <span class='ocrx_word' id='word_1_492' title='bbox 2646 389 2941 451; x_wconf 71' lang='lat' dir='ltr'><strong>exstinctae,</strong></span> <span class='ocrx_word' id='word_1_493' title='bbox 2972 399 3078 441; x_wconf 88' lang='lat' dir='ltr'><strong>uno</strong></span> <span class='ocrx_word' id='word_1_494' title='bbox 3123 383 3417 449; x_wconf 83' lang='lat' dir='ltr'><strong>eodemque</strong></span> <span class='ocrx_word' id='word_1_495' title='bbox 3460 385 3703 443; x_wconf 78' lang='lat' dir='ltr'><strong>tempore</strong></span> <span class='ocrx_word' id='word_1_496' title='bbox 3734 383 3807 426; x_wconf 80' lang='lat' dir='ltr'><strong>et</strong></span> 
     </span>
    </p>
   </div>
   <div class='ocr_carea' id='block_1_66' title="bbox 3682 258 3803 314">
    <p class='ocr_par' dir='ltr' id='par_1_66' title="bbox 3682 258 3803 314">
     <span class='ocr_line' id='line_1_66' title="bbox 3682 258 3803 314; baseline -0.017 -1"><span class='ocrx_word' id='word_1_497' title='bbox 3682 258 3803 314; x_wconf 71' lang='lat'><strong>288</strong></span> 
     </span>
    </p>
   </div>
   <div class='ocr_carea' id='block_1_67' title="bbox 2205 471 3802 558">
    <p class='ocr_par' dir='ltr' id='par_1_67' title="bbox 2205 471 3802 558">
     <span class='ocr_line' id='line_1_67' title="bbox 2205 471 3802 558; baseline -0.015 -15"><span class='ocrx_word' id='word_1_498' title='bbox 2205 490 2320 558; x_wconf 87' lang='lat' dir='ltr'><strong>ipse</strong></span> <span class='ocrx_word' id='word_1_499' title='bbox 2367 488 2546 542; x_wconf 83' lang='lat' dir='ltr'><strong>lumen</strong></span> <span class='ocrx_word' id='word_1_500' title='bbox 2604 482 2886 553; x_wconf 85' lang='lat' dir='ltr'><strong>perderet,</strong></span> <span class='ocrx_word' id='word_1_501' title='bbox 2930 486 2986 533; x_wconf 90' lang='lat' dir='ltr'><strong>et</strong></span> <span class='ocrx_word' id='word_1_502' title='bbox 3037 478 3090 531; x_wconf 90' lang='lat' dir='ltr'><strong>iu</strong></span> <span class='ocrx_word' id='word_1_503' title='bbox 3139 474 3420 531; x_wconf 72' lang='lat' dir='ltr'><strong>ecclesiam</strong></span> <span class='ocrx_word' id='word_1_504' title='bbox 3470 471 3650 524; x_wconf 88' lang='lat' dir='ltr'><strong>lumen</strong></span> <span class='ocrx_word' id='word_1_505' title='bbox 3695 482 3802 521; x_wconf 79' lang='lat' dir='ltr'><strong>re-</strong></span> 
     </span>
    </p>
   </div>
   <div class='ocr_carea' id='block_1_68' title="bbox 2202 581 2360 635">
    <p class='ocr_par' dir='ltr' id='par_1_68' title="bbox 2202 581 2360 635">
     <span class='ocr_line' id='line_1_68' title="bbox 2202 581 2360 635; baseline 0 0"><span class='ocrx_word' id='word_1_506' title='bbox 2202 581 2360 635; x_wconf 79' lang='lat' dir='ltr'><strong>diret.</strong></span> 
     </span>
    </p>
   </div>
   <div class='ocr_carea' id='block_1_69' title="bbox 2774 749 3213 809">
    <p class='ocr_par' dir='ltr' id='par_1_69' title="bbox 2774 749 3213 809">
     <span class='ocr_line' id='line_1_69' title="bbox 2774 749 3213 809; baseline -0.007 -1"><span class='ocrx_word' id='word_1_507' title='bbox 2774 752 3001 809; x_wconf 87' lang='lat' dir='ltr'><strong>CAPUT</strong></span> <span class='ocrx_word' id='word_1_508' title='bbox 3046 749 3213 806; x_wconf 79' lang='lat' dir='ltr'><strong>XXX.</strong></span> 
     </span>
    </p>
   </div>
   <div class='ocr_carea' id='block_1_70' title="bbox 2208 834 3807 913">
    <p class='ocr_par' dir='ltr' id='par_1_70' title="bbox 2208 834 3807 913">
     <span class='ocr_line' id='line_1_70' title="bbox 2208 834 3807 913; baseline -0.011 -9"><span class='ocrx_word' id='word_1_509' title='bbox 2208 850 2282 904; x_wconf 87' lang='lat' dir='ltr'><strong>De</strong></span> <span class='ocrx_word' id='word_1_510' title='bbox 2304 850 2615 903; x_wconf 71' lang='lat' dir='ltr'><strong>Arianorum</strong></span> <span class='ocrx_word' id='word_1_511' title='bbox 2642 846 2881 907; x_wconf 78' lang='lat' dir='ltr'><strong>ecclesia,</strong></span> <span class='ocrx_word' id='word_1_512' title='bbox 2910 859 3024 913; x_wconf 70' lang='lat' dir='ltr'><strong>quas</strong></span> <span class='ocrx_word' id='word_1_513' title='bbox 3050 843 3103 895; x_wconf 82' lang='lat' dir='ltr'><strong>in</strong></span> <span class='ocrx_word' id='word_1_514' title='bbox 3131 840 3367 895; x_wconf 86' lang='lat' dir='ltr'><strong>Romana</strong></span> <span class='ocrx_word' id='word_1_515' title='bbox 3392 838 3516 893; x_wconf 83' lang='lat' dir='ltr'><strong>urbe</strong></span> <span class='ocrx_word' id='word_1_516' title='bbox 3539 834 3807 890; x_wconf 79' lang='lat' dir='ltr'><strong>catholica</strong></span> 
     </span>
    </p>
   </div>
   <div class='ocr_carea' id='block_1_71' title="bbox 2614 913 3377 969">
    <p class='ocr_par' dir='ltr' id='par_1_71' title="bbox 2614 913 3377 969">
     <span class='ocr_line' id='line_1_71' title="bbox 2614 913 3377 969; baseline -0.008 0"><span class='ocrx_word' id='word_1_517' title='bbox 2614 915 2989 969; x_wconf 79' lang='lat' dir='ltr'><strong>consecratione</strong></span> <span class='ocrx_word' id='word_1_518' title='bbox 3020 913 3257 966; x_wconf 83' lang='lat' dir='ltr'><strong>dedicata</strong></span> <span class='ocrx_word' id='word_1_519' title='bbox 3284 920 3377 964; x_wconf 74' lang='lat' dir='ltr'><strong>est.</strong></span> 
     </span>
    </p>
   </div>
   <div class='ocr_carea' id='block_1_72' title="bbox 2276 997 3810 1080">
    <p class='ocr_par' dir='ltr' id='par_1_72' title="bbox 2276 997 3810 1080">
     <span class='ocr_line' id='line_1_72' title="bbox 2276 997 3810 1080; baseline -0.012 -13"><span class='ocrx_word' id='word_1_520' title='bbox 2276 1011 2383 1067; x_wconf 85' lang='lat' dir='ltr'><strong>Sed</strong></span> <span class='ocrx_word' id='word_1_521' title='bbox 2414 1024 2586 1080; x_wconf 84' lang='lat' dir='ltr'><strong>neque</strong></span> <span class='ocrx_word' id='word_1_522' title='bbox 2634 1008 2733 1062; x_wconf 84' lang='lat' dir='ltr'><strong>hoc</strong></span> <span class='ocrx_word' id='word_1_523' title='bbox 2764 1008 2953 1062; x_wconf 89' lang='lat' dir='ltr'><strong>sileam</strong></span> <span class='ocrx_word' id='word_1_524' title='bbox 2978 1050 2992 1073; x_wconf 94' lang='lat'><strong>,</strong></span> <span class='ocrx_word' id='word_1_525' title='bbox 3025 1004 3166 1075; x_wconf 89' lang='lat' dir='ltr'><strong>quod</strong></span> <span class='ocrx_word' id='word_1_526' title='bbox 3196 1004 3260 1058; x_wconf 92' lang='lat' dir='ltr'><strong>ad</strong></span> <span class='ocrx_word' id='word_1_527' title='bbox 3292 1000 3532 1072; x_wconf 86' lang='lat' dir='ltr'><strong>ejusdem</strong></span> <span class='ocrx_word' id='word_1_528' title='bbox 3581 997 3810 1052; x_wconf 64' lang='lat' dir='ltr'><strong>Arianae</strong></span> 
     </span>
    </p>
   </div>
   <div class='ocr_carea' id='block_1_73' title="bbox 2210 1087 3809 1159">
    <p class='ocr_par' dir='ltr' id='par_1_73' title="bbox 2210 1087 3809 1159">
     <span class='ocr_line' id='line_1_73' title="bbox 2210 1087 3809 1159; baseline -0.009 -7"><span class='ocrx_word' id='word_1_529' title='bbox 2210 1100 2477 1153; x_wconf 73' lang='lat' dir='ltr'><strong>limreseos</strong></span> <span class='ocrx_word' id='word_1_530' title='bbox 2529 1095 2925 1151; x_wconf 82' lang='lat' dir='ltr'><strong>damnationem</strong></span> <span class='ocrx_word' id='word_1_531' title='bbox 2976 1095 3028 1146; x_wconf 90' lang='lat' dir='ltr'><strong>in</strong></span> <span class='ocrx_word' id='word_1_532' title='bbox 3083 1094 3182 1145; x_wconf 91' lang='lat' dir='ltr'><strong>hac</strong></span> <span class='ocrx_word' id='word_1_533' title='bbox 3228 1104 3439 1159; x_wconf 88' lang='lat' dir='ltr'><strong>quoque</strong></span> <span class='ocrx_word' id='word_1_534' title='bbox 3488 1087 3620 1141; x_wconf 88' lang='lat' dir='ltr'><strong>urbe</strong></span> <span class='ocrx_word' id='word_1_535' title='bbox 3664 1093 3809 1138; x_wconf 84' lang='lat' dir='ltr'><strong>ante</strong></span> 
     </span>
    </p>
   </div>
   <div class='ocr_carea' id='block_1_74' title="bbox 2208 1178 3813 1258">
    <p class='ocr_par' dir='ltr' id='par_1_74' title="bbox 2208 1178 3813 1258">
     <span class='ocr_line' id='line_1_74' title="bbox 2208 1178 3813 1258; baseline -0.011 -13"><span class='ocrx_word' id='word_1_536' title='bbox 2208 1190 2476 1246; x_wconf 84' lang='lat' dir='ltr'><strong>biennium</strong></span> <span class='ocrx_word' id='word_1_537' title='bbox 2509 1188 2676 1258; x_wconf 89' lang='lat' dir='ltr'><strong>pietas</strong></span> <span class='ocrx_word' id='word_1_538' title='bbox 2703 1200 2933 1256; x_wconf 91' lang='lat' dir='ltr'><strong>superna</strong></span> <span class='ocrx_word' id='word_1_539' title='bbox 2981 1181 3320 1238; x_wconf 74' lang='lat' dir='ltr'><strong>monstravit.</strong></span> <span class='ocrx_word' id='word_1_540' title='bbox 3370 1182 3445 1234; x_wconf 79' lang='lat' dir='ltr'><strong>Ex</strong></span> <span class='ocrx_word' id='word_1_541' title='bbox 3485 1178 3569 1232; x_wconf 86' lang='lat' dir='ltr'><strong>bis</strong></span> <span class='ocrx_word' id='word_1_542' title='bbox 3595 1178 3813 1247; x_wconf 83' lang='lat' dir='ltr'><strong>quippe</strong></span> 
     </span>
    </p>
   </div>
   <div class='ocr_carea' id='block_1_75' title="bbox 2207 1267 3813 1351">
    <p class='ocr_par' dir='ltr' id='par_1_75' title="bbox 2207 1267 3813 1351">
     <span class='ocr_line' id='line_1_75' title="bbox 2207 1267 3813 1351; baseline -0.009 -17"><span class='ocrx_word' id='word_1_543' title='bbox 2207 1297 2323 1351; x_wconf 71' lang='lat' dir='ltr'><strong>quae</strong></span> <span class='ocrx_word' id='word_1_544' title='bbox 2355 1295 2512 1334; x_wconf 89' lang='lat' dir='ltr'><strong>narro</strong></span> <span class='ocrx_word' id='word_1_545' title='bbox 2536 1279 2635 1333; x_wconf 88' lang='lat' dir='ltr'><strong>alia</strong></span> <span class='ocrx_word' id='word_1_546' title='bbox 2667 1278 2894 1347; x_wconf 83' lang='lat' dir='ltr'><strong>populus</strong></span> <span class='ocrx_word' id='word_1_547' title='bbox 2923 1275 3166 1345; x_wconf 79' lang='lat' dir='ltr'><strong>agnovit,</strong></span> <span class='ocrx_word' id='word_1_548' title='bbox 3200 1272 3298 1325; x_wconf 87' lang='lat' dir='ltr'><strong>alia</strong></span> <span class='ocrx_word' id='word_1_549' title='bbox 3335 1281 3509 1324; x_wconf 89' lang='lat' dir='ltr'><strong>autem</strong></span> <span class='ocrx_word' id='word_1_550' title='bbox 3540 1267 3813 1323; x_wconf 77' lang='lat' dir='ltr'><strong>sacerdos</strong></span> 
     </span>
    </p>
   </div>
   <div class='ocr_carea' id='block_1_76' title="bbox 2199 1362 3808 1427">
    <p class='ocr_par' dir='ltr' id='par_1_76' title="bbox 2199 1362 3808 1427">
     <span class='ocr_line' id='line_1_76' title="bbox 2199 1362 3808 1427; baseline -0.011 0"><span class='ocrx_word' id='word_1_551' title='bbox 2199 1368 2262 1427; x_wconf 70' lang='lat' dir='ltr'><strong>et</strong></span> <span class='ocrx_word' id='word_1_552' title='bbox 2289 1370 2538 1426; x_wconf 74' lang='lat' dir='ltr'><strong>custodes</strong></span> <span class='ocrx_word' id='word_1_553' title='bbox 2569 1369 2825 1423; x_wconf 78' lang='lat' dir='ltr'><strong>Ecclesiae</strong></span> <span class='ocrx_word' id='word_1_554' title='bbox 2849 1382 2908 1422; x_wconf 88' lang='lat' dir='ltr'><strong>se</strong></span> <span class='ocrx_word' id='word_1_555' title='bbox 2940 1365 3153 1419; x_wconf 87' lang='lat' dir='ltr'><strong>audisse</strong></span> <span class='ocrx_word' id='word_1_556' title='bbox 3186 1373 3237 1418; x_wconf 91' lang='lat' dir='ltr'><strong>et</strong></span> <span class='ocrx_word' id='word_1_557' title='bbox 3266 1362 3463 1417; x_wconf 84' lang='lat' dir='ltr'><strong>vidisse</strong></span> <span class='ocrx_word' id='word_1_558' title='bbox 3504 1370 3808 1415; x_wconf 88' lang='lat' dir='ltr'><strong>testantur.</strong></span> 
     </span>
    </p>
   </div>
   <div class='ocr_carea' id='block_1_77' title="bbox 2209 1450 3812 1526">
    <p class='ocr_par' dir='ltr' id='par_1_77' title="bbox 2209 1450 3812 1526">
     <span class='ocr_line' id='line_1_77' title="bbox 2209 1450 3812 1526; baseline -0.009 -9"><span class='ocrx_word' id='word_1_559' title='bbox 2209 1463 2525 1517; x_wconf 78' lang='lat' dir='ltr'><strong>Arianorum</strong></span> <span class='ocrx_word' id='word_1_560' title='bbox 2552 1460 2773 1515; x_wconf 78' lang='lat' dir='ltr'><strong>ecclesia</strong></span> <span class='ocrx_word' id='word_1_561' title='bbox 2805 1459 2855 1511; x_wconf 92' lang='lat' dir='ltr'><strong>in</strong></span> <span class='ocrx_word' id='word_1_562' title='bbox 2889 1457 3105 1526; x_wconf 82' lang='lat' dir='ltr'><strong>regione</strong></span> <span class='ocrx_word' id='word_1_563' title='bbox 3134 1454 3279 1507; x_wconf 81' lang='lat' dir='ltr'><strong>urbis</strong></span> <span class='ocrx_word' id='word_1_564' title='bbox 3309 1453 3464 1521; x_wconf 87' lang='lat' dir='ltr'><strong>hujus</strong></span> <span class='ocrx_word' id='word_1_565' title='bbox 3493 1461 3517 1498; x_wconf 75' lang='grc' dir='ltr'><strong>ε</strong></span> <span class='ocrx_word' id='word_1_566' title='bbox 3544 1465 3663 1520; x_wconf 64' lang='lat' dir='ltr'><strong>qua:</strong></span> <span class='ocrx_word' id='word_1_567' title='bbox 3694 1450 3812 1503; x_wconf 85' lang='lat' dir='ltr'><strong>Su-</strong></span> 
     </span>
    </p>
   </div>
   <div class='ocr_carea' id='block_1_78' title="bbox 2210 1542 3813 1621">
    <p class='ocr_par' dir='ltr' id='par_1_78' title="bbox 2210 1542 3813 1621">
     <span class='ocr_line' id='line_1_78' title="bbox 2210 1542 3813 1621; baseline -0.01 -14"><span class='ocrx_word' id='word_1_568' title='bbox 2210 1555 2340 1608; x_wconf 85' lang='lat' dir='ltr'><strong>bura</strong></span> <span class='ocrx_word' id='word_1_569' title='bbox 2390 1553 2589 1605; x_wconf 85' lang='lat' dir='ltr'><strong>dicitur</strong></span> <span class='ocrx_word' id='word_1_570' title='bbox 2638 1549 2739 1621; x_wconf 86' lang='lat' dir='ltr'><strong>(De</strong></span> <span class='ocrx_word' id='word_1_571' title='bbox 2772 1549 3090 1612; x_wconf 57' lang='lat' dir='ltr'><strong>Consecrat,</strong></span> <span class='ocrx_word' id='word_1_572' title='bbox 3122 1547 3243 1598; x_wconf 77' lang='lat' dir='ltr'><strong>dist.</strong></span> <span class='ocrx_word' id='word_1_573' title='bbox 3273 1547 3325 1609; x_wconf 83' lang='grc'>1,</span> <span class='ocrx_word' id='word_1_574' title='bbox 3357 1560 3401 1598; x_wconf 92' lang='lat' dir='ltr'><strong>c.</strong></span> <span class='ocrx_word' id='word_1_575' title='bbox 3432 1542 3501 1594; x_wconf 71' lang='lat'><strong>‘22</strong></span> <span class='ocrx_word' id='word_1_576' title='bbox 3524 1584 3537 1607; x_wconf 92' lang='lat'><strong>,</strong></span> <span class='ocrx_word' id='word_1_577' title='bbox 3570 1543 3813 1595; x_wconf 82' lang='lat' dir='ltr'><strong>Ariano-</strong></span> 
     </span>
    </p>
   </div>
   <div class='ocr_carea' id='block_1_79' title="bbox 2210 1633 3812 1712">
    <p class='ocr_par' dir='ltr' id='par_1_79' title="bbox 2210 1633 3812 1712">
     <span class='ocr_line' id='line_1_79' title="bbox 2210 1633 3812 1712; baseline -0.008 -16"><span class='ocrx_word' id='word_1_578' title='bbox 2210 1640 2367 1712; x_wconf 86' lang='lat' dir='ltr'><strong>rum),</strong></span> <span class='ocrx_word' id='word_1_579' title='bbox 2398 1657 2516 1696; x_wconf 90' lang='lat' dir='ltr'><strong>cum</strong></span> <span class='ocrx_word' id='word_1_580' title='bbox 2545 1641 2723 1694; x_wconf 78' lang='lat' dir='ltr'><strong>clausa</strong></span> <span class='ocrx_word' id='word_1_581' title='bbox 2754 1654 2919 1708; x_wconf 56' lang='lat' dir='ltr'><strong>usque</strong></span> <span class='ocrx_word' id='word_1_582' title='bbox 2949 1648 3072 1691; x_wconf 85' lang='lat' dir='ltr'><strong>ante</strong></span> <span class='ocrx_word' id='word_1_583' title='bbox 3106 1637 3376 1690; x_wconf 88' lang='lat' dir='ltr'><strong>biennium</strong></span> <span class='ocrx_word' id='word_1_584' title='bbox 3410 1633 3771 1688; x_wconf 72' lang='lat' dir='ltr'><strong>remansisset</strong></span> <span class='ocrx_word' id='word_1_585' title='bbox 3792 1670 3812 1695; x_wconf 91' lang='lat'><strong>,</strong></span> 
     </span>
    </p>
   </div>
   <div class='ocr_carea' id='block_1_80' title="bbox 2165 1721 3813 1837">
    <p class='ocr_par' dir='ltr' id='par_1_80' title="bbox 2165 1721 3813 1837">
     <span class='ocr_line' id='line_1_80' title="bbox 2165 1721 3813 1837; baseline -0.008 -50"><span class='ocrx_word' id='word_1_586' title='bbox 2165 1790 2182 1837; x_wconf 58' lang='grc' dir='ltr'>ι</span> <span class='ocrx_word' id='word_1_587' title='bbox 2214 1735 2413 1803; x_wconf 88' lang='lat' dir='ltr'><strong>placuit</strong></span> <span class='ocrx_word' id='word_1_588' title='bbox 2442 1741 2498 1786; x_wconf 92' lang='lat' dir='ltr'><strong>ut</strong></span> <span class='ocrx_word' id='word_1_589' title='bbox 2538 1733 2589 1785; x_wconf 91' lang='lat' dir='ltr'><strong>in</strong></span> <span class='ocrx_word' id='word_1_590' title='bbox 2635 1732 2738 1785; x_wconf 82' lang='lat' dir='ltr'><strong>ltde</strong></span> <span class='ocrx_word' id='word_1_591' title='bbox 2780 1730 3063 1790; x_wconf 77' lang='lat' dir='ltr'><strong>catholica,</strong></span> <span class='ocrx_word' id='word_1_592' title='bbox 3100 1726 3412 1781; x_wconf 84' lang='lat' dir='ltr'><strong>introductis</strong></span> <span class='ocrx_word' id='word_1_593' title='bbox 3454 1725 3561 1779; x_wconf 89' lang='lat' dir='ltr'><strong>illic</strong></span> <span class='ocrx_word' id='word_1_594' title='bbox 3590 1721 3617 1758; x_wconf 68' lang='grc' dir='ltr'>δ</span> <span class='ocrx_word' id='word_1_595' title='bbox 3649 1724 3813 1776; x_wconf 79' lang='lat' dir='ltr'><strong>beati</strong></span> 
     </span>
    </p>
   </div>
   <div class='ocr_carea' id='block_1_81' title="bbox 2213 1816 3810 1892">
    <p class='ocr_par' dir='ltr' id='par_1_81' title="bbox 2213 1816 3810 1892">
     <span class='ocr_line' id='line_1_81' title="bbox 2213 1816 3810 1892; baseline -0.008 -11"><span class='ocrx_word' id='word_1_596' title='bbox 2213 1825 2513 1881; x_wconf 84' lang='lat' dir='ltr'><strong>SebaStiani</strong></span> <span class='ocrx_word' id='word_1_597' title='bbox 2559 1834 2612 1880; x_wconf 78' lang='lat' dir='ltr'><strong>et</strong></span> <span class='ocrx_word' id='word_1_598' title='bbox 2658 1832 2859 1877; x_wconf 81' lang='lat' dir='ltr'><strong>sanctae</strong></span> <span class='ocrx_word' id='word_1_599' title='bbox 2907 1822 3135 1892; x_wconf 64' lang='lat' dir='ltr'><strong>Agathe:</strong></span> <span class='ocrx_word' id='word_1_600' title='bbox 3188 1832 3480 1890; x_wconf 81' lang='lat' dir='ltr'><strong>martyrum</strong></span> <span class='ocrx_word' id='word_1_601' title='bbox 3531 1816 3810 1885; x_wconf 83' lang='lat' dir='ltr'><strong>reliquiis,</strong></span> 
     </span>
    </p>
   </div>
   <div class='ocr_carea' id='block_1_82' title="bbox 2212 1912 3812 1984">
    <p class='ocr_par' dir='ltr' id='par_1_82' title="bbox 2212 1912 3812 1984">
     <span class='ocr_line' id='line_1_82' title="bbox 2212 1912 3812 1984; baseline -0.009 -11"><span class='ocrx_word' id='word_1_602' title='bbox 2212 1918 2446 1974; x_wconf 88' lang='lat' dir='ltr'><strong>dedicari</strong></span> <span class='ocrx_word' id='word_1_603' title='bbox 2469 1917 2771 1981; x_wconf 87' lang='lat' dir='ltr'><strong>debuisset;</strong></span> <span class='ocrx_word' id='word_1_604' title='bbox 2796 1914 2935 1984; x_wconf 91' lang='lat' dir='ltr'><strong>quod</strong></span> <span class='ocrx_word' id='word_1_605' title='bbox 2964 1914 3157 1967; x_wconf 82' lang='lat' dir='ltr'><strong>factum</strong></span> <span class='ocrx_word' id='word_1_606' title='bbox 3182 1926 3283 1967; x_wconf 87' lang='lat' dir='ltr'><strong>est.</strong></span> <span class='ocrx_word' id='word_1_607' title='bbox 3305 1912 3433 1966; x_wconf 86' lang='lat' dir='ltr'><strong>Nam</strong></span> <span class='ocrx_word' id='word_1_608' title='bbox 3457 1926 3576 1963; x_wconf 89' lang='lat' dir='ltr'><strong>cum</strong></span> <span class='ocrx_word' id='word_1_609' title='bbox 3604 1921 3812 1976; x_wconf 85' lang='lat' dir='ltr'><strong>magna</strong></span> 
     </span>
    </p>
   </div>
   <div class='ocr_carea' id='block_1_83' title="bbox 2215 1998 3813 2079">
    <p class='ocr_par' dir='ltr' id='par_1_83' title="bbox 2215 1998 3813 2079">
     <span class='ocr_line' id='line_1_83' title="bbox 2215 1998 3813 2079; baseline -0.009 -16"><span class='ocrx_word' id='word_1_610' title='bbox 2215 2010 2395 2079; x_wconf 83' lang='lat' dir='ltr'><strong>pepuli</strong></span> <span class='ocrx_word' id='word_1_611' title='bbox 2429 2006 2770 2062; x_wconf 88' lang='lat' dir='ltr'><strong>multitudine</strong></span> <span class='ocrx_word' id='word_1_612' title='bbox 2798 2005 3090 2070; x_wconf 71' lang='lat' dir='ltr'><strong>venientes,</strong></span> <span class='ocrx_word' id='word_1_613' title='bbox 3124 2012 3282 2072; x_wconf 89' lang='lat' dir='ltr'><strong>atque</strong></span> <span class='ocrx_word' id='word_1_614' title='bbox 3311 2000 3660 2067; x_wconf 67' lang='lat' dir='ltr'><strong>omnipotenti</strong></span> <span class='ocrx_word' id='word_1_615' title='bbox 3696 1998 3813 2051; x_wconf 86' lang='lat' dir='ltr'><strong>Do-</strong></span> 
     </span>
    </p>
   </div>
   <div class='ocr_carea' id='block_1_84' title="bbox 2215 2087 3811 2161">
    <p class='ocr_par' dir='ltr' id='par_1_84' title="bbox 2215 2087 3811 2161">
     <span class='ocr_line' id='line_1_84' title="bbox 2215 2087 3811 2161; baseline -0.01 -7"><span class='ocrx_word' id='word_1_616' title='bbox 2215 2104 2357 2155; x_wconf 86' lang='lat' dir='ltr'><strong>mino</strong></span> <span class='ocrx_word' id='word_1_617' title='bbox 2398 2099 2579 2153; x_wconf 77' lang='lat' dir='ltr'><strong>laudes</strong></span> <span class='ocrx_word' id='word_1_618' title='bbox 2618 2104 2891 2161; x_wconf 88' lang='lat' dir='ltr'><strong>canentes,</strong></span> <span class='ocrx_word' id='word_1_619' title='bbox 2925 2094 3168 2149; x_wconf 84' lang='lat' dir='ltr'><strong>eamdem</strong></span> <span class='ocrx_word' id='word_1_620' title='bbox 3216 2093 3511 2146; x_wconf 83' lang='lat' dir='ltr'><strong>Ecclesiam</strong></span> <span class='ocrx_word' id='word_1_621' title='bbox 3564 2087 3811 2157; x_wconf 81' lang='lat' dir='ltr'><strong>ingressi</strong></span> 
     </span>
    </p>
   </div>
   <div class='ocr_carea' id='block_1_85' title="bbox 2216 2177 3816 2257">
    <p class='ocr_par' dir='ltr' id='par_1_85' title="bbox 2216 2177 3816 2257">
     <span class='ocr_line' id='line_1_85' title="bbox 2216 2177 3816 2257; baseline -0.01 -12"><span class='ocrx_word' id='word_1_622' title='bbox 2216 2205 2420 2245; x_wconf 80' lang='lat' dir='ltr'><strong>Sumus.</strong></span> <span class='ocrx_word' id='word_1_623' title='bbox 2456 2190 2697 2257; x_wconf 80' lang='lat' dir='ltr'><strong>Cumque</strong></span> <span class='ocrx_word' id='word_1_624' title='bbox 2726 2187 2778 2241; x_wconf 90' lang='lat' dir='ltr'><strong>in</strong></span> <span class='ocrx_word' id='word_1_625' title='bbox 2811 2202 2871 2239; x_wconf 90' lang='lat' dir='ltr'><strong>ea</strong></span> <span class='ocrx_word' id='word_1_626' title='bbox 2898 2184 3008 2253; x_wconf 90' lang='lat' dir='ltr'><strong>jam</strong></span> <span class='ocrx_word' id='word_1_627' title='bbox 3043 2185 3324 2237; x_wconf 86' lang='lat' dir='ltr'><strong>missarum</strong></span> <span class='ocrx_word' id='word_1_628' title='bbox 3357 2180 3615 2235; x_wconf 85' lang='lat' dir='ltr'><strong>solemnia</strong></span> <span class='ocrx_word' id='word_1_629' title='bbox 3661 2177 3816 2231; x_wconf 87' lang='lat' dir='ltr'><strong>cele-</strong></span> 
     </span>
    </p>
   </div>
   <div class='ocr_carea' id='block_1_86' title="bbox 2215 2269 3815 2350">
    <p class='ocr_par' dir='ltr' id='par_1_86' title="bbox 2215 2269 3815 2350">
     <span class='ocr_line' id='line_1_86' title="bbox 2215 2269 3815 2350; baseline -0.009 -14"><span class='ocrx_word' id='word_1_630' title='bbox 2215 2283 2517 2343; x_wconf 81' lang='lat' dir='ltr'><strong>brarentur,</strong></span> <span class='ocrx_word' id='word_1_631' title='bbox 2544 2278 2706 2350; x_wconf 64' lang='lat' dir='ltr'><strong>3M</strong></span> <span class='ocrx_word' id='word_1_632' title='bbox 2732 2291 2782 2332; x_wconf 92' lang='lat' dir='ltr'><strong>et</strong></span> <span class='ocrx_word' id='word_1_633' title='bbox 2815 2293 2921 2347; x_wconf 69' lang='lat' dir='ltr'><strong>pra:</strong></span> <span class='ocrx_word' id='word_1_634' title='bbox 2946 2276 3193 2345; x_wconf 88' lang='lat' dir='ltr'><strong>ejusdem</strong></span> <span class='ocrx_word' id='word_1_635' title='bbox 3228 2275 3325 2328; x_wconf 91' lang='lat' dir='ltr'><strong>loci</strong></span> <span class='ocrx_word' id='word_1_636' title='bbox 3356 2271 3594 2340; x_wconf 80' lang='lat' dir='ltr'><strong>angustia</strong></span> <span class='ocrx_word' id='word_1_637' title='bbox 3624 2269 3815 2338; x_wconf 80' lang='lat' dir='ltr'><strong>papuli</strong></span> 
     </span>
    </p>
   </div>
   <div class='ocr_carea' id='block_1_87' title="bbox 2217 2360 3816 2439">
    <p class='ocr_par' dir='ltr' id='par_1_87' title="bbox 2217 2360 3816 2439">
     <span class='ocr_line' id='line_1_87' title="bbox 2217 2360 3816 2439; baseline -0.011 -11"><span class='ocrx_word' id='word_1_638' title='bbox 2217 2388 2275 2428; x_wconf 91' lang='lat' dir='ltr'><strong>se</strong></span> <span class='ocrx_word' id='word_1_639' title='bbox 2305 2372 2456 2426; x_wconf 88' lang='lat' dir='ltr'><strong>turba</strong></span> <span class='ocrx_word' id='word_1_640' title='bbox 2484 2370 2889 2439; x_wconf 85' lang='lat' dir='ltr'><strong>comprimeret,</strong></span> <span class='ocrx_word' id='word_1_641' title='bbox 2920 2365 3133 2437; x_wconf 87' lang='lat' dir='ltr'><strong>quidam</strong></span> <span class='ocrx_word' id='word_1_642' title='bbox 3157 2379 3223 2419; x_wconf 78' lang='lat' dir='ltr'><strong>ex</strong></span> <span class='ocrx_word' id='word_1_643' title='bbox 3252 2364 3334 2418; x_wconf 84' lang='lat' dir='ltr'><strong>bis</strong></span> <span class='ocrx_word' id='word_1_644' title='bbox 3364 2360 3380 2400; x_wconf 75' lang='grc' dir='ltr'><strong>ί</strong></span> <span class='ocrx_word' id='word_1_645' title='bbox 3416 2362 3504 2430; x_wconf 90' lang='lat' dir='ltr'><strong>qui</strong></span> <span class='ocrx_word' id='word_1_646' title='bbox 3536 2369 3687 2414; x_wconf 80' lang='lat' dir='ltr'><strong>extra</strong></span> <span class='ocrx_word' id='word_1_647' title='bbox 3718 2374 3816 2412; x_wconf 83' lang='lat' dir='ltr'><strong>sa-</strong></span> 
     </span>
    </p>
   </div>
   <div class='ocr_carea' id='block_1_88' title="bbox 2218 2452 3817 2531">
    <p class='ocr_par' dir='ltr' id='par_1_88' title="bbox 2218 2452 3817 2531">
     <span class='ocr_line' id='line_1_88' title="bbox 2218 2452 3817 2531; baseline -0.008 -13"><span class='ocrx_word' id='word_1_648' title='bbox 2218 2464 2446 2519; x_wconf 91' lang='lat' dir='ltr'><strong>crarium</strong></span> <span class='ocrx_word' id='word_1_649' title='bbox 2473 2463 2685 2518; x_wconf 84' lang='lat' dir='ltr'><strong>stabant</strong></span> <span class='ocrx_word' id='word_1_650' title='bbox 2718 2476 2936 2531; x_wconf 86' lang='lat' dir='ltr'><strong>porcum</strong></span> <span class='ocrx_word' id='word_1_651' title='bbox 2967 2459 3147 2514; x_wconf 89' lang='lat' dir='ltr'><strong>subito</strong></span> <span class='ocrx_word' id='word_1_652' title='bbox 3179 2458 3319 2511; x_wconf 90' lang='lat' dir='ltr'><strong>intra</strong></span> <span class='ocrx_word' id='word_1_653' title='bbox 3348 2469 3474 2509; x_wconf 88' lang='lat' dir='ltr'><strong>suos</strong></span> <span class='ocrx_word' id='word_1_654' title='bbox 3504 2453 3669 2523; x_wconf 86' lang='lat' dir='ltr'><strong>pedes</strong></span> <span class='ocrx_word' id='word_1_655' title='bbox 3699 2452 3817 2505; x_wconf 86' lang='lat' dir='ltr'><strong>huc</strong></span> 
     </span>
    </p>
   </div>
   <div class='ocr_carea' id='block_1_89' title="bbox 2222 2545 3815 2626">
    <p class='ocr_par' dir='ltr' id='par_1_89' title="bbox 2222 2545 3815 2626">
     <span class='ocr_line' id='line_1_89' title="bbox 2222 2545 3815 2626; baseline -0.008 -15"><span class='ocrx_word' id='word_1_656' title='bbox 2222 2556 2456 2626; x_wconf 84' lang='lat' dir='ltr'><strong>illucque</strong></span> <span class='ocrx_word' id='word_1_657' title='bbox 2483 2555 2704 2610; x_wconf 72' lang='lat' dir='ltr'><strong>discum</strong></span> <span class='ocrx_word' id='word_1_658' title='bbox 2726 2570 2785 2609; x_wconf 89' lang='lat' dir='ltr'><strong>re</strong></span> <span class='ocrx_word' id='word_1_659' title='bbox 2812 2561 3119 2609; x_wconf 88' lang='lat' dir='ltr'><strong>senserunt.</strong></span> <span class='ocrx_word' id='word_1_660' title='bbox 3145 2551 3315 2617; x_wconf 84' lang='lat' dir='ltr'><strong>Quem</strong></span> <span class='ocrx_word' id='word_1_661' title='bbox 3345 2550 3471 2603; x_wconf 90' lang='lat' dir='ltr'><strong>dum</strong></span> <span class='ocrx_word' id='word_1_662' title='bbox 3516 2545 3815 2614; x_wconf 85' lang='lat' dir='ltr'><strong>unusquis-</strong></span> 
     </span>
    </p>
   </div>
   <div class='ocr_carea' id='block_1_90' title="bbox 2222 2635 3819 2719">
    <p class='ocr_par' dir='ltr' id='par_1_90' title="bbox 2222 2635 3819 2719">
     <span class='ocr_line' id='line_1_90' title="bbox 2222 2635 3819 2719; baseline -0.011 -16"><span class='ocrx_word' id='word_1_663' title='bbox 2222 2665 2324 2719; x_wconf 91' lang='lat' dir='ltr'><strong>que</strong></span> <span class='ocrx_word' id='word_1_664' title='bbox 2368 2648 2625 2713; x_wconf 74' lang='lat' dir='ltr'><strong>sentiret,</strong></span> <span class='ocrx_word' id='word_1_665' title='bbox 2655 2654 2710 2701; x_wconf 85' lang='lat' dir='ltr'><strong>et</strong></span> <span class='ocrx_word' id='word_1_666' title='bbox 2741 2645 2891 2716; x_wconf 80' lang='lat' dir='ltr'><strong>juxta</strong></span> <span class='ocrx_word' id='word_1_667' title='bbox 2934 2659 2994 2699; x_wconf 80' lang='lat' dir='ltr'><strong>se</strong></span> <span class='ocrx_word' id='word_1_668' title='bbox 3035 2642 3299 2698; x_wconf 85' lang='lat' dir='ltr'><strong>stantibus</strong></span> <span class='ocrx_word' id='word_1_669' title='bbox 3342 2640 3632 2701; x_wconf 87' lang='lat' dir='ltr'><strong>indicaret,</strong></span> <span class='ocrx_word' id='word_1_670' title='bbox 3668 2635 3819 2688; x_wconf 88' lang='lat' dir='ltr'><strong>idem</strong></span> 
     </span>
    </p>
   </div>
   <div class='ocr_carea' id='block_1_91' title="bbox 2225 2733 3820 2811">
    <p class='ocr_par' dir='ltr' id='par_1_91' title="bbox 2225 2733 3820 2811">
     <span class='ocr_line' id='line_1_91' title="bbox 2225 2733 3820 2811; baseline -0.011 -15"><span class='ocrx_word' id='word_1_671' title='bbox 2225 2755 2417 2811; x_wconf 86' lang='lat' dir='ltr'><strong>porcus</strong></span> <span class='ocrx_word' id='word_1_672' title='bbox 2462 2739 2705 2794; x_wconf 67' lang='lat' dir='ltr'><strong>ecclesiae</strong></span> <span class='ocrx_word' id='word_1_673' title='bbox 2743 2740 2934 2804; x_wconf 88' lang='lat' dir='ltr'><strong>januas</strong></span> <span class='ocrx_word' id='word_1_674' title='bbox 2982 2733 3164 2803; x_wconf 83' lang='lat' dir='ltr'><strong>petiit,</strong></span> <span class='ocrx_word' id='word_1_675' title='bbox 3209 2741 3263 2787; x_wconf 92' lang='lat' dir='ltr'><strong>et</strong></span> <span class='ocrx_word' id='word_1_676' title='bbox 3306 2744 3494 2785; x_wconf 88' lang='lat' dir='ltr'><strong>omnes</strong></span> <span class='ocrx_word' id='word_1_677' title='bbox 3534 2742 3631 2797; x_wconf 85' lang='lat' dir='ltr'><strong>per</strong></span> <span class='ocrx_word' id='word_1_678' title='bbox 3676 2741 3820 2794; x_wconf 87' lang='lat' dir='ltr'><strong>quos</strong></span> 
     </span>
    </p>
   </div>
   <div class='ocr_carea' id='block_1_92' title="bbox 2225 2818 3819 2889">
    <p class='ocr_par' dir='ltr' id='par_1_92' title="bbox 2225 2818 3819 2889">
     <span class='ocr_line' id='line_1_92' title="bbox 2225 2818 3819 2889; baseline -0.011 -1"><span class='ocrx_word' id='word_1_679' title='bbox 2225 2834 2432 2889; x_wconf 87' lang='lat' dir='ltr'><strong>transiit</strong></span> <span class='ocrx_word' id='word_1_680' title='bbox 2478 2834 2530 2886; x_wconf 90' lang='lat' dir='ltr'><strong>in</strong></span> <span class='ocrx_word' id='word_1_681' title='bbox 2578 2831 2989 2884; x_wconf 88' lang='lat' dir='ltr'><strong>admirationem</strong></span> <span class='ocrx_word' id='word_1_682' title='bbox 3046 2823 3370 2888; x_wconf 85' lang='lat' dir='ltr'><strong>commovit;</strong></span> <span class='ocrx_word' id='word_1_683' title='bbox 3420 2821 3514 2876; x_wconf 89' lang='lat' dir='ltr'><strong>sed</strong></span> <span class='ocrx_word' id='word_1_684' title='bbox 3560 2818 3738 2874; x_wconf 84' lang='lat' dir='ltr'><strong>videri</strong></span> <span class='ocrx_word' id='word_1_685' title='bbox 3789 2832 3819 2871; x_wconf 88' lang='lat' dir='ltr'><strong>a</strong></span> 
     </span>
    </p>
   </div>
   <div class='ocr_carea' id='block_1_93' title="bbox 2226 2898 3812 2994">
    <p class='ocr_par' dir='ltr' id='par_1_93' title="bbox 2226 2898 3812 2994">
     <span class='ocr_line' id='line_1_93' title="bbox 2226 2898 3812 2994; baseline -0.013 -13"><span class='ocrx_word' id='word_1_686' title='bbox 2226 2926 2371 2982; x_wconf 86' lang='lat' dir='ltr'><strong>nullo</strong></span> <span class='ocrx_word' id='word_1_687' title='bbox 2403 2924 2601 2994; x_wconf 89' lang='lat' dir='ltr'><strong>potuit,</strong></span> <span class='ocrx_word' id='word_1_688' title='bbox 2630 2922 2870 2991; x_wconf 79' lang='lat' dir='ltr'><strong>quamvis</strong></span> <span class='ocrx_word' id='word_1_689' title='bbox 2895 2918 3084 2974; x_wconf 89' lang='lat' dir='ltr'><strong>sentiri</strong></span> <span class='ocrx_word' id='word_1_690' title='bbox 3114 2898 3390 2986; x_wconf 77' lang='lat' dir='ltr'><strong>potuisset.</strong></span> <span class='ocrx_word' id='word_1_691' title='bbox 3413 2910 3568 2978; x_wconf 87' lang='lat' dir='ltr'><strong>Quod</strong></span> <span class='ocrx_word' id='word_1_692' title='bbox 3594 2908 3812 2965; x_wconf 87' lang='lat' dir='ltr'><strong>idcirco</strong></span> 
     </span>
    </p>
   </div>
   <div class='ocr_carea' id='block_1_94' title="bbox 2227 3000 3816 3083">
    <p class='ocr_par' dir='ltr' id='par_1_94' title="bbox 2227 3000 3816 3083">
     <span class='ocr_line' id='line_1_94' title="bbox 2227 3000 3816 3083; baseline -0.01 -13"><span class='ocrx_word' id='word_1_693' title='bbox 2227 3018 2406 3071; x_wconf 79' lang='lat' dir='ltr'><strong>divina</strong></span> <span class='ocrx_word' id='word_1_694' title='bbox 2439 3018 2607 3083; x_wconf 88' lang='lat' dir='ltr'><strong>pietas</strong></span> <span class='ocrx_word' id='word_1_695' title='bbox 2635 3013 2903 3078; x_wconf 86' lang='lat' dir='ltr'><strong>ostendit,</strong></span> <span class='ocrx_word' id='word_1_696' title='bbox 2937 3021 2994 3065; x_wconf 92' lang='lat' dir='ltr'><strong>ut</strong></span> <span class='ocrx_word' id='word_1_697' title='bbox 3022 3010 3231 3065; x_wconf 89' lang='lat' dir='ltr'><strong>cunctis</strong></span> <span class='ocrx_word' id='word_1_698' title='bbox 3263 3013 3561 3076; x_wconf 87' lang='lat' dir='ltr'><strong>patesceret</strong></span> <span class='ocrx_word' id='word_1_699' title='bbox 3587 3002 3715 3072; x_wconf 88' lang='lat' dir='ltr'><strong>quia</strong></span> <span class='ocrx_word' id='word_1_700' title='bbox 3745 3000 3816 3055; x_wconf 88' lang='lat' dir='ltr'><strong>de</strong></span> 
     </span>
    </p>
   </div>
   <div class='ocr_carea' id='block_1_95' title="bbox 2230 3092 3819 3163">
    <p class='ocr_par' dir='ltr' id='par_1_95' title="bbox 2230 3092 3819 3163">
     <span class='ocr_line' id='line_1_95' title="bbox 2230 3092 3819 3163; baseline -0.008 -2"><span class='ocrx_word' id='word_1_701' title='bbox 2230 3109 2351 3163; x_wconf 92' lang='lat' dir='ltr'><strong>loco</strong></span> <span class='ocrx_word' id='word_1_702' title='bbox 2390 3107 2580 3162; x_wconf 87' lang='lat' dir='ltr'><strong>eodem</strong></span> <span class='ocrx_word' id='word_1_703' title='bbox 2612 3106 2915 3159; x_wconf 88' lang='lat' dir='ltr'><strong>immundus</strong></span> <span class='ocrx_word' id='word_1_704' title='bbox 2943 3103 3210 3157; x_wconf 85' lang='lat' dir='ltr'><strong>habitator</strong></span> <span class='ocrx_word' id='word_1_705' title='bbox 3238 3100 3430 3155; x_wconf 80' lang='lat' dir='ltr'><strong>exiret.</strong></span> <span class='ocrx_word' id='word_1_706' title='bbox 3460 3096 3681 3152; x_wconf 83' lang='lat' dir='ltr'><strong>Peracta</strong></span> <span class='ocrx_word' id='word_1_707' title='bbox 3715 3092 3819 3163; x_wconf 75' lang='lat' dir='ltr'><strong>igi-</strong></span> 
     </span>
    </p>
   </div>
   <div class='ocr_carea' id='block_1_96' title="bbox 2232 3186 3822 3255">
    <p class='ocr_par' dir='ltr' id='par_1_96' title="bbox 2232 3186 3822 3255">
     <span class='ocr_line' id='line_1_96' title="bbox 2232 3186 3822 3255; baseline -0.01 0"><span class='ocrx_word' id='word_1_708' title='bbox 2232 3212 2316 3255; x_wconf 90' lang='lat' dir='ltr'><strong>tur</strong></span> <span class='ocrx_word' id='word_1_709' title='bbox 2365 3200 2729 3255; x_wconf 83' lang='lat' dir='ltr'><strong>celebratione</strong></span> <span class='ocrx_word' id='word_1_710' title='bbox 2778 3196 3058 3252; x_wconf 91' lang='lat' dir='ltr'><strong>missarum</strong></span> <span class='ocrx_word' id='word_1_711' title='bbox 3107 3193 3459 3254; x_wconf 85' lang='lat' dir='ltr'><strong>recessimus;</strong></span> <span class='ocrx_word' id='word_1_712' title='bbox 3502 3189 3596 3245; x_wconf 89' lang='lat' dir='ltr'><strong>sed</strong></span> <span class='ocrx_word' id='word_1_713' title='bbox 3636 3186 3822 3241; x_wconf 88' lang='lat' dir='ltr'><strong>adhuc</strong></span> 
     </span>
    </p>
   </div>
   <div class='ocr_carea' id='block_1_97' title="bbox 2229 3282 3822 3360">
    <p class='ocr_par' dir='ltr' id='par_1_97' title="bbox 2229 3282 3822 3360">
     <span class='ocr_line' id='line_1_97' title="bbox 2229 3282 3822 3360; baseline -0.009 -12"><span class='ocrx_word' id='word_1_714' title='bbox 2229 3305 2385 3350; x_wconf 87' lang='lat' dir='ltr'><strong>nocte</strong></span> <span class='ocrx_word' id='word_1_715' title='bbox 2412 3294 2595 3348; x_wconf 89' lang='lat' dir='ltr'><strong>eadem</strong></span> <span class='ocrx_word' id='word_1_716' title='bbox 2626 3305 2847 3360; x_wconf 80' lang='lat' dir='ltr'><strong>magnus</strong></span> <span class='ocrx_word' id='word_1_717' title='bbox 2872 3290 2924 3343; x_wconf 92' lang='lat' dir='ltr'><strong>in</strong></span> <span class='ocrx_word' id='word_1_718' title='bbox 2951 3286 3189 3357; x_wconf 74' lang='lat' dir='ltr'><strong>ejusdem</strong></span> <span class='ocrx_word' id='word_1_719' title='bbox 3218 3283 3475 3339; x_wconf 74' lang='lat' dir='ltr'><strong>Ecclesia:</strong></span> <span class='ocrx_word' id='word_1_720' title='bbox 3501 3282 3653 3336; x_wconf 82' lang='lat' dir='ltr'><strong>tectis</strong></span> <span class='ocrx_word' id='word_1_721' title='bbox 3678 3290 3822 3334; x_wconf 88' lang='lat' dir='ltr'><strong>stre-</strong></span> 
     </span>
    </p>
   </div>
   <div class='ocr_carea' id='block_1_98' title="bbox 2230 3373 3825 3459">
    <p class='ocr_par' dir='ltr' id='par_1_98' title="bbox 2230 3373 3825 3459">
     <span class='ocr_line' id='line_1_98' title="bbox 2230 3373 3825 3459; baseline -0.011 -16"><span class='ocrx_word' id='word_1_722' title='bbox 2230 3389 2375 3459; x_wconf 90' lang='lat' dir='ltr'><strong>pitus</strong></span> <span class='ocrx_word' id='word_1_723' title='bbox 2402 3388 2572 3442; x_wconf 77' lang='lat' dir='ltr'><strong>factus</strong></span> <span class='ocrx_word' id='word_1_724' title='bbox 2596 3394 2672 3439; x_wconf 82' lang='lat' dir='ltr'><strong>est</strong></span> <span class='ocrx_word' id='word_1_725' title='bbox 2692 3422 2706 3448; x_wconf 90' lang='lat'><strong>,</strong></span> <span class='ocrx_word' id='word_1_726' title='bbox 2739 3399 2801 3437; x_wconf 87' lang='lat' dir='ltr'><strong>ac</strong></span> <span class='ocrx_word' id='word_1_727' title='bbox 2828 3384 2872 3437; x_wconf 89' lang='lat' dir='ltr'><strong>si</strong></span> <span class='ocrx_word' id='word_1_728' title='bbox 2926 3383 2977 3436; x_wconf 90' lang='lat' dir='ltr'><strong>in</strong></span> <span class='ocrx_word' id='word_1_729' title='bbox 3006 3381 3083 3435; x_wconf 88' lang='lat' dir='ltr'><strong>eis</strong></span> <span class='ocrx_word' id='word_1_730' title='bbox 3122 3379 3315 3447; x_wconf 83' lang='lat' dir='ltr'><strong>aliquis</strong></span> <span class='ocrx_word' id='word_1_731' title='bbox 3342 3377 3569 3431; x_wconf 86' lang='lat' dir='ltr'><strong>errando</strong></span> <span class='ocrx_word' id='word_1_732' title='bbox 3606 3373 3825 3427; x_wconf 83' lang='lat' dir='ltr'><strong>discur-</strong></span> 
     </span>
    </p>
   </div>
   <div class='ocr_carea' id='block_1_99' title="bbox 2231 3465 3823 3547">
    <p class='ocr_par' dir='ltr' id='par_1_99' title="bbox 2231 3465 3823 3547">
     <span class='ocr_line' id='line_1_99' title="bbox 2231 3465 3823 3547; baseline -0.011 -15"><span class='ocrx_word' id='word_1_733' title='bbox 2231 3488 2394 3535; x_wconf 87' lang='lat' dir='ltr'><strong>reret.</strong></span> <span class='ocrx_word' id='word_1_734' title='bbox 2421 3475 2678 3547; x_wconf 77' lang='lat' dir='ltr'><strong>Sequenti</strong></span> <span class='ocrx_word' id='word_1_735' title='bbox 2701 3484 2879 3528; x_wconf 86' lang='lat' dir='ltr'><strong>autem</strong></span> <span class='ocrx_word' id='word_1_736' title='bbox 2904 3483 3060 3526; x_wconf 90' lang='lat' dir='ltr'><strong>nocte</strong></span> <span class='ocrx_word' id='word_1_737' title='bbox 3081 3471 3293 3539; x_wconf 75' lang='lat' dir='ltr'><strong>gravior</strong></span> <span class='ocrx_word' id='word_1_738' title='bbox 3318 3466 3520 3521; x_wconf 83' lang='lat' dir='ltr'><strong>sonitus</strong></span> <span class='ocrx_word' id='word_1_739' title='bbox 3544 3465 3823 3527; x_wconf 77' lang='lat' dir='ltr'><strong>excrevit,</strong></span> 
     </span>
    </p>
   </div>
   <div class='ocr_carea' id='block_1_100' title="bbox 2229 3552 3819 3626">
    <p class='ocr_par' dir='ltr' id='par_1_100' title="bbox 2229 3552 3819 3626">
     <span class='ocr_line' id='line_1_100' title="bbox 2229 3552 3819 3626; baseline -0.014 0"><span class='ocrx_word' id='word_1_740' title='bbox 2229 3587 2348 3626; x_wconf 90' lang='lat' dir='ltr'><strong>cum</strong></span> <span class='ocrx_word' id='word_1_741' title='bbox 2381 3568 2558 3624; x_wconf 89' lang='lat' dir='ltr'><strong>subito</strong></span> <span class='ocrx_word' id='word_1_742' title='bbox 2590 3578 2735 3619; x_wconf 88' lang='lat' dir='ltr'><strong>tanto</strong></span> <span class='ocrx_word' id='word_1_743' title='bbox 2765 3576 2967 3619; x_wconf 81' lang='lat' dir='ltr'><strong>terrore</strong></span> <span class='ocrx_word' id='word_1_744' title='bbox 3013 3559 3276 3624; x_wconf 90' lang='lat' dir='ltr'><strong>insonuit,</strong></span> <span class='ocrx_word' id='word_1_745' title='bbox 3317 3572 3380 3613; x_wconf 90' lang='lat' dir='ltr'><strong>ac</strong></span> <span class='ocrx_word' id='word_1_746' title='bbox 3416 3558 3460 3611; x_wconf 88' lang='lat' dir='ltr'><strong>si</strong></span> <span class='ocrx_word' id='word_1_747' title='bbox 3503 3552 3682 3609; x_wconf 85' lang='lat' dir='ltr'><strong>omnis</strong></span> <span class='ocrx_word' id='word_1_748' title='bbox 3726 3552 3819 3605; x_wconf 88' lang='lat' dir='ltr'><strong>illa</strong></span> 
     </span>
    </p>
   </div>
   <div class='ocr_carea' id='block_1_101' title="bbox 2232 3645 3820 3719">
    <p class='ocr_par' dir='ltr' id='par_1_101' title="bbox 2232 3645 3820 3719">
     <span class='ocr_line' id='line_1_101' title="bbox 2232 3645 3820 3719; baseline -0.013 0"><span class='ocrx_word' id='word_1_749' title='bbox 2232 3662 2457 3719; x_wconf 86' lang='lat' dir='ltr'><strong>ecclesia</strong></span> <span class='ocrx_word' id='word_1_750' title='bbox 2500 3676 2530 3714; x_wconf 91' lang='lat' dir='ltr'><strong>a</strong></span> <span class='ocrx_word' id='word_1_751' title='bbox 2580 3657 2939 3714; x_wconf 79' lang='lat' dir='ltr'><strong>fundamentis</strong></span> <span class='ocrx_word' id='word_1_752' title='bbox 2985 3654 3172 3708; x_wconf 86' lang='lat' dir='ltr'><strong>luisset</strong></span> <span class='ocrx_word' id='word_1_753' title='bbox 3216 3665 3436 3715; x_wconf 86' lang='lat' dir='ltr'><strong>eversa;</strong></span> <span class='ocrx_word' id='word_1_754' title='bbox 3465 3658 3521 3703; x_wconf 90' lang='lat' dir='ltr'><strong>et</strong></span> <span class='ocrx_word' id='word_1_755' title='bbox 3567 3645 3820 3715; x_wconf 88' lang='lat' dir='ltr'><strong>pr0tinus</strong></span> 
     </span>
    </p>
   </div>
   <div class='ocr_carea' id='block_1_102' title="bbox 2232 3734 3822 3818">
    <p class='ocr_par' dir='ltr' id='par_1_102' title="bbox 2232 3734 3822 3818">
     <span class='ocr_line' id='line_1_102' title="bbox 2232 3734 3822 3818; baseline -0.015 -9"><span class='ocrx_word' id='word_1_756' title='bbox 2232 3754 2494 3818; x_wconf 86' lang='lat' dir='ltr'><strong>recessit,</strong></span> <span class='ocrx_word' id='word_1_757' title='bbox 2537 3759 2589 3805; x_wconf 91' lang='lat' dir='ltr'><strong>et</strong></span> <span class='ocrx_word' id='word_1_758' title='bbox 2627 3747 2774 3802; x_wconf 90' lang='lat' dir='ltr'><strong>nulla</strong></span> <span class='ocrx_word' id='word_1_759' title='bbox 2820 3746 2930 3800; x_wconf 90' lang='lat' dir='ltr'><strong>illic</strong></span> <span class='ocrx_word' id='word_1_760' title='bbox 2985 3743 3208 3799; x_wconf 87' lang='lat' dir='ltr'><strong>ulterius</strong></span> <span class='ocrx_word' id='word_1_761' title='bbox 3257 3737 3565 3809; x_wconf 85' lang='lat' dir='ltr'><strong>iuquietudo</strong></span> <span class='ocrx_word' id='word_1_762' title='bbox 3609 3734 3822 3803; x_wconf 84' lang='lat' dir='ltr'><strong>antiqui</strong></span> 
     </span>
    </p>
   </div>
   <div class='ocr_carea' id='block_1_103' title="bbox 2232 3824 3821 3910">
    <p class='ocr_par' dir='ltr' id='par_1_103' title="bbox 2232 3824 3821 3910">
     <span class='ocr_line' id='line_1_103' title="bbox 2232 3824 3821 3910; baseline -0.014 -13"><span class='ocrx_word' id='word_1_763' title='bbox 2232 3841 2402 3897; x_wconf 84' lang='lat' dir='ltr'><strong>hostis</strong></span> <span class='ocrx_word' id='word_1_764' title='bbox 2423 3838 2697 3910; x_wconf 86' lang='lat' dir='ltr'><strong>apparuit;</strong></span> <span class='ocrx_word' id='word_1_765' title='bbox 2723 3835 2819 3891; x_wconf 86' lang='lat' dir='ltr'><strong>sed</strong></span> <span class='ocrx_word' id='word_1_766' title='bbox 2850 3848 2942 3904; x_wconf 90' lang='lat' dir='ltr'><strong>per</strong></span> <span class='ocrx_word' id='word_1_767' title='bbox 2970 3832 3193 3887; x_wconf 87' lang='lat' dir='ltr'><strong>terroris</strong></span> <span class='ocrx_word' id='word_1_768' title='bbox 3215 3826 3448 3885; x_wconf 89' lang='lat' dir='ltr'><strong>sonitum</strong></span> <span class='ocrx_word' id='word_1_769' title='bbox 3476 3840 3629 3896; x_wconf 87' lang='lat' dir='ltr'><strong>quem</strong></span> <span class='ocrx_word' id='word_1_770' title='bbox 3657 3824 3821 3888; x_wconf 79' lang='lat' dir='ltr'><strong>fecit,</strong></span> 
     </span>
    </p>
   </div>
   <div class='ocr_carea' id='block_1_104' title="bbox 2232 3923 3822 3995">
    <p class='ocr_par' dir='ltr' id='par_1_104' title="bbox 2232 3923 3822 3995">
     <span class='ocr_line' id='line_1_104' title="bbox 2232 3923 3822 3995; baseline -0.013 -8"><span class='ocrx_word' id='word_1_771' title='bbox 2232 3932 2465 3988; x_wconf 89' lang='lat' dir='ltr'><strong>innotuit</strong></span> <span class='ocrx_word' id='word_1_772' title='bbox 2506 3944 2537 3983; x_wconf 90' lang='lat' dir='ltr'><strong>a</strong></span> <span class='ocrx_word' id='word_1_773' title='bbox 2588 3929 2707 3982; x_wconf 91' lang='lat' dir='ltr'><strong>loco</strong></span> <span class='ocrx_word' id='word_1_774' title='bbox 2753 3940 2911 3995; x_wconf 91' lang='lat' dir='ltr'><strong>quem</strong></span> <span class='ocrx_word' id='word_1_775' title='bbox 2959 3923 3049 3978; x_wconf 91' lang='lat' dir='ltr'><strong>diu</strong></span> <span class='ocrx_word' id='word_1_776' title='bbox 3105 3928 3345 3977; x_wconf 90' lang='lat' dir='ltr'><strong>tenuerat</strong></span> <span class='ocrx_word' id='word_1_777' title='bbox 3392 3933 3546 3987; x_wconf 81' lang='lat' dir='ltr'><strong>quam</strong></span> <span class='ocrx_word' id='word_1_778' title='bbox 3594 3926 3822 3969; x_wconf 89' lang='lat' dir='ltr'><strong>coactus</strong></span> 
     </span>
    </p>
   </div>
   <div class='ocr_carea' id='block_1_105' title="bbox 2235 4010 3824 4089">
    <p class='ocr_par' dir='ltr' id='par_1_105' title="bbox 2235 4010 3824 4089">
     <span class='ocr_line' id='line_1_105' title="bbox 2235 4010 3824 4089; baseline -0.013 -8"><span class='ocrx_word' id='word_1_779' title='bbox 2235 4026 2433 4082; x_wconf 85' lang='lat' dir='ltr'><strong>exibat.</strong></span> <span class='ocrx_word' id='word_1_780' title='bbox 2467 4023 2598 4077; x_wconf 83' lang='lat' dir='ltr'><strong>Post</strong></span> <span class='ocrx_word' id='word_1_781' title='bbox 2633 4033 2829 4089; x_wconf 89' lang='lat' dir='ltr'><strong>paucos</strong></span> <span class='ocrx_word' id='word_1_782' title='bbox 2868 4031 2997 4073; x_wconf 87' lang='lat' dir='ltr'><strong>vero</strong></span> <span class='ocrx_word' id='word_1_783' title='bbox 3026 4016 3163 4082; x_wconf 89' lang='lat' dir='ltr'><strong>dies,</strong></span> <span class='ocrx_word' id='word_1_784' title='bbox 3194 4014 3248 4069; x_wconf 91' lang='lat' dir='ltr'><strong>in</strong></span> <span class='ocrx_word' id='word_1_785' title='bbox 3298 4026 3486 4082; x_wconf 76' lang='lat' dir='ltr'><strong>magna</strong></span> <span class='ocrx_word' id='word_1_786' title='bbox 3525 4010 3824 4065; x_wconf 84' lang='lat' dir='ltr'><strong>serenitate</strong></span> 
     </span>
    </p>
   </div>
   <div class='ocr_carea' id='block_1_106' title="bbox 2236 4101 3825 4183">
    <p class='ocr_par' dir='ltr' id='par_1_106' title="bbox 2236 4101 3825 4183">
     <span class='ocr_line' id='line_1_106' title="bbox 2236 4101 3825 4183; baseline -0.012 -12"><span class='ocrx_word' id='word_1_787' title='bbox 2236 4115 2379 4171; x_wconf 88' lang='lat' dir='ltr'><strong>aeris</strong></span> <span class='ocrx_word' id='word_1_788' title='bbox 2426 4128 2588 4183; x_wconf 85' lang='lat' dir='ltr'><strong>super</strong></span> <span class='ocrx_word' id='word_1_789' title='bbox 2616 4112 2787 4166; x_wconf 83' lang='lat' dir='ltr'><strong>altare</strong></span> <span class='ocrx_word' id='word_1_790' title='bbox 2824 4108 3064 4178; x_wconf 86' lang='lat' dir='ltr'><strong>ejusdem</strong></span> <span class='ocrx_word' id='word_1_791' title='bbox 3111 4105 3364 4161; x_wconf 79' lang='lat' dir='ltr'><strong>Ecclesia:</strong></span> <span class='ocrx_word' id='word_1_792' title='bbox 3396 4104 3560 4157; x_wconf 82' lang='lat' dir='ltr'><strong>nubes</strong></span> <span class='ocrx_word' id='word_1_793' title='bbox 3606 4101 3825 4156; x_wconf 66' lang='lat' dir='ltr'><strong>coalitus</strong></span> 
     </span>
    </p>
   </div>
   <div class='ocr_carea' id='block_1_107' title="bbox 2235 4199 3824 4273">
    <p class='ocr_par' dir='ltr' id='par_1_107' title="bbox 2235 4199 3824 4273">
     <span class='ocr_line' id='line_1_107' title="bbox 2235 4199 3824 4273; baseline -0.011 -9"><span class='ocrx_word' id='word_1_794' title='bbox 2235 4206 2540 4270; x_wconf 88' lang='lat' dir='ltr'><strong>descendit,</strong></span> <span class='ocrx_word' id='word_1_795' title='bbox 2564 4219 2769 4273; x_wconf 84' lang='lat' dir='ltr'><strong>suoque</strong></span> <span class='ocrx_word' id='word_1_796' title='bbox 2792 4202 2922 4257; x_wconf 88' lang='lat' dir='ltr'><strong>illud</strong></span> <span class='ocrx_word' id='word_1_797' title='bbox 2944 4200 3209 4257; x_wconf 86' lang='lat' dir='ltr'><strong>velamine</strong></span> <span class='ocrx_word' id='word_1_798' title='bbox 3230 4199 3470 4267; x_wconf 88' lang='lat' dir='ltr'><strong>operuit,</strong></span> <span class='ocrx_word' id='word_1_799' title='bbox 3496 4209 3824 4263; x_wconf 85' lang='lat' dir='ltr'><strong>omnemun</strong></span> 
     </span>
    </p>
   </div>
   <div class='ocr_carea' id='block_1_108' title="bbox 2236 4286 3819 4357">
    <p class='ocr_par' dir='ltr' id='par_1_108' title="bbox 2236 4286 3819 4357">
     <span class='ocr_line' id='line_1_108' title="bbox 2236 4286 3819 4357; baseline -0.013 0"><span class='ocrx_word' id='word_1_800' title='bbox 2236 4300 2530 4357; x_wconf 88' lang='lat' dir='ltr'><strong>Ecclesiam</strong></span> <span class='ocrx_word' id='word_1_801' title='bbox 2561 4306 2705 4352; x_wconf 86' lang='lat' dir='ltr'><strong>tanto</strong></span> <span class='ocrx_word' id='word_1_802' title='bbox 2734 4305 2940 4350; x_wconf 90' lang='lat' dir='ltr'><strong>terrore</strong></span> <span class='ocrx_word' id='word_1_803' title='bbox 2962 4306 3025 4347; x_wconf 92' lang='lat' dir='ltr'><strong>ac</strong></span> <span class='ocrx_word' id='word_1_804' title='bbox 3055 4291 3316 4346; x_wconf 85' lang='lat' dir='ltr'><strong>suavitate</strong></span> <span class='ocrx_word' id='word_1_805' title='bbox 3346 4287 3527 4343; x_wconf 89' lang='lat' dir='ltr'><strong>odoris</strong></span> <span class='ocrx_word' id='word_1_806' title='bbox 3554 4286 3819 4355; x_wconf 79' lang='lat' dir='ltr'><strong>replevit,</strong></span> 
     </span>
    </p>
   </div>
   <div class='ocr_carea' id='block_1_109' title="bbox 2238 4379 3822 4463">
    <p class='ocr_par' dir='ltr' id='par_1_109' title="bbox 2238 4379 3822 4463">
     <span class='ocr_line' id='line_1_109' title="bbox 2238 4379 3822 4463; baseline -0.012 -14"><span class='ocrx_word' id='word_1_807' title='bbox 2238 4402 2294 4449; x_wconf 88' lang='lat' dir='ltr'><strong>ut</strong></span> <span class='ocrx_word' id='word_1_808' title='bbox 2326 4391 2626 4463; x_wconf 89' lang='lat' dir='ltr'><strong>patentibus</strong></span> <span class='ocrx_word' id='word_1_809' title='bbox 2653 4388 2829 4458; x_wconf 86' lang='lat' dir='ltr'><strong>januis</strong></span> <span class='ocrx_word' id='word_1_810' title='bbox 2860 4386 3038 4440; x_wconf 90' lang='lat' dir='ltr'><strong>nullus</strong></span> <span class='ocrx_word' id='word_1_811' title='bbox 3071 4385 3177 4438; x_wconf 90' lang='lat' dir='ltr'><strong>illic</strong></span> <span class='ocrx_word' id='word_1_812' title='bbox 3219 4388 3565 4452; x_wconf 69' lang='lat' dir='ltr'><strong>praesumeret</strong></span> <span class='ocrx_word' id='word_1_813' title='bbox 3596 4379 3822 4431; x_wconf 84' lang='lat' dir='ltr'><strong>intrare.</strong></span> 
     </span>
    </p>
   </div>
   <div class='ocr_carea' id='block_1_110' title="bbox 2238 4470 3824 4552">
    <p class='ocr_par' dir='ltr' id='par_1_110' title="bbox 2238 4470 3824 4552">
     <span class='ocr_line' id='line_1_110' title="bbox 2238 4470 3824 4552; baseline -0.012 -10"><span class='ocrx_word' id='word_1_814' title='bbox 2238 4485 2501 4543; x_wconf 89' lang='lat' dir='ltr'><strong>Sacerdos</strong></span> <span class='ocrx_word' id='word_1_815' title='bbox 2525 4497 2734 4552; x_wconf 86' lang='lat' dir='ltr'><strong>quoque</strong></span> <span class='ocrx_word' id='word_1_816' title='bbox 2750 4489 2803 4535; x_wconf 89' lang='lat' dir='ltr'><strong>et</strong></span> <span class='ocrx_word' id='word_1_817' title='bbox 2824 4478 3095 4541; x_wconf 85' lang='lat' dir='ltr'><strong>custodes,</strong></span> <span class='ocrx_word' id='word_1_818' title='bbox 3118 4476 3204 4530; x_wconf 85' lang='lat' dir='ltr'><strong>vel</strong></span> <span class='ocrx_word' id='word_1_819' title='bbox 3228 4474 3279 4529; x_wconf 87' lang='lat' dir='ltr'><strong>hi</strong></span> <span class='ocrx_word' id='word_1_820' title='bbox 3303 4474 3390 4543; x_wconf 89' lang='lat' dir='ltr'><strong>qui</strong></span> <span class='ocrx_word' id='word_1_821' title='bbox 3414 4472 3480 4525; x_wconf 89' lang='lat' dir='ltr'><strong>ad</strong></span> <span class='ocrx_word' id='word_1_822' title='bbox 3502 4470 3824 4525; x_wconf 83' lang='lat' dir='ltr'><strong>celebranda</strong></span> 
     </span>
    </p>
   </div>
   <div class='ocr_carea' id='block_1_111' title="bbox 2243 4562 3824 4633">
    <p class='ocr_par' dir='ltr' id='par_1_111' title="bbox 2243 4562 3824 4633">
     <span class='ocr_line' id='line_1_111' title="bbox 2243 4562 3824 4633; baseline -0.012 -1"><span class='ocrx_word' id='word_1_823' title='bbox 2243 4578 2526 4632; x_wconf 87' lang='lat' dir='ltr'><strong>missarum</strong></span> <span class='ocrx_word' id='word_1_824' title='bbox 2552 4573 2809 4628; x_wconf 86' lang='lat' dir='ltr'><strong>solemnia</strong></span> <span class='ocrx_word' id='word_1_825' title='bbox 2837 4577 3127 4633; x_wconf 85' lang='lat' dir='ltr'><strong>venerant,</strong></span> <span class='ocrx_word' id='word_1_826' title='bbox 3156 4582 3272 4621; x_wconf 91' lang='lat' dir='ltr'><strong>rem</strong></span> <span class='ocrx_word' id='word_1_827' title='bbox 3304 4564 3587 4630; x_wconf 86' lang='lat' dir='ltr'><strong>videbant,</strong></span> <span class='ocrx_word' id='word_1_828' title='bbox 3616 4562 3824 4631; x_wconf 80' lang='lat' dir='ltr'><strong>ingredi</strong></span> 
     </span>
    </p>
   </div>
   <div class='ocr_carea' id='block_1_112' title="bbox 2244 4655 3828 4734">
    <p class='ocr_par' dir='ltr' id='par_1_112' title="bbox 2244 4655 3828 4734">
     <span class='ocr_line' id='line_1_112' title="bbox 2244 4655 3828 4734; baseline -0.012 -10"><span class='ocrx_word' id='word_1_829' title='bbox 2244 4668 2465 4724; x_wconf 90' lang='lat' dir='ltr'><strong>minime</strong></span> <span class='ocrx_word' id='word_1_830' title='bbox 2510 4673 2789 4734; x_wconf 87' lang='lat' dir='ltr'><strong>poterant,</strong></span> <span class='ocrx_word' id='word_1_831' title='bbox 2818 4672 2871 4717; x_wconf 92' lang='lat' dir='ltr'><strong>et</strong></span> <span class='ocrx_word' id='word_1_832' title='bbox 2900 4661 3217 4716; x_wconf 86' lang='lat' dir='ltr'><strong>suavitatem</strong></span> <span class='ocrx_word' id='word_1_833' title='bbox 3262 4658 3469 4714; x_wconf 83' lang='lat' dir='ltr'><strong>miriﬁci</strong></span> <span class='ocrx_word' id='word_1_834' title='bbox 3512 4655 3693 4709; x_wconf 90' lang='lat' dir='ltr'><strong>odoris</strong></span> <span class='ocrx_word' id='word_1_835' title='bbox 3724 4662 3828 4706; x_wconf 84' lang='lat' dir='ltr'><strong>tra-</strong></span> 
     </span>
    </p>
   </div>
   <div class='ocr_carea' id='block_1_113' title="bbox 2246 4746 3827 4822">
    <p class='ocr_par' dir='ltr' id='par_1_113' title="bbox 2246 4746 3827 4822">
     <span class='ocr_line' id='line_1_113' title="bbox 2246 4746 3827 4822; baseline -0.009 -8"><span class='ocrx_word' id='word_1_836' title='bbox 2246 4760 2463 4814; x_wconf 80' lang='lat' dir='ltr'><strong>hebant.</strong></span> <span class='ocrx_word' id='word_1_837' title='bbox 2499 4758 2592 4811; x_wconf 89' lang='lat' dir='ltr'><strong>Die</strong></span> <span class='ocrx_word' id='word_1_838' title='bbox 2640 4770 2768 4810; x_wconf 87' lang='lat' dir='ltr'><strong>vero</strong></span> <span class='ocrx_word' id='word_1_839' title='bbox 2810 4755 2936 4822; x_wconf 86' lang='lat' dir='ltr'><strong>alio,</strong></span> <span class='ocrx_word' id='word_1_840' title='bbox 2969 4767 3087 4806; x_wconf 82' lang='lat' dir='ltr'><strong>cum</strong></span> <span class='ocrx_word' id='word_1_841' title='bbox 3138 4751 3191 4804; x_wconf 92' lang='lat' dir='ltr'><strong>in</strong></span> <span class='ocrx_word' id='word_1_842' title='bbox 3238 4764 3301 4805; x_wconf 92' lang='lat' dir='ltr'><strong>ea</strong></span> <span class='ocrx_word' id='word_1_843' title='bbox 3349 4746 3623 4817; x_wconf 87' lang='lat' dir='ltr'><strong>lampades</strong></span> <span class='ocrx_word' id='word_1_844' title='bbox 3656 4746 3672 4796; x_wconf 85' lang='lat' dir='ltr'><strong>l</strong></span> <span class='ocrx_word' id='word_1_845' title='bbox 3710 4746 3827 4799; x_wconf 88' lang='lat' dir='ltr'><strong>sine</strong></span> 
     </span>
    </p>
   </div>
   <div class='ocr_carea' id='block_1_114' title="bbox 2324 4904 3827 4980">
    <p class='ocr_par' dir='ltr' id='par_1_114' title="bbox 2324 4904 3827 4980">
     <span class='ocr_line' id='line_1_114' title="bbox 2324 4904 3827 4980; baseline -0.009 -9"><span class='ocrx_word' id='word_1_846' title='bbox 2324 4914 2340 4953; x_wconf 82' lang='grc' dir='ltr'><strong>ί</strong></span> <span class='ocrx_word' id='word_1_847' title='bbox 2383 4917 2494 4970; x_wconf 91' lang='lat' dir='ltr'><strong>Duo</strong></span> <span class='ocrx_word' id='word_1_848' title='bbox 2522 4912 2761 4980; x_wconf 87' lang='lat' dir='ltr'><strong>Carnot.,</strong></span> <span class='ocrx_word' id='word_1_849' title='bbox 2787 4912 2906 4967; x_wconf 82' lang='lat' dir='ltr'><strong>Val.</strong></span> <span class='ocrx_word' id='word_1_850' title='bbox 2937 4910 3041 4973; x_wconf 76' lang='lat' dir='ltr'><strong>CL,</strong></span> <span class='ocrx_word' id='word_1_851' title='bbox 3070 4919 3124 4964; x_wconf 88' lang='lat' dir='ltr'><strong>et</strong></span> <span class='ocrx_word' id='word_1_852' title='bbox 3152 4924 3215 4963; x_wconf 79' lang='lat' dir='ltr'><strong>cx</strong></span> <span class='ocrx_word' id='word_1_853' title='bbox 3245 4908 3428 4980; x_wconf 85' lang='lat' dir='ltr'><strong>Norm.</strong></span> <span class='ocrx_word' id='word_1_854' title='bbox 3457 4904 3522 4970; x_wconf 76' lang='grc'>4,</span> <span class='ocrx_word' id='word_1_855' title='bbox 3549 4905 3635 4980; x_wconf 80' lang='lat' dir='ltr'><strong>qui</strong></span> <span class='ocrx_word' id='word_1_856' title='bbox 3656 4908 3827 4980; x_wconf 74' lang='lat' dir='ltr'><strong>__iua‘ta</strong></span> 
     </span>
    </p>
   </div>
   <div class='ocr_carea' id='block_1_115' title="bbox 2248 4976 3823 5051">
    <p class='ocr_par' dir='ltr' id='par_1_115' title="bbox 2248 4976 3823 5051">
     <span class='ocr_line' id='line_1_115' title="bbox 2248 4976 3823 5051; baseline -0.009 -11"><span class='ocrx_word' id='word_1_857' title='bbox 2248 5003 2353 5040; x_wconf 75' lang='lat' dir='ltr'><strong>sac.</strong></span> <span class='ocrx_word' id='word_1_858' title='bbox 2374 4986 2541 5040; x_wconf 82' lang='lat' dir='ltr'><strong>Porro</strong></span> <span class='ocrx_word' id='word_1_859' title='bbox 2574 4986 2654 5036; x_wconf 87' lang='lat' dir='ltr'><strong>bis</strong></span> <span class='ocrx_word' id='word_1_860' title='bbox 2677 4976 2795 5051; x_wconf 71' lang='lat' dir='ltr'><strong>qua:</strong></span> <span class='ocrx_word' id='word_1_861' title='bbox 2818 4982 2979 5035; x_wconf 79' lang='lat' dir='ltr'><strong>refert</strong></span> <span class='ocrx_word' id='word_1_862' title='bbox 3010 4983 3092 5034; x_wconf 84' lang='lat' dir='ltr'><strong>hic</strong></span> <span class='ocrx_word' id='word_1_863' title='bbox 3112 4990 3329 5033; x_wconf 76' lang='lat' dir='ltr'><strong>sanctus</strong></span> <span class='ocrx_word' id='word_1_864' title='bbox 3346 4978 3632 5046; x_wconf 86' lang='lat' dir='ltr'><strong>Gregorius</strong></span> <span class='ocrx_word' id='word_1_865' title='bbox 3651 4976 3823 5051; x_wconf 79' lang='lat' dir='ltr'><strong>lucem</strong></span> 
     </span>
    </p>
   </div>
   <div class='ocr_carea' id='block_1_116' title="bbox 2247 5046 3825 5118">
    <p class='ocr_par' dir='ltr' id='par_1_116' title="bbox 2247 5046 3825 5118">
     <span class='ocr_line' id='line_1_116' title="bbox 2247 5046 3825 5118; baseline -0.008 -10"><span class='ocrx_word' id='word_1_866' title='bbox 2247 5055 2435 5111; x_wconf 64' lang='lat' dir='ltr'><strong>afferre</strong></span> <span class='ocrx_word' id='word_1_867' title='bbox 2458 5071 2517 5109; x_wconf 91' lang='lat' dir='ltr'><strong>ac</strong></span> <span class='ocrx_word' id='word_1_868' title='bbox 2540 5046 3004 5107; x_wconf 54' lang='lat' dir='ltr'><strong>ﬁdem&#39;ctmciliare</strong></span> <span class='ocrx_word' id='word_1_869' title='bbox 3036 5058 3258 5118; x_wconf 83' lang='lat' dir='ltr'><strong>possunt</strong></span> <span class='ocrx_word' id='word_1_870' title='bbox 3283 5065 3316 5118; x_wconf 91' lang='lat' dir='ltr'><strong>q</strong></span> <span class='ocrx_word' id='word_1_871' title='bbox 3346 5066 3403 5102; x_wconf 59' lang='lat' dir='ltr'><strong>te</strong></span> <span class='ocrx_word' id='word_1_872' title='bbox 3433 5054 3615 5118; x_wconf 80' lang='lat' dir='ltr'><strong>narrat</strong></span> <span class='ocrx_word' id='word_1_873' title='bbox 3651 5046 3825 5118; x_wconf 69' lang='lat' dir='ltr'><strong>Victor</strong></span> 
     </span>
    </p>
   </div>
   <div class='ocr_carea' id='block_1_117' title="bbox 2254 5116 3830 5191">
    <p class='ocr_par' dir='ltr' id='par_1_117' title="bbox 2254 5116 3830 5191">
     <span class='ocr_line' id='line_1_117' title="bbox 2254 5116 3830 5191; baseline -0.008 -14"><span class='ocrx_word' id='word_1_874' title='bbox 2254 5128 2380 5191; x_wconf 84' lang='lat' dir='ltr'><strong>\&#39;it.,</strong></span> <span class='ocrx_word' id='word_1_875' title='bbox 2419 5128 2508 5178; x_wconf 86' lang='lat' dir='ltr'><strong>lib.</strong></span> <span class='ocrx_word' id='word_1_876' title='bbox 2539 5140 2576 5177; x_wconf 86' lang='lat' dir='ltr'><strong>ll</strong></span> <span class='ocrx_word' id='word_1_877' title='bbox 2612 5125 2678 5177; x_wconf 84' lang='lat' dir='ltr'><strong>de</strong></span> <span class='ocrx_word' id='word_1_878' title='bbox 2719 5125 2986 5176; x_wconf 87' lang='lat' dir='ltr'><strong>Persecut.</strong></span> <span class='ocrx_word' id='word_1_879' title='bbox 3034 5116 3277 5181; x_wconf 78' lang='lat' dir='ltr'><strong>Vandal.,</strong></span> <span class='ocrx_word' id='word_1_880' title='bbox 3302 5116 3469 5191; x_wconf 51' lang='lat' dir='ltr'><strong>imm.</strong></span> <span class='ocrx_word' id='word_1_881' title='bbox 3507 5116 3580 5191; x_wconf 86' lang='lat'><strong>6_,_</strong></span> <span class='ocrx_word' id='word_1_882' title='bbox 3613 5131 3731 5191; x_wconf 65' lang='lat' dir='ltr'><strong>pag.</strong></span> <span class='ocrx_word' id='word_1_883' title='bbox 3756 5116 3830 5191; x_wconf 23' lang='grc' dir='ltr'><strong>Α’ὶῖ</strong></span> 
     </span>
    </p>
   </div>
   <div class='ocr_carea' id='block_1_118' title="bbox 2250 5186 3831 5261">
    <p class='ocr_par' dir='ltr' id='par_1_118' title="bbox 2250 5186 3831 5261">
     <span class='ocr_line' id='line_1_118' title="bbox 2250 5186 3831 5261; baseline -0.009 -11"><span class='ocrx_word' id='word_1_884' title='bbox 2250 5186 2398 5250; x_wconf 67' lang='lat' dir='ltr'><strong>novae</strong></span> <span class='ocrx_word' id='word_1_885' title='bbox 2434 5197 2571 5250; x_wconf 86' lang='lat' dir='ltr'><strong>Edit.</strong></span> <span class='ocrx_word' id='word_1_886' title='bbox 2599 5213 2612 5247; x_wconf 89' lang='lat'>:</span> <span class='ocrx_word' id='word_1_887' title='bbox 2651 5194 2791 5248; x_wconf 83' lang='lat' dir='ltr'><strong>Vidit</strong></span> <span class='ocrx_word' id='word_1_888' title='bbox 2817 5192 3030 5261; x_wconf 80' lang='lat' dir='ltr'><strong>quidam</strong></span> <span class='ocrx_word' id='word_1_889' title='bbox 3059 5194 3318 5261; x_wconf 75' lang='lat' dir='ltr'><strong>presbyter</strong></span> <span class='ocrx_word' id='word_1_890' title='bbox 3339 5190 3504 5258; x_wconf 76' lang='lat' dir='ltr'><strong>ipsum</strong></span> <span class='ocrx_word' id='word_1_891' title='bbox 3536 5186 3721 5261; x_wconf 48' lang='lat' dir='ltr'><strong>(fausti</strong></span> <span class='ocrx_word' id='word_1_892' title='bbox 3740 5188 3831 5261; x_wconf 10' lang='lat' dir='ltr'><strong>iba-</strong></span> 
     </span>
    </p>
   </div>
   <div class='ocr_carea' id='block_1_119' title="bbox 2247 5258 3831 5335">
    <p class='ocr_par' dir='ltr' id='par_1_119' title="bbox 2247 5258 3831 5335">
     <span class='ocr_line' id='line_1_119' title="bbox 2247 5258 3831 5335; baseline -0.01 -14"><span class='ocrx_word' id='word_1_893' title='bbox 2247 5269 2449 5321; x_wconf 77' lang='lat' dir='ltr'><strong>silicum</strong></span> <span class='ocrx_word' id='word_1_894' title='bbox 2479 5271 2720 5335; x_wconf 76' lang='lat' dir='ltr'><strong>refertam</strong></span> <span class='ocrx_word' id='word_1_895' title='bbox 2749 5258 2909 5317; x_wconf 72' lang='lat' dir='ltr'><strong>turbis</strong></span> <span class='ocrx_word' id='word_1_896' title='bbox 2936 5258 3393 5335; x_wconf 68' lang='lat' dir='ltr'><strong>innumerabilibus</strong></span> <span class='ocrx_word' id='word_1_897' title='bbox 3421 5258 3771 5335; x_wconf 68' lang='lat' dir='ltr'><strong>papulorum&#39;,</strong></span> <span class='ocrx_word' id='word_1_898' title='bbox 3791 5263 3831 5333; x_wconf 65' lang='lat' dir='ltr'><strong>rt</strong></span> 
     </span>
    </p>
   </div>
   <div class='ocr_carea' id='block_1_120' title="bbox 2246 5325 3830 5408">
    <p class='ocr_par' dir='ltr' id='par_1_120' title="bbox 2246 5325 3830 5408">
     <span class='ocr_line' id='line_1_120' title="bbox 2246 5325 3830 5408; baseline -0.009 -18"><span class='ocrx_word' id='word_1_899' title='bbox 2246 5347 2359 5408; x_wconf 75' lang='lat' dir='ltr'><strong>post</strong></span> <span class='ocrx_word' id='word_1_900' title='bbox 2388 5325 2661 5403; x_wconf 67' lang='lat' dir='ltr'><strong>paululum</strong></span> <span class='ocrx_word' id='word_1_901' title='bbox 2686 5342 3056 5408; x_wconf 69' lang='lat' dir='ltr'><strong>euacuutumet</strong></span> <span class='ocrx_word' id='word_1_902' title='bbox 3079 5330 3325 5408; x_wconf 66' lang='lat' dir='ltr'><strong>repletum</strong></span> <span class='ocrx_word' id='word_1_903' title='bbox 3362 5325 3830 5408; x_wconf 47' lang='lat' dir='ltr'><strong>porcorumlnulti-</strong></span> 
     </span>
    </p>
   </div>
   <div class='ocr_carea' id='block_1_121' title="bbox 2249 5396 3830 5474">
    <p class='ocr_par' dir='ltr' id='par_1_121' title="bbox 2249 5396 3830 5474">
     <span class='ocr_line' id='line_1_121' title="bbox 2249 5396 3830 5474; baseline -0.009 -14"><span class='ocrx_word' id='word_1_904' title='bbox 2249 5396 2455 5471; x_wconf 64' lang='lat' dir='ltr'><strong>&#39;titdiric;</strong></span> <span class='ocrx_word' id='word_1_905' title='bbox 2483 5422 2587 5474; x_wconf 89' lang='lat' dir='ltr'><strong>quo</strong></span> <span class='ocrx_word' id='word_1_906' title='bbox 2609 5410 2721 5459; x_wconf 86' lang='lat' dir='ltr'><strong>visu</strong></span> <span class='ocrx_word' id='word_1_907' title='bbox 2744 5396 3143 5474; x_wconf 21' lang='lat' dir='ltr'><strong>signiﬁcabatur</strong></span> <span class='ocrx_word' id='word_1_908' title='bbox 3162 5396 3445 5474; x_wconf 79' lang='lat' dir='ltr'><strong>basilicam</strong></span> <span class='ocrx_word' id='word_1_909' title='bbox 3463 5399 3618 5459; x_wconf 82' lang='lat' dir='ltr'><strong>lianc,</strong></span> <span class='ocrx_word' id='word_1_910' title='bbox 3645 5396 3830 5464; x_wconf 78' lang='lat' dir='ltr'><strong>fugatis</strong></span> 
     </span>
    </p>
   </div>
   <div class='ocr_carea' id='block_1_122' title="bbox 2246 5470 3825 5541">
    <p class='ocr_par' dir='ltr' id='par_1_122' title="bbox 2246 5470 3825 5541">
     <span class='ocr_line' id='line_1_122' title="bbox 2246 5470 3825 5541; baseline -0.008 -10"><span class='ocrx_word' id='word_1_911' title='bbox 2246 5479 2317 5531; x_wconf 82' lang='lat' dir='ltr'><strong>Ca</strong></span> <span class='ocrx_word' id='word_1_912' title='bbox 2341 5470 2553 5541; x_wconf 53' lang='lat' dir='ltr'><strong>bullets,</strong></span> <span class='ocrx_word' id='word_1_913' title='bbox 2597 5491 2714 5530; x_wconf 72' lang='lat' dir='ltr'><strong>esse</strong></span> <span class='ocrx_word' id='word_1_914' title='bbox 2756 5470 3062 5528; x_wconf 73' lang='lat' dir='ltr'><strong>tradendam</strong></span> <span class='ocrx_word' id='word_1_915' title='bbox 3096 5471 3328 5535; x_wconf 90' lang='lat' dir='ltr'><strong>Arianis,</strong></span> <span class='ocrx_word' id='word_1_916' title='bbox 3358 5470 3449 5538; x_wconf 86' lang='lat' dir='ltr'><strong>qui</strong></span> <span class='ocrx_word' id='word_1_917' title='bbox 3485 5484 3605 5522; x_wconf 88' lang='lat' dir='ltr'><strong>eam</strong></span> <span class='ocrx_word' id='word_1_918' title='bbox 3637 5481 3825 5532; x_wconf 80' lang='lat' dir='ltr'><strong>porco-</strong></span> 
     </span>
    </p>
   </div>
   <div class='ocr_carea' id='block_1_123' title="bbox 2249 5547 2887 5614">
    <p class='ocr_par' dir='ltr' id='par_1_123' title="bbox 2249 5547 2887 5614">
     <span class='ocr_line' id='line_1_123' title="bbox 2249 5547 2887 5614; baseline -0.006 -11"><span class='ocrx_word' id='word_1_919' title='bbox 2249 5566 2364 5603; x_wconf 89' lang='lat' dir='ltr'><strong>rum</strong></span> <span class='ocrx_word' id='word_1_920' title='bbox 2394 5564 2541 5601; x_wconf 84' lang='lat' dir='ltr'><strong>more</strong></span> <span class='ocrx_word' id='word_1_921' title='bbox 2572 5547 2887 5614; x_wconf 79' lang='lat' dir='ltr'><strong>polluerent.</strong></span> 
     </span>
    </p>
   </div>
   <div class='ocr_carea' id='block_1_124' title="bbox 2249 5606 3828 5740">
    <p class='ocr_par' dir='ltr' id='par_1_124' title="bbox 2249 5606 3828 5740">
     <span class='ocr_line' id='line_1_124' title="bbox 2249 5606 3828 5740; baseline -0.007 -71"><span class='ocrx_word' id='word_1_922' title='bbox 2249 5691 2281 5740; x_wconf 52' lang='grc' dir='ltr'><em>Α</em></span> <span class='ocrx_word' id='word_1_923' title='bbox 2324 5622 2337 5668; x_wconf 83' lang='lat' dir='ltr'><strong>i</strong></span> <span class='ocrx_word' id='word_1_924' title='bbox 2382 5606 2971 5681; x_wconf 37' lang='lat' dir='ltr'><strong>Editifreluctantibus</strong></span> <span class='ocrx_word' id='word_1_925' title='bbox 3015 5613 3164 5680; x_wconf 82' lang='lat' dir='ltr'><strong>Mss.,</strong></span> <span class='ocrx_word' id='word_1_926' title='bbox 3193 5612 3302 5666; x_wconf 73' lang='lat' dir='ltr'><strong>sine</strong></span> <span class='ocrx_word' id='word_1_927' title='bbox 3332 5610 3526 5665; x_wconf 78' lang='lat' dir='ltr'><strong>tantine</strong></span> <span class='ocrx_word' id='word_1_928' title='bbox 3555 5606 3828 5679; x_wconf 62' lang='lat' dir='ltr'><strong>depreheua</strong></span> 
     </span>
     <span class='ocr_line' id='line_1_125' title="bbox 2285 5699 2443 5740; baseline 0 0"><span class='ocrx_word' id='word_1_929' title='bbox 2285 5699 2443 5740; x_wconf 67' lang='lat' dir='ltr'><strong>orent.</strong></span> 
     </span>
    </p>
   </div>
   <div class='ocr_carea' id='block_1_125' title="bbox 2285 5699 2443 5743">
    <p class='ocr_par' dir='ltr' id='par_1_125' title="bbox 2285 5699 2443 5743">
     <span class='ocr_line' id='line_1_126' title="bbox 2285 5699 2443 5743; baseline -0.013 0"><span class='ocrx_word' id='word_1_930' title='bbox 2285 5699 2443 5743; x_wconf 68' lang='lat' dir='ltr'><strong>orent.</strong></span> 
     </span>
    </p>
   </div>
  </div>
