4000 6348
926 294 993 324 ‘I

213 339 310 394 9.97

1487 336 1926 393 DIALOGORUM
1966 338 2167 395 LIBER
2210 337 2295 391 ιιι.

3402 331 3510 387 298

222 454 303 508 ubi
342 452 409 507 ad
440 467 641 507 servos
674 453 768 506 Dei
798 462 1011 508 ventum
1044 461 1165 517 est,
1200 451 1262 504 ad
1293 454 1437 506 hunc
1480 467 1699 521 puerum
1730 467 1803 505 ac-

1922 452 2102 515 παιδός
2141 452 2466 511 πεποιηκότος
2488 494 2502 519 ,
2533 454 2613 505 καὶ
2642 455 2730 505 τοῦ
2760 452 2989 525 ἀρχαίου
3022 452 3213 524 ἐχθροῦ
3254 450 3505 523 μηδαμῶς

225 545 411 599 cedere
457 560 569 598 non
626 548 991 614 prmsuntpsit.
1053 546 1176 598 l’ost
1233 561 1392 615 quam
1426 560 1635 612 vocem,
1686 549 1815 601 hora

228 638 407 691 eadem
438 651 502 689 ac
543 645 826 690 momento
850 676 865 700 ,
922 638 1059 689 idem
1093 651 1226 704 puer
1256 651 1437 689 coram
1467 638 1679 690 cunctis
1711 636 1817 689 fra-

228 729 391 781 tribus
444 727 666 781 diabolo
716 742 776 782 se
826 727 1110 782 iuvadente
1164 738 1385 782 vexatus
1415 740 1529 791 est;
1564 743 1670 796 quo
1701 728 1815 781 viso

224 834 381 874 senex
412 859 428 881 ,
477 834 537 872 se
570 820 815 885 protinus
865 818 919 873 in
972 821 1262 873 Iumentum
1293 819 1458 873 dedit.
1485 819 1655 886 Quem
1687 820 1814 873 dum

224 909 495 975 lugentem
526 907 619 961 diu
648 909 842 962 fratres
869 911 1138 963 consolari
1166 911 1481 972 voluissent,
1514 912 1811 979 reSpondit,

223 999 254 1050 d
278 1014 452 1053 cens:
486 998 707 1052 Credite
756 999 907 1063 mihi,
945 1001 1065 1069 quia
1118 1000 1172 1053 in
1218 1001 1415 1055 nullius
1443 1010 1681 1055 vestrum
1721 1016 1815 1055 ore

220 1090 379 1143 hodie
409 1091 566 1157 panis
601 1090 922 1157 ingreditur,
947 1092 1048 1144 nisi
1078 1107 1208 1159 puer
1237 1093 1337 1147 iste
1359 1108 1388 1145 a
1418 1092 1681 1147 dzeutonio
1706 1093 1818 1147 fue-

218 1181 280 1231 rit
312 1191 559 1247 ereptus.
592 1179 741 1233 Tunc
767 1195 826 1235 se
858 1182 908 1235 in
950 1183 1248 1237 orationem
1280 1198 1401 1237 cum
1444 1186 1654 1238 cunctis
1701 1185 1813 1238 fra-

220 1271 389 1323 tribus
421 1271 653 1337 stravit,
686 1281 738 1325 et
786 1287 852 1325 eo
894 1287 1065 1341 usque
1113 1284 1322 1328 oratum
1370 1286 1489 1341 est,
1539 1290 1815 1343 quousque

226 1378 360 1429 puer
405 1376 439 1413 a
467 1364 753 1416 vexatione
782 1373 1085 1429 sanaretur,
1120 1365 1220 1431 Qui
1255 1375 1359 1417 tam
1395 1366 1629 1433 perfecte
1657 1382 1813 1420 sana-

221 1464 306 1506 tus
340 1465 421 1508 est
454 1495 469 1517 ,
501 1464 562 1509 ut
591 1456 655 1507 ad
690 1456 832 1509 hunc
862 1457 1125 1524 malignus
1156 1456 1377 1523 spiritus
1403 1456 1692 1512 accedendi
1717 1473 1814 1509 au-

213 1561 336 1599 sum
369 1547 597 1599 ulterius
629 1563 732 1599 non
762 1550 1005 1601 haberet.

1920 552 2268 621 τολμήσαντος
2296 546 2436 620 αὑτῷ
2464 549 2824 622 προσεγγίσαι,
2872 547 2981 613 μετ’
3024 542 3329 617 εὐφροσύνης
3358 550 3389 605 ἧ
3415 554 3505 603 τοῦ

1920 640 2148 710 γέροντος
2192 638 2347 707 ψυχὴ
2396 633 2709 713 ἀναρμοδίως
2756 634 3066 704 ηὐτομόλησε
3115 638 3232 705 περί
3276 641 3367 695 τῆς
3412 644 3506 691 τοῦ

1921 727 2105 786 παιδός
2133 731 2411 799 σωτηρίας.
2435 730 2503 786 ὡς
2525 722 2601 780 ὅτι
2629 724 2692 779 δι’
2733 727 2885 779 αὑτοῦ
2928 726 3099 782 ἰάσθη.
3130 724 3367 778 Ἐνὼπιον
3402 731 3505 801 γὰρ

1919 825 2017 871 τῶν
2043 818 2307 892 παρόντων
2327 815 2563 884 ἀδελφῶν,
2590 810 2745 867 εἶπεν·
2776 812 2992 884 Ἀδελφοί
3014 854 3029 874 ,
3057 813 3082 867 ὁ
3109 813 3343 875 διάϐολος
3372 820 3503 883 μετά

1918 916 2017 961 τῶν
2037 916 2354 982 μοναστριῶν
2386 909 2580 961 ἐκείνων
2603 906 2826 969 ἔπαιζεν.
2851 910 3015 961 Ἦνίκα
3043 905 3097 961 δέ
3132 910 3202 967 εἰς
3234 911 3357 968 τοὺς
3384 907 3510 965 δού-

1916 999 2033 1059 λους
2058 1006 2150 1053 τοῦ
2182 1007 2310 1054 Θεοῦ
2340 1000 2364 1052 ό
2386 1008 2507 1059 παῖς
2529 995 2679 1059 οὗτος
2705 996 2840 1065 ἦλθε,
2866 1003 3210 1073 προσεγγίσαι
3238 1003 3379 1073 αὑτῷ
3412 1000 3507 1058 οὑκ

1918 1093 2187 1161 ἐτόλμησε.
2222 1095 2371 1147 Μετά
2408 1091 2459 1145 δὲ
2499 1094 2691 1148 ταύτην
2719 1097 2806 1150 την
2832 1099 2992 1164 φωνὴν
3033 1095 3081 1145 ἐν
3397 1098 3507 1171 ὥρα

1917 1180 1942 1235 ὁ
1972 1179 2199 1241 διάϐολος
2229 1190 2301 1252 τῷ
2322 1180 2468 1235 παιδὶ
2495 1182 2701 1243 ἐπιϐὰς,
2742 1184 2951 1235 ἐνὼπιον
2988 1185 3189 1237 πάντων
3222 1192 3322 1239 τῶν
3361 1186 3504 1240 ἀδελ-

1918 1278 2016 1339 ρῶν
2043 1276 2224 1325 τοῦτον
2255 1269 2450 1346 ἴρίίηξε.
2482 1277 2639 1325 Τοῦτο
2670 1269 2723 1324 δὲ
2765 1269 2789 1324 ὁ
2817 1272 2978 1344 γέρων
3003 1273 3338 1344 θεασάμενος,
3368 1297 3507 1349 παρ-

1916 1364 2050 1415 αυτά
2090 1365 2161 1421 είς
2207 1363 2377 1434 θρῆνον
2424 1361 2601 1417 ἔαυτόν
2656 1360 2856 1415 δέδωκε.
2906 1365 3093 1417 Τούτου
3136 1362 3190 1418 δέ
3239 1368 3323 1419 ἐπὶ
3370 1369 3499 1421 πολύ

1914 1455 2230 1523 θρηνοῦντες,
2275 1457 2357 1507 καί
2404 1461 2503 1507 τῶν
2546 1452 2766 1526 ἀδελφῶν
2804 1456 3235 1529 παρακαλούντων
3273 1459 3301 1494 ⁸
3352 1462 3503 1514 αὑτὸν

1915 1553 2003 1601 τοῦ
2027 1548 2201 1619 μικρὸν
2224 1545 2465 1607 ἐνδοῦναι,
2496 1548 2739 1621 ἀπεκρίθη
2766 1549 2955 1614 αὑτοῖς,
2980 1549 3158 1620 λέγων’
3190 1554 3501 1606 ιΙσστεὺσατέ

214 1658 321 1701 μοι,
354 1636 434 1693 ὅτι
476 1641 524 1690 ἐν
563 1638 723 1693 οὐδενί
758 1651 781 1675 '~‘
813 1642 864 1703 ἐξ
915 1641 1057 1712 ὑμῶν
1096 1644 1317 1715 σήμερον
1363 1643 1413 1693 ὲν
1446 1648 1519 1712 τῷ
1565 1638 1785 1709 στόματι
1824 1636 1975 1713 ἄρτος
2014 1642 2329 1711 ε’σέρχεται,
2381 1640 2425 1691 εἰ
2478 1644 2547 1707 μὴ
2594 1638 2620 1691 ό
2668 1648 2791 1699 παῖς
2835 1637 2984 1699 οὗτος
3030 1639 3084 1693 ix
3126 1646 3218 1694 τοῦ
3269 1638 3503 1712 δαίμονος

214 1731 539 1805 ἐλευθερωθῇ.
606 1727 731 1784 Τότε
780 1726 866 1785 οὖν
916 1732 1096 1811 ἑαυτὸν
1141 1735 1213 1790 εἰς
1257 1733 1418 1802 εὑχήν
1469 1734 1600 1801 μετὰ
1652 1732 1851 1785 πάντων
1907 1737 2006 1783 τῶν
2062 1728 2281 1797 ἀδελφῶν
2326 1731 2631 1801 ὑπέστρωσε
2661 1770 2674 1791 ,
2724 1733 2806 1781 καί
2851 1734 3096 1785 τοσοῦτον
3139 1728 3157 1765 τ
3208 1736 3299 1788 τῆς
3339 1732 3505 1801 εὐχῆς·

211 1822 723 1897 προσεκαρτέρησαν,
782 1823 877 1881 ἕως
930 1820 991 1875 οὗ
1030 1821 1056 1877 ὁ
1104 1830 1233 1882 παῖς
1290 1824 1391 1878 ἀπὸ
1438 1829 1533 1877 τοῦ
1576 1821 1810 1892 δαίμονος
1852 1822 2171 1896 ἐλευθερώθη.
2233 1820 2380 1874 Οὕτω
2424 1818 2477 1874 δέ
2527 1820 2779 1880 παντελῶς
2823 1819 2848 1874 ό
2900 1829 3029 1882 παῖς
3077 1829 3103 1868 Β
3157 1820 3326 1886 ίάσθη,
3369 1826 3503 1881 ὥστε

208 1912 308 1973 τοῦ
348 1915 524 1968 λοιποῦ
555 1917 610 1969 τό
648 1917 862 1989 πονηρὸν
904 1922 1105 1984 πνεῦμα
1141 1916 1312 1986 τούτῳ
1356 1919 1699 1989 προσεγγίσαι
1727 1916 1815 1967 οὑκ
1850 1912 2096 1984 ἴσχυσεν.

290 2006 465 2058 Pera.
508 2005 682 2058 Credo
712 2005 855 2074 quod
887 2007 933 2058 ei
966 2007 1126 2059 elatio
1151 2021 1310 2074 parva
1354 2005 1719 2073 sutrepserat,
1752 2014 1803 2057 et

1981 2017 2149 2061 ΠΕΤΡ.
2200 2009 2508 2077 Λογίζομαι,
2572 2003 2650 2061 ὄτι
2706 2003 3095 2080 ὑψηλοφροσύνη
3157 2015 3315 2081 μικρά
3368 2013 3504 2086 αὑτῷ

211 2096 339 2148 ideo
366 2096 484 2162 ejus
510 2095 801 2162 discipulos
826 2094 1165 2164 omnipotens
1201 2094 1341 2149 Deus
1364 2093 1486 2148 facti
1510 2094 1653 2147 illius
1683 2108 1804 2147 esse

212 2185 386 2240 voluit
415 2187 709 2254 adjutores.

288 2366 537 2422 Coacon.
567 2366 640 2420 Ita
667 2373 751 2421 est
776 2382 791 2429 ;
827 2380 951 2419 nam
993 2365 1117 2431 quia
1147 2365 1356 2435 pondus
1386 2365 1624 2419 miraculi
1656 2366 1805 2418 solus

217 2468 436 2520 portare
460 2472 563 2511 non
589 2458 779 2525 potuit,
800 2456 979 2510 divisit
1009 2456 1109 2510 ltoc
1138 2471 1261 2511 cum
1289 2456 1567 2521 fratribus,
1598 2465 1651 2509 et
1683 2472 1805 2523 por-

215 2550 375 2602 tavit.
409 2548 574 2617 Hujus
606 2547 707 2601 viri
736 2548 909 2601 oratio
937 2555 1148 2613 quantae
1181 2546 1394 2600 virtutis
1419 2556 1581 2614 esset,
1606 2546 1656 2599 in
1685 2560 1801 2599 me-

214 2638 452 2707 metipso
483 2648 741 2708 expertus
780 2653 919 2692 sum.
954 2637 1086 2691 Nam
1132 2653 1252 2691 cum
1282 2638 1509 2705 quodam
1564 2645 1805 2705 tempore

216 2731 270 2783 in
306 2732 632 2785 monasterio
676 2730 877 2798 positus
922 2729 1235 2783 iucisionem
1282 2729 1517 2782 vitalium
1569 2738 1802 2797 paterer,

215 2822 537 2891 crebrisque
552 2822 811 2891 angustiis
834 2836 929 2889 per
956 2820 1201 2875 horarum
1217 2830 1484 2873 momenta
1509 2820 1574 2873 ad
1602 2822 1802 2875 exitum

213 2916 632 2985 propinquarem
666 2914 846 2984 (quam
891 2916 1081 2970 medici
1124 2913 1424 2969 molestiam
1457 2914 1647 2969 Graeco
1690 2915 1805 2970 elo-

210 3010 340 3074 quio
382 3009 642 3075 syneopiu
686 3009 923 3076 vocant),
958 3018 1010 3062 et
1034 3008 1133 3061 nisi
1164 3022 1249 3061 me
1279 3007 1582 3076 frequenter
1611 3008 1801 3063 fratres

210 3098 332 3151 cibo
352 3098 657 3162 reficerent,
676 3097 851 3153 vitalis
878 3098 1003 3152 mihi
1024 3098 1242 3167 spiritus
1265 3098 1499 3152 funditus
1514 3107 1539 3135 ι
1556 3098 1799 3153 intercidi

212 3187 500 3253 videretur,
524 3189 787 3259 paschalis
803 3190 1109 3257 supervenit
1129 3188 1266 3242 dies.
1287 3188 1353 3243 Et
1370 3202 1491 3242 cum
1509 3187 1801 3243 sacratissi-

212 3296 302 3333 mo
323 3281 579 3344 Sabbato,
614 3281 668 3334 in
703 3296 805 3349 quo
826 3295 1012 3336 omnes
1044 3288 1101 3335 et
1128 3280 1339 3349 parvuli
1357 3282 1507 3349 pueri
1534 3280 1798 3348 jejunant,

210 3386 314 3439 ego
337 3372 582 3441 jejunare
600 3386 703 3427 non
729 3386 961 3440 possem,
978 3372 1115 3440 coepi
1140 3372 1256 3440 plus
1273 3387 1507 3426 maerore
1529 3387 1690 3441 quam
1717 3372 1799 3425 in-
1828 3378 1875 3442 ο

211 3461 464 3517 ﬁrmitate
496 3464 743 3519 deﬁcere.
770 3465 875 3520 Sed
910 3467 1077 3521 tristis
1106 3466 1314 3520 animus
1334 3466 1616 3521 consilium
1639 3465 1797 3519 citius

209 3552 440 3616 invenit,
482 3563 538 3607 ut
565 3554 814 3610 eumdem
838 3556 1010 3610 virum
1046 3556 1138 3610 Dei
1168 3565 1379 3612 secreto
1422 3558 1472 3609 in
1505 3557 1796 3611 oratorium

210 3643 493 3712 ducerem,
525 3661 757 3716 eumque
780 3657 1016 3717 peterem
1048 3658 1312 3718 quatenus
1342 3648 1473 3702 mihi
1496 3658 1553 3702 ut
1579 3649 1665 3703 die
1710 3649 1799 3703 illo

216 3734 391 3787 virtus
421 3736 487 3789 ad
514 3736 862 3805 ieiunandum
889 3738 1127 3800 daretur,
1150 3738 1262 3793 suis
1288 3737 1426 3807 apud
1457 3737 1796 3807 omnipoten—

210 3838 317 3881 tem
354 3826 641 3882 Dominum
677 3830 925 3898 precibus
968 3830 1274 3895 obtineret;
1314 3830 1454 3899 quod
1504 3839 1559 3884 et
1599 3830 1796 3884 laetum

209 3927 311 3971 est.
348 3918 484 3971 Nam
516 3933 640 3972 mox
680 3929 738 3972 ut
766 3924 1058 3973 oratorium
1107 3921 1330 3987 ingressi
1357 3936 1564 3984 sumus,
1595 3918 1623 3959 ι’
1651 3936 1680 3974 a
1714 3936 1800 3975 me

210 4008 491 4063 humiliter
511 4011 831 4077 posmlatus,
855 4025 975 4066 sese
995 4026 1115 4064 cum
1143 4011 1395 4080 lacrymis
1421 4011 1473 4064 in
1497 4012 1799 4064 orationem

212 4100 385 4167 dedit,
418 4112 473 4156 et
499 4112 620 4170 post
652 4102 925 4169 paululum
958 4102 1219 4171 completa
1251 4103 1491 4157 oratione
1517 4102 1667 4157 exiit.
1693 4100 1799 4157 Sed

213 4192 277 4244 ad
305 4205 491 4245 vocem
524 4191 914 4247 benedictionis
945 4193 1113 4257 illius,
1144 4196 1391 4247 virtutem
1417 4202 1617 4247 tantam
1648 4206 1799 4247 meus

184 4284 523 4335 'stomacbus
552 4284 778 4353 accepit,
809 4294 867 4338 ut
893 4284 1022 4338 mihi
1064 4286 1298 4339 fluiditus
1326 4300 1356 4339 a
1387 4286 1643 4341 memoria
1691 4285 1798 4340 tol-

211 4376 413 4426 teretur
443 4373 599 4427 cibus
628 4386 682 4429 et
722 4376 1004 4444 aegritudo.
1035 4376 1189 4445 Coepi
1240 4377 1421 4431 mirari
1448 4379 1569 4442 quis
1598 4391 1796 4443 essem,

208 4464 329 4528 quis
362 4464 577 4531 fuerint,
610 4466 733 4533 quia
756 4475 814 4520 et
834 4482 955 4521 cum
989 4468 1053 4520 ad
1076 4468 1314 4521 animout
1343 4466 1553 4523 redibat
1581 4468 1802 4522 inﬁrmi-

210 4562 313 4618 tas,
344 4554 479 4608 nibil
522 4555 575 4609 in
608 4572 692 4610 me
718 4572 785 4612 ex
813 4557 895 4612 bis
924 4574 1040 4628 quae
1070 4559 1418 4613 memineram
1446 4574 1801 4632 recognosce-

210 4648 353 4702 bant.
386 4647 635 4718 Cumque
668 4661 689 4687 ο
723 4650 775 4703 in
805 4650 1157 4722 diSpositione
1205 4653 1513 4707 monasterii
1543 4662 1802 4721 occupata

1912 2098 2202 2163 ὑπεισῆλθε,
2234 2102 2315 2152 καί
2344 2100 2526 2152 τούτου
2547 2098 2693 2152 ἕνεκα
2716 2100 2838 2157 τούς
2864 2099 3097 2169 μαθητὰς
3133 2102 3284 2153 αὑτοῦ
3324 2100 3350 2154 ό
3377 2124 3509 2163 πον-

1909 2186 2193 2260 τοδύναμος
2244 2191 2365 2249 Θεὸς
2406 2191 2618 2263 βοηθοὺς
2671 2188 2829 2244 αἰτοῦ
2886 2192 2934 2243 ἐν
2973 2198 3044 2263 τῷ
3070 2192 3292 2262 θαύματι
3330 2191 3498 2263 τούτῳ

1908 2290 2119 2340 ποιῆσαι
2144 2283 2404 2341 ἠθέλησεν.

1980 2382 2218 2427 ΓΡΗΓΟΡ.
2247 2375 2423 2431 Οἶτως
2455 2373 2609 2427 ἐστίν.
2640 2369 2839 2429 Ἐπειδὴ
2866 2372 2964 2445 γάρ
2991 2373 3047 2427 τό
3077 2372 3233 2447 βάρος
3252 2379 3342 2428 τοῦ
3370 2372 3521 2433 θαύ-,

1908 2481 2070 2529 ματος
2096 2462 2247 2534 μόνος
2295 2462 2563 2531 βαστάσαι
2604 2459 2696 2515 οῦκ
2743 2460 2960 2532 ἴσχυσε,
3010 2461 3330 2538 διεμερίσατο
3374 2467 3501 2519 αὑτό

1907 2551 2041 2619 μετὰ
2059 2559 2158 2604 τῶν
2183 2549 2422 2622 ἀδελφῶν.
2445 2551 2636 2605 Τούτου
2664 2558 2754 2604 τοῦ
2786 2549 2964 2626 ἀνδρὸς
2985 2554 3013 2609 ἡ
3050 2554 3184 2624 εύχῆ
3213 2554 3377 2614 πόσης
3406 2553 3499 2609 δυο

1906 2644 2107 2711 νάμεως
2134 2645 2404 2716 ὑπῆρχεν,
2449 2646 2546 2716 ἐγὼ
2576 2645 2623 2697 ἐν
2659 2647 2865 2717 ἐμαυτῷ
2894 2644 2978 2701 διὰ
3004 2652 3185 2722 πείρας
3214 2647 3385 2719 ἔγνων.
3419 2651 3498 2704 ἐν

1907 2730 2013 2801 ὅσῳ
2049 2734 2149 2811 γάρ
2197 2735 2247 2787 ἐν
2297 2741 2371 2806 τῷ
2411 2736 2735 2809 μοναστηρίῳ
2782 2736 3059 2811 ὑπῆρχον,
3100 2736 3150 2792 ἴν
3194 2762 3289 2794 τινι
3333 2752 3495 2815 καιρῷ

1907 2825 2171 2885 ἀσθενείας
2197 2831 2463 2896 συγκοπῆν
2498 2831 2586 2881 τοῦ
2618 2829 2866 2888 ζωοποιοῦ
2894 2829 3183 2897 πνεύματος
3211 2828 3492 2899 ὑπομένων,

1908 2917 1989 2968 καί
2050 2923 2265 2985 συχνῶς
2326 2918 2808 2988 στενοχωρούμενος
2866 2920 2995 2973 κατά
3049 2926 3267 2990 στιγμήν
3316 2923 3493 2993 ὥρας,

1907 3005 2035 3079 πρὸς
2062 3010 2151 3063 τήν
2172 3012 2261 3060 τοῦ
2285 3007 2499 3061 θανάτου
2524 3005 2692 3070 ἔξοδον
2725 3008 3045 3071 ἐπλησίαζον.
3086 3012 3282 3067 Ταύτην
3313 3009 3366 3064 δὲ
3404 3017 3496 3067 τήν

1907 3098 2167 3153 ἀσθένειαν
2196 3099 2241 3152 οί
2267 3101 2435 3173 ἰατροὶ
2461 3107 2523 3174 τῇ
2544 3110 2567 3138 ο
2591 3096 2833 3157 Ἑλληνίδι
2858 3099 3094 3171 διαλέκτῳ
3117 3109 3381 3171 συγκοπῆν
3400 3126 3494 3158 κα·

1906 3186 2012 3242 λεῖν
2038 3191 2287 3244 εἰώθασιν.
2323 3192 2377 3242 Εἰ
2399 3194 2468 3258 μῆ
2499 3188 2553 3243 δέ
2578 3192 2906 3264 συχνοτέρως
2928 3192 2973 3243 οἱ
2999 3189 3200 3263 ἀδελφοί
3236 3201 3297 3268 τῇ
3335 3204 3493 3267 τροφῇ

1907 3302 1969 3351 με
2006 3283 2410 3356 παρεμυθοῦντο,
2465 3288 2521 3336 τό
2573 3282 2778 3346 ζωτικὸν
2827 3304 2915 3353 μοι
2955 3290 3154 3353 πνεῦμα
3194 3286 3248 3339 ἐκ
3294 3287 3495 3359 βάθρων

1908 3367 1937 3407 δ
1966 3372 2357 3426 ἀνασπάσεσθαι
2400 3372 2598 3442 ἤμελλε.
2636 3381 2735 3433 Τῆς
2761 3371 2813 3427 δέ
2844 3380 2935 3426 τοῦ
2970 3373 3113 3447 ἁγίου
3145 3378 3337 3446 πάσχα
3366 3382 3492 3448 ἠμέ-

1899 3482 2002 3536 ρας
2034 3462 2452 3527 καταλαϐούσης,
2482 3459 2553 3533 τῷ
2594 3462 2719 3535 ἁγίῳ
2761 3464 3009 3534 σαῆἑῗάτῳ
3039 3467 3087 3517 ἐν
3114 3461 3152 3537 ᾦ
3180 3469 3366 3525 πάντες
3394 3470 3491 3528 ἕως

1903 3556 1988 3607 καί
2012 3554 2075 3606 τὰ
2109 3549 2125 3589 ί
2162 3559 2322 3622 σεμνά
2356 3552 2533 3608 παιδία
2560 3556 2897 3611 νηστεύουσιν
2917 3594 2932 3618 ,
2964 3557 3062 3626 ἐγὼ
3089 3564 3365 3613 νηστεῦσαι
3403 3562 3493 3614 οὑκ

1902 3643 2179 3715 ἠδυνάμην.
2212 3646 2459 3718 ἰιρξάμην
2488 3649 2651 3700 τοίνυν
2679 3653 2741 3721 τῇ
2771 3647 2902 3718 λύπῃ
2932 3646 3251 3719 πλειοτέρως,
3288 3648 3302 3698 i
3349 3648 3491 3727 ε”περ

1901 3743 1993 3795 τῆς
2020 3736 2281 3796 ἀσθενείας
2310 3735 2647 3805 ἐκλιμπανειν.
2688 3737 2905 3805 Ταχέως
2939 3734 2991 3789 δέ
3032 3738 3063 3793 ri
3092 3735 3367 3799 κατόδυνός
3388 3762 3488 3809 μου

1901 3824 2075 3896 ψυχὴ,
2106 3828 2318 3900 ἀρίστην
2364 3826 2549 3895 βουλήν
2597 3822 2736 3899 εὗρε.
2763 3827 2857 3879 Τόν
2905 3827 3006 3898 γὰρ
3036 3827 3187 3881 αὑτὸν
3225 3836 3316 3882 τοῦ
3363 3837 3493 3883 Θεοῦ

1902 3911 2161 3987 ἄνθρωπον
2185 3914 2486 3989 Ἐλευθέριον
2517 3917 2566 3969 ἐν
2587 3917 2854 3990 μυστηρίῳ
2877 3920 2948 3975 εἰς
2971 3920 3028 3972 τό
3064 3920 3318 3993 εὑκτήριον
3355 3922 3492 3979 ἀπῆ-

1899 4026 2075 4075 γαγον,
2123 4010 2206 4060 καὶ
2260 4014 2410 4061 τοῦτο
2454 4008 2743 4079 ᾐτησάμην,
2796 4004 2936 4066 ὅπως
2984 4005 3067 4061 διὰ
3100 4018 3192 4068 τῆς
3229 4012 3383 4064 αὑτοῦ
3415 4009 3497 4065 δε·

1900 4101 2093 4163 ήσεως,
2140 4100 2283 4172 παρά
2310 4094 2382 4169 τῷ
2407 4097 2779 4169 παντοδυνὰμῳ
2809 4102 2966 4170 κυρίῳ
3008 4098 3219 4171 δύναμίς
3251 4124 3335 4172 μοι
3361 4106 3493 4177 πρός

1900 4189 1960 4243 τό
1981 4190 2250 4259 νηστεύειν
2278 4186 2563 4245 δοθήσεται.
2588 4184 2754 4261 Ὀπερ
2785 4191 2867 4241 καὶ
2910 4188 3127 4260 γέγονεν.
3179 4195 3346 4244 Ἦνίκα
3390 4194 3490 4267 γὰρ

1901 4283 1973 4339 εἰς
1997 4281 2056 4334 τό
2081 4283 2342 4355 εὑκτηριον
2373 4280 2689 4348 εἰσήλθομεν,
2737 4282 2822 4333 καί
2856 4281 2987 4347 μετά
3029 4280 3209 4339 πολλῆς
3244 4287 3492 4335 ταπεινώ-

1899 4390 2030 4429 σεως
2069 4377 2249 4426 τοῦτον
2278 4371 2569 4443 ᾐτησάμην,
2606 4369 2783 4423 ἔαυτόν
2811 4370 2938 4439 μετὰ
2966 4366 3201 4442 δακρύων
3224 4374 3295 4430 ε“ς
3333 4374 3492 4443 εὐχήν

1900 4460 2104 4516 δέδωκε.
2130 4460 2246 4516 Μετ’
2278 4461 2437 4533 ὀλίγον
2466 4460 2517 4514 δὲ
2559 4468 2651 4519 τῆς
2694 4460 2856 4529 εὐχῆς
2904 4458 3285 4533 πληρωθείσης,
3333 4463 3381 4513 ἐν
3429 4470 3491 4535 τῇ

1899 4560 1990 4611 τῆς
2024 4552 2250 4623 εὐλογίας
2286 4554 2436 4605 αὑτοῦ
2475 4558 2609 4624 φωνῇ
2649 4548 2861 4619 δύναμιν
2884 4548 3139 4607 τοσαύτην
3168 4550 3193 4603 ὁ
3220 4549 3493 4618 στόμαχός

1899 4664 1993 4714 μον
2025 4642 2207 4697 ἔλαϐεν
2225 4684 2237 4703 ,
2266 4644 2399 4695 ὥστε
2431 4642 2688 4698 παντελῶς
2718 4640 2769 4691 ἐκ
2797 4648 2887 4698 τῆς
2908 4644 3108 4709 μνήμης
3130 4661 3231 4709 μου
3262 4646 3351 4699 τῆν
3381 4660 3495 4712 τρο·

208 4756 364 4795 mens
391 4752 575 4806 esset,
607 4743 964 4798 obliviscebar
996 4744 1237 4797 funditus
1283 4744 1611 4815 egritudinis
1642 4761 1797 4799 mea:.

1909 4740 1996 4806 φῆν
2024 4736 2105 4787 καί
2140 4739 2228 4791 τήν
2269 4733 2529 4787 ἀσθένειαν
2558 4732 2784 4803 ἀρθῆναι.
2817 4731 3063 4802 ἠρξάμην
3092 4736 3258 4787 τοίνυν
3296 4734 3491 4801 θαυμά-

205 4832 263 4886 Si
297 4848 450 4898 vero,
479 4844 536 4887 ut
569 4834 811 4902 praedixi,
844 4836 1043 4889 rediret
1072 4837 1330 4903 {egritudo
1360 4836 1425 4888 ad
1459 4837 1795 4901 memoriam,

204 4942 328 4978 cum
364 4936 470 4978 tam
501 4927 689 4979 fortem
733 4943 820 4982 me
850 4942 968 4982 esse
996 4930 1272 4991 sentirem,
1318 4928 1550 4981 mirabar
1600 4929 1643 4982 si
1693 4944 1798 4981 non

206 5017 587 5071 comedissent.
636 5018 736 5083 Qui
766 5019 833 5073 ad
875 5034 1155 5086 vesperam
1206 5020 1447 5083 veniens,
1498 5028 1660 5073 tante
1715 5035 1801 5074 me

204 5107 534 5161 fortitudinis
562 5108 763 5171 inveni,
808 5119 864 5164 ut
894 5109 941 5163 si
982 5110 1300 5171 voluissem,
1334 5108 1595 5178 jejunium
1634 5124 1800 5175 usque

204 5201 273 5254 ad
302 5201 446 5257 diem
478 5201 710 5257 alterum
744 5202 1033 5257 transierre
1064 5202 1375 5270 potuissem.
1400 5200 1564 5270 353
1594 5199 1789 5267 Sicque

276 5398 306 5428 ⁸
340 5388 589 5459 Longip.,
619 5387 876 5442 interdici.
898 5384 1177 5459 Consentit
1206 5383 1473 5459 secundus
1502 5382 1709 5438 Theod.

282 5461 310 5497 δ
350 5462 442 5516 Sic
458 5454 750 5528 legendum
780 5458 973 5511 suadet
1007 5455 1274 5528 unanimis
1316 5454 1442 5508 Mss.
1474 5467 1790 5528 consensus.

206 5531 263 5587 In
295 5546 361 5584 ru
385 5522 546 5600 satis.
574 5538 776 5585 tantum
821 5528 1006 5596 babes,
1046 5527 1268 5596 ingressi
1313 5540 1512 5588 sumus,
1534 5522 1793 5576 humiliter

204 5615 462 5725 ‘e‘f.\'al.
490 5668 571 5724 Cl.
604 5678 656 5723 et
682 5668 788 5722 duo
814 5666 1018 5721 Theod.
1044 5706 1057 5727 ,
1088 5666 1141 5718 in
1171 5664 1570 5735 dispensatione.

276 5738 304 5778 ’ί
333 5741 457 5805 ιιξη
484 5743 637 5796 αὑτὸν
664 5740 837 5812 μικρὸν
866 5760 916 5793 τι
945 5736 1187 5791 ἐκδοῦναι.

499 5836 769 5893 ΡΑτιιοι.
819 5830 1138 5890 LXXVII.

1909 4831 2009 4890 ζειν
2047 4828 2123 4884 τίς
2147 4824 2305 4894 ἥμην,
2350 4826 2432 4877 καὶ
2461 4827 2538 4883 τίς
2570 4823 2820 4895 ἐγενόμην.
2848 4820 2970 4877 ὀτε
3000 4822 3052 4878 δὶ
3086 4828 3165 4878 καί
3191 4825 3492 4897 ἐπέστρεφεν

1908 4919 1959 4970 ἐν
1987 4918 2098 4985 ἐμοὶ
2128 4918 2157 4974 ἠ
2186 4916 2435 4977 ἀσθένεια,
2480 4912 2619 4969 οὐδὲν
2657 4915 2707 4977 ἓξ
2752 4916 2948 4968 ἐκείνων
2988 4916 3280 4989 ἐγνώριζον,
3325 4912 3490 4989 ὦνπερ

1908 5008 2148 5079 ἔπασχον
2187 5011 2378 5086 πρώην.
2411 5012 2573 5060 Ἧνίκα
2607 5005 2659 5060 δὲ
2699 5008 2747 5060 ἐν
2771 5015 2832 5081 τῆ
2871 5014 2963 5061 τοῦ
2988 5011 3328 5080 μοναστηρίου
3370 5006 3494 5061 διοι-

1906 5104 2050 5158 κήσει
2075 5100 2362 5171 ἔπασχελος
2392 5098 2675 5171 ὁλογισμός
2702 5120 2797 5171 μου
2832 5099 3065 5174 ὑπῆρχε,
3097 5100 3353 5159 παντελῶς
3384 5101 3493 5153 ἕπε·

1894 5194 2195 5265 λανθανόμην
2223 5201 2314 5253 τῆς
2334 5192 2592 5253 ἀσθενείας
2614 5213 2732 5263 μου.
2757 5190 2867 5245 Ἐὰν
2888 5191 2941 5247 δὲ
2960 5232 2974 5258 ,
3006 5194 3169 5254 καθώς
3213 5199 3479 5269 προεῖπον,

1974 5390 1999 5416 ⁸
2034 5379 2154 5445 Ms.,
2182 5381 2233 5443 ἒξ
2262 5381 2420 5445 ἡμῶν.

1978 5448 1997 5487 ί
2030 5451 2152 5523 bis,
2273 5452 2431 5523 εὑχῇ.

1976 5529 2000 5566 Β
2026 5520 2143 5584 Μ»,
2176 5518 2308 5582 ἰάθη,
2343 5518 2476 5573 ὥστε
2505 5518 2756 5580 παντελῶς
2786 5523 2872 5573 τοῦ
2900 5518 3100 5571 λοιποῦ.

1974 5589 2000 5627 ¹³
2034 5591 2153 5654 Ms.,
2188 5592 2541 5645 ἀνασπᾶσθαι.

1982 5660 1993 5690 ί
2032 5661 2153 5725 315.,
2185 5664 2340 5733 μικρά
2361 5660 2554 5718 παιδία.

1978 5734 1993 5781 ι
2033 5733 2154 5799 Μεο,
2187 5732 2333 5806 ὑπέρ.
