3934 6308
433 350 531 404 ἰτυῦ
1166 340 1184 349 “
1646 332 1891 387 SANCTI
1932 331 2052 385 ΟΜ

2172 327 2260 381 Rll
2303 325 2515 381 MAGNI
3590 317 3692 373 5οι

432 469 593 521 inim
621 459 920 515 ἀνεπαύετο,
962 456 1135 510 ἔπειτα
1161 453 1213 507 δέ
1249 458 1325 508 καὶ
1352 451 1488 525 παρὰ
1516 455 1607 505 τοῦ
1635 446 1815 506 παιδὸς
1838 453 1929 500 τοῦ
1949 453 2012 518 τῇ
2042 479 2052 501 ε

2174 456 2273 509 quc
2297 441 2347 492 in
2374 437 2650 506 superiora
2682 437 2869 490 domus
2894 449 3073 488 secum
3101 432 3166 485 ad
3190 430 3480 486 oratorium
3508 431 3701 491 duxit,

2120 531 2205 583 tibi
2240 545 2334 597 pro
2376 543 2439 581 eo
2470 527 2692 579 liberius
2722 525 2950 578 orationi
2979 522 3237 584 incubuit,
3269 532 3322 575 et
3361 521 3541 574 statim
3573 536 3704 574 eum

2119 639 2305 675 sanum
2330 621 2392 673 ad
2428 622 2616 672 let-tum
2644 618 2910 685 proprium
2937 616 3167 681 reduxit,
3194 616 3261 667 ita
3292 623 3350 667 ut
3379 612 3553 666 nullas
3573 613 3707 665 ulte-

2123 718 2229 766 rius
2283 728 2443 766 voccs
2483 712 2687 775 ederet,
2740 726 2837 764 nec
2880 711 2989 778 jam
3029 718 3347 777 wgrotorum
3393 707 3703 774 quempiam

2120 806 2298 869 aliquo
2347 807 2580 858 clamore
2627 804 2999 873 perturbaret;
3043 817 3142 856 nec
3182 803 3290 870 jam
3322 802 3701 867 aegritudinem

2122 897 2267 949 auxit
2297 898 2545 956 alii-nam,
2576 896 2661 963 qui
2697 896 2927 961 perfecte
2958 903 3233 961 receperat
3264 901 3498 946 mentem
3523 907 3699 946 suam.

2131 986 2206 1038 Ex
2238 1000 2343 1052 quo
2369 988 2484 1051 ejus
2510 1001 2613 1036 uno
2645 987 2781 1037 iacto
2808 985 3095 1038 didicimus
3137 990 3196 1037 nt
3222 981 3290 1038 de
3315 997 3379 1037 eo
3405 983 3496 1038 illa
3527 985 3706 1037 omnia

2134 1076 2313 1129 audita
2337 1076 2702 1128 crederemus.

431 557 573 607 νυκτί
596 552 749 625 ἐκείνῃ
764 558 869 607 τοῖς
895 548 1181 619 ἀρρώστοις
1202 540 1537 598 δουλεύοντος.
1562 536 1758 609 Ἐλεγεν
1780 532 1862 589 οὖν
1886 534 1965 588 ὅτι
1989 533 2015 588 ὁ

435 649 593 706 αὐτὸς
616 645 991 699 εὖλαϐἑστατος
1007 637 1359 710 πρεσϐύτερος
1384 634 1435 685 ἐκ
1454 639 1542 689 τῆς
1567 636 1833 702 στρωμνῆς
1857 626 2014 678 αὐτοῦ

434 738 750 803 ἂναστάς,ἐν
774 746 833 805 τῇ
868 736 1000 804 κλίνῃ
1028 736 1116 785 τοῦ
1142 738 1163 763 ο
1192 731 1556 801 φρενετιοῦντος
1573 726 1832 791 μυστικῶς
1857 735 2019 787 παρε-

438 832 627 901 γένετο.
650 829 735 880 καὶ
763 824 927 879 ἐπάνω
958 824 1110 875 αὐτοῦ
1133 821 1233 877 θεὶς
1256 819 1348 874 τάς
1379 822 1563 890 χεῖρας
1595 809 1801 873 ηὔξατο.
1833 807 2018 863 Εὐθέως

447 923 499 976 δὲ
541 930 760 995 κρεῖττον
788 918 937 971 αὐτὸν
984 913 1248 984 ἐσχηκότα
1288 912 1462 981 ἐπῇρε,
1508 908 1590 957 καί
1623 907 1693 963 εἷς
1721 904 1785 955 τά
1827 902 2021 969 ἀνώγεα

442 1019 533 1065 τοῦ
565 1010 699 1065 οἴκου
730 1012 780 1063 ἐν
809 1017 879 1076 τῷ
908 1009 1150 1078 εύκτηρίῳ
1173 999 1279 1070 μεθ’
1304 1001 1484 1053 ἑαυτοῦ
1514 998 1766 1063 error/«75'
1802 993 1885 1042 καί
1911 989 2021 1041 κατ’

442 1101 573 1156 ἰδίαν
602 1110 661 1173 τῇ
694 1102 824 1173 εὐχῇ
852 1098 1124 1158 ἐπικλίνας,
1158 1093 1338 1149 εὐθέως
1364 1089 1516 1143 αὐτὸν
1544 1087 1658 1154 ύγιῆ
1689 1086 1757 1140 εἰς
1786 1086 1872 1137 την
1905 1077 2029 1132 ἰδίαν

440 1195 608 1250 κλίνην
637 1196 917 1263 ἀπήγαγεν,
948 1192 1076 1242 ὥστε
1121 1192 1212 1241 τοῦ
1258 1184 1430 1237 λοιποῦ
1474 1183 1540 1249 μή
1570 1199 1622 1232 τε
1648 1176 1808 1248 φωνάς
1854 1172 2007 1225 αὐτὸν
2045 1170 2235 1237 ἀφιέναι
2256 1208 2269 1229 ,
2298 1173 2425 1235 μήτε
2454 1169 2564 1221 τινά
2600 1174 2697 1220 τῶν
2726 1168 3060 1221 ἀσθενούντων
3088 1167 3144 1220 τὸ
3167 1166 3375 1220 σύνολον
3403 1164 3709 1239 ταράσσειν.

440 1288 727 1342 immeo»
768 1288 865 1361 γάρ
912 1283 1112 1341 τελείως
1152 1278 1429 1350 ἐρρωμένον
1456 1276 1542 1330 τὸν
1578 1273 1764 1325 ἑαυτοῦ
1799 1265 2057 1337 λογισμὸν,
2107 1263 2365 1335 ἀλλοτρίαν
2406 1262 2664 1315 ἀσθένειαν
2709 1262 2767 1314 οῦ
2804 1261 3078 1335 προσέθετο
3115 1267 3203 1314 τοῦ
3257 1260 3431 1315 λοιποῦ
3472 1260 3713 1332 ταράξαι.

442 1382 523 1437 Ἐκ
549 1383 737 1435 τούτου
770 1373 853 1431 οὖν
881 1383 970 1430 τοῦ
1010 1375 1116 1433 ἐνὸς
1156 1373 1410 1439 θαύματος
1446 1373 1536 1422 τοῦ
1578 1363 1665 1418 ὑπ’
1688 1364 1845 1416 αὑτοῦ
1876 1353 2156 1430 γεγονότος,
2190 1351 2348 1427 οὗπερ
2388 1354 2562 1407 θεαταί
2606 1352 2895 1423 γεγόναμεν,
2943 1353 3027 1405 καί
3066 1354 3233 1406 πάντα
3278 1355 3343 1407 τά
3390 1354 3507 1426 περὶ
3559 1352 3717 1405 αὐτοῦ

446 1473 776 1534 ἀκουσθέντα,
808 1469 958 1525 άληθῆ
986 1462 1105 1520 εἶναι
1129 1464 1453 1529 πιστεύομεν.

518 1570 685 1614 ΠΕΤΡ.
716 1559 934 1626 Μεγίστη
978 1550 1207 1621 οἶκοδομὴ
1247 1549 1503 1606 πολιτείας
1548 1544 1873 1619 προσγίνεται
1895 1576 1908 1598 ν
1942 1541 2028 1590 τοῦ

448 1654 699 1724 θεωρῆσαι
730 1646 914 1715 ἄνδρας
936 1644 1172 1710 θαύματα
1200 1645 1496 1699 ποιοῦντας,
1516 1637 1600 1687 καί
1623 1635 1743 1690 τούς
1770 1638 1859 1688 τῆς
1886 1630 2035 1681 ἐπου-

447 1742 620 1814 ρανίου
645 1736 977 1809 Ἰερουσαλὴμ
1003 1734 1213 1790 πολίτας
1242 1732 1288 1782 ἐν
1312 1738 1372 1801 τῇ
1400 1735 1463 1801 γῇ
1487 1725 1803 1799 θεωρεῖσθαι.

971 1824 1133 1893 358
1163 1830 1382 1874 ΚΕΦΑᾹ.
1412 1816 1527 1882 Ag".

562 1923 677 1997 Περὶ
704 1919 1017 1987 Μαξιμιανοῦ
1046 1910 1328 1968 ἐπισκόπου
1356 1909 1551 1967 πόλεως
1578 1904 1927 1978 Συρακούσης.

526 1993 857 2069 ΓΡΗἾΓΟΡΙΟΣ.
887 2007 1011 2063 Οὐδὲ
1040 2012 1188 2060 τοῦτο
1222 2007 1635 2077 παρασιωπῆσαι
1662 1995 1849 2050 δίκαιον
1883 1993 2038 2064 ἡγοῦ-

457 2127 566 2175 μαι,
615 2102 736 2171 ὅπερ
784 2100 809 2154 ὁ
847 2095 1228 2163 παντοδύναμος
1287 2092 1407 2150 Θεὸς
1445 2089 1749 2164 κατηξίωσεν
1797 2082 2042 2144 ἐπιδεῖξαι

456 2198 629 2265 θαῦμα
658 2196 729 2251 εἰς
756 2188 1059 2260 Μαξιμιανὸν
1081 2187 1163 2240 τὸν
1194 2186 1351 2238 αὐτοῦ
1384 2183 1594 2251 οόεέτην,
1623 2180 1707 2231 τὸν
1745 2179 1853 2228 νυνί
1883 2187 2039 2249 lupat-

458 2287 673 2339 κουσίων
696 2283 985 2340 ἐπίσκοπον,
1009 2277 1119 2330 τότε
1152 2274 1204 2329 δέ
1240 2280 1330 2328 τοῦ
1364 2275 1481 2341 ἐμοῦ
1519 2268 1859 2343 μοναστηρίου
1891 2266 2047 2334 ἡγού-

462 2396 607 2443 μενον
635 2375 962 2444 ὑπάρχοντα.
994 2366 1069 2420 Ἐν
1106 2368 1204 2438 γάρ
1238 2372 1310 2435 τῷ
1340 2361 1578 2416 διακονεῖν
1608 2379 1667 2428 με
1708 2359 1757 2410 ἐν
1790 2372 2047 2410 Κωνσταν-

471 2464 763 2521 τινουπόλει,
814 2468 875 2535 τῇ
922 2466 1010 2513 τοῦ
1062 2462 1391 2530 πατριάρχου
1456 2474 1554 2522 μου
1614 2450 1839 2503 κελεύσει
1868 2489 1882 2511 ,
1937 2454 2048 2505 ταῖς

469 2554 904 2609 ἐκκλησιαστικειῖς
932 2550 1287 2622 ἀποκρίσεσιν,
1328 2543 1352 2596 ὁ
1390 2544 1536 2601 αὐτὸς
1559 2539 1923 2596 εζλαϐέστατος
1942 2548 2049 2590 Μα-

464 2649 683 2719 ξιμιανὸς
725 2647 921 2717 ἀγάπης
951 2644 1109 2697 ἕνεκεν
1138 2634 1269 2710 μετὰ
1308 2635 1525 2709 ἀδελφῶν
1554 2634 1577 2671 ῒ)
1622 2636 1752 2706 πρὸς
1796 2652 1858 2701 με
1889 2651 2052 2704 παρε-

469 2721 660 2811 γένετοῖ
684 2735 757 2790 Ἐν
789 2736 840 2789 δὲ
879 2743 950 2807 τῷ
980 2732 1310 2806 ὑποστρέφειν
1354 2729 1499 2783 αὐτὸν
1538 2728 1620 2779 ἐπὶ
1657 2723 1975 2794 τηνῬὼμην,
2003 2723 2051 2775 ἐν

467 2837 541 2899 τῷ
560 2826 767 2898 πελάγει
800 2835 819 2861 °
852 2834 941 2884 τῆς
967 2822 1206 2898 ’Δδρείας,
1232 2819 1545 2892 σφοδροτάτῃ
1588 2818 1774 2888 ἀνάγκη
1804 2833 2051 2869 καταπιε-

468 2924 627 2980 σθεὶς,
661 2918 933 2996 παραδόξῳ
959 2920 1043 2970 καί
1074 2916 1443 2985 άνεξιχνιάστῳ
1475 2914 1699 2980 θαύματι
1729 2909 2053 2984 πέριξ-αὐτοῦ

472 3016 552 3066 καί
587 3020 685 3066 τῶν
723 3014 817 3066 σὺν
859 3012 997 3079 αὐτῷ
1037 3005 1223 3072 ὄντων,
1263 3005 1459 3060 καὶτὸν
1488 3003 1645 3073 θυμὸν
1674 3006 1761 3055 τοῦ
1796 2995 2049 3053 παντοδυιι

470 3107 629 3178 νάμου
661 3109 786 3157 Θεοῦ
814 3105 895 3155 καί
929 3106 1017 3158 την
1058 3099 1439 3167 εύσπλαγχνίαν
1482 3096 1687 3165 ἐπέγνω.
1721 3089 1931 3158 Ἀνέμων
1957 3092 2055 3163 γάρ

2214 1528 2379 1584 Ρετῐι.
2416 1530 2598 1600 Magna
2634 1530 2754 1582 vita:
2785 1527 3066 1581 aediﬁcatio
3095 1536 3197 1592 est,
3232 1527 3412 1582 videre
3436 1528 3578 1581 viros
3607 1536 3717 1581 tam

2142 1622 2271 1674 mira
2304 1620 2580 1686 facientes,
2611 1628 2770 1689 atque
2814 1620 2864 1673 in
2893 1619 3099 1673 civibus
3128 1619 3239 1673 suis
3269 1619 3564 1675 Jerusalem
3605 1634 3722 1674 cce-

2146 1716 2331 1768 testem
2358 1717 2410 1767 in
2440 1723 2581 1767 terra
2612 1713 2945 1780 conspicere.

2564 1803 2721 1874 357
2761 1802 2986 1857 CAPUT
3023 1801 3262 1856 XXXVI.

2270 1886 2692 1950 De'Maxt'miano
2718 1896 3065 1965 Syracusana:
3087 1895 3304 1949 civitatis
3329 1895 3585 1965 epismpo.

2216 1990 2547 2044 GBEGORIUS.
2572 1988 2753 2055 Neque
2786 1988 2887 2040 boc
2906 1986 3172 2039 silendum
3198 1996 3344 2055 puto,
3380 1984 3521 2053 quod
3550 1984 3727 2037 omni-

2145 2091 2335 2150 potens
2383 2081 2518 2132 Deus
2561 2094 2722 2146 super
2750 2087 2773 2115 ε
2805 2078 3187 2131 Maximianum
3237 2075 3494 2131 famulum
3543 2090 3727 2138 suum,

2145 2186 2286 2225 nunc
2317 2170 2711 2241 Syracusanum
2755 2170 3084 2237 episcopum,
3110 2177 3239 2222 tunc
3259 2178 3437 2222 autem
3477 2169 3580 2222 mei
3614 2183 3729 2221 mo-

2148 2262 2368 2316 nasterii
2402 2261 2634 2325 Patrem,
2669 2261 2915 2329 dignatus
2952 2270 3035 2313 est
3057 2269 3358 2314 monstrare
3389 2260 3728 2312 miraculum.

2146 2352 2282 2404 Nam
2312 2351 2437 2405 dum
2465 2351 2705 2419 iussione
2738 2348 3005 2418 pontiﬁcis
3031 2350 3132 2402 ntei
3162 2349 3213 2402 in
3238 2348 3732 2417 Constantinopoli-

2150 2451 2289 2495 tanae
2336 2441 2483 2495 urbis
2528 2442 2723 2509 palatio
2770 2440 3044 2507 responsis
3072 2438 3452 2493 ecclesiasticis
3490 2436 3735 2491 deservi-

2152 2550 2285 2600 rem,
2319 2533 2442 2586 illuc
2489 2534 2554 2585 ad
2589 2546 2674 2585 me
2704 2531 2843 2585 idem
2869 2529 3191 2585 venerabilis
3222 2528 3571 2583 Maximianus
3600 2531 3734 2582 cna-

2154 2625 2312 2678 ritate
2369 2626 2615 2690 exigente
2665 2635 2785 2674 cum
2837 2617 3091 2673 fratribus
3129 2618 3294 2673 venit.
3346 2616 3445 2687 Qui
3493 2633 3614 2671 cum
3659 2618 3731 2670 ad

2152 2716 2535 2768 monasterium
2575 2727 2752 2766 meum
2780 2710 3002 2764 Romam
3034 2709 3256 2777 rediret,
3288 2708 3341 2763 in
3380 2708 3511 2763 mari
3541 2710 3738 2763 Adria-

2156 2803 2261 2858 tico
2308 2803 2471 2857 nimia
2540 2810 2855 2869 tempestate
2904 2800 3309 2873 deprehensus,
3365 2800 3735 2854 inaasumablli

2154 2895 2339 2949 ordine
2366 2902 2524 2962 atque
2564 2891 2821 2947 inusitato
2852 2892 3107 2946 miracqu
3145 2907 3271 2960 erga
3301 2906 3360 2945 se
3405 2903 3738 2961 cunctosque

2155 2985 2384 3055 quicum
2407 3000 2471 3039 eo
2501 2986 2743 3048 aderant,
2768 2978 3149 3051 omnipotentis
3181 2981 3270 3035 Dei
3295 2991 3349 3035 et
3377 2983 3508 3036 iram
3538 2997 3736 3052 cogno-

2158 3081 2255 3141 vit,
2287 3076 2605 3143 etgratiam.
2635 3072 2767 3127 Nam
2807 3088 2927 3126 cum
2960 3074 3009 3125 in
3037 3087 3221 3126 eorum
3255 3081 3425 3126 morte
3456 3084 3739 3125 ventorum

476 3191 703 3267 σφοδρῶν
733 3192 1066 3249 ἐπιστάντων,
1097 3189 1181 3239 καί
1205 3192 1305 3241 τῶν
1332 3181 1567 3253 κυμάτων
1589 3180 1932 3249 αὐξανομένων
1951 3218 1962 3239 ,
1985 3180 2051 3231 τά

2170 3168 2519 3223 nimietatibus
2541 3165 2729 3220 elevati
2774 3165 2964 3219 ﬂuctus
2992 3165 3264 3228 saevirent,
3294 3178 3359 3218 ex
3402 3162 3523 3217 navi
3549 3162 3567 3202 ί
3597 3166 3739 3219 clavi

474 3291 562 3339 τοῦ
592 3284 767 3339 πλοίου
799 3278 824 3316 ἀ
854 3281 1093 3351 ηλὼματοι
1120 3277 1535 3338 άνεσπάσθησαν,
1563 3275 1621 3328 τὸ
1646 3271 1882 3348 κατάρτςν
1910 3267 2056 3323 ἐκλά-

477 3380 589 3442 σθη,
619 3378 682 3430 τά
712 3372 899 3449 ἄρμενα
927 3371 976 3426 έν
1015 3380 1077 3444 τῇ
1109 3370 1339 3441 θαλάσσῃ
1386 3367 1681 3438 ἐρρίφησαν,
1737 3364 1820 3415 καὶ
1860 3360 1968 3415 ὅλον
2001 3362 2058 3416 τὸ

478 3469 643 3522 πλοῖον
674 3469 726 3519 ἐκ
751 3474 841 3524 τῆς
866 3472 964 3519 τῶν
992 3464 1231 3531 κυμάτων
1261 3461 1375 3531 βίνς
1406 3456 1632 3520 δονηθέν,
1680 3456 1731 3508 ἐκ
1767 3456 1937 3513 πάσης
1962 3454 2056 3508 αύ-

474 3568 564 3615 τοῦ
589 3560 833 3631 ἁρμονίας
862 3555 1079 3612 διελύθη.
1110 3562 1218 3607 Τῶν
1247 3548 1334 3607 οὖν
1356 3551 1527 3623 ἁρμῶν
1547 3592 1560 3614 ,
1596 3552 1663 3608 ὡς
1688 3546 1881 3622 εἴρηται
1902 3589 1914 3609 ,
1945 3546 2058 3600 δια-

476 3653 735 3711 λυθεντων,
764 3646 898 3701 ἔνδον
928 3648 956 3703 ἡ
988 3646 1218 3699 θάλασσα
1240 3641 1556 3703 εἰσελθοῦσα,
1587 3641 1681 3699 ἕως
1700 3647 1799 3693 τῶν
1826 3639 2060 3710 ἀνωτέρω

484 3741 706 3797 σανίδων
736 3741 791 3793 τὸ
811 3740 983 3793 πλοῖον
1026 3739 1271 3808 ἐγέμισεν,
1304 3738 1437 3790 ὥστε
1469 3736 1592 3804 οὐχὶ
1617 3739 1859 3788 τοσοῦτον
1884 3734 1933 3785 ἐν
1954 3739 2063 3791 τοῖς

482 3838 701 3905 κύμασιν
729 3830 852 3886 ε’ναι
874 3833 928 3885 τὸ
950 3828 1017 3883 πλ
1047 3837 1135 3889 ῖον,
1162 3826 1281 3881 ὅσον
1308 3825 1441 3880 ἔνδον
1470 3833 1559 3880 τοῦ
1586 3825 1762 3878 πλοίου
1802 3825 1869 3878 τὰ
1899 3826 2063 3892 κῦμα-

485 3945 570 3976 τκ.
600 3920 745 3975 ’Ὅθεν
772 3920 945 3973 λοιπέν
967 3920 1152 3978 πάντες
1178 3918 1223 3971 οί
1253 3918 1299 3969 έν
1330 3924 1401 3984 τῷ
1423 3915 1599 3985 πλοίῳ,
1626 3916 1747 3983 ούχί
1766 3919 2067 3985 γειτνικζον-

482 4035 547 4066 τα
575 4013 657 4064 τὸν
688 4012 917 4074 θάνατον,
948 4009 1070 4061 ἀλλά
1098 4014 1199 4065 τοῖς
1230 4006 1493 4077 ἰφθαλμοῖς
1523 4004 1748 4077 παρόντα
1777 4002 1921 4057 αὐτὸν
1943 4004 2066 4055 θεω-

486 4108 712 4180 ροῦντες,
760 4103 806 4154 ἐν
854 4100 1004 4173 πολλῇ
1052 4105 1264 4172 ταραχῇ
1313 4098 1588 4169 γεγονότες,
1634 4096 1845 4153 ἑαυτούς
1896 4094 2066 4152 ἠσπά-

485 4218 664 4258 σαντο,
715 4198 795 4248 καὶ
839 4198 933 4248 τοῦ
976 4194 1208 4260 σώματος
1255 4194 1335 4242 καὶ
1400 4188 1614 4258 αἵματος
1658 4194 1745 4240 τοῦ
1804 4190 2066 4259 λυτρωτοῦ

490 4290 627 4356 ἡμῶν
655 4291 780 4339 Θεοῦ
831 4287 913 4336 καὶ
959 4284 1131 4356 κυρίου
1180 4281 1345 4337 Ἰησοῦ
1402 4284 1621 4355 Χριστοῦ
1678 4277 2066 4348 μεταλαϐόντες,

489 4379 628 4449 αὐτῷ
650 4379 742 4435 τὰς
769 4374 952 4444 ψυχάς
980 4374 1144 4426 αὐτῶν
1174 4372 1479 4444 παρέθεντο,
1522 4368 1659 4428 ὅπως
1686 4370 1878 4426 ταύτας
1925 4371 2071 4437 εἶμε-

489 4477 580 4529 νῶς
611 4466 936 4530 ύποδέξηται,
968 4463 1033 4518 οἶν
1059 4466 1123 4518 τά
1153 4467 1369 4532 σώματα
1398 4464 1443 4514 ἐν
1466 4463 1678 4530 τοιούτῳ
1700 4462 1894 4531 φοϐερῷ
1914 4462 2073 4529 θανά-

491 4586 564 4629 τῳ
585 4557 927 4637 παραδοθῆναι
952 4558 1341 4629 συνεχώρησεν.
1368 4553 1506 4607 ’0.δέ
1539 4551 1911 4624 παντοδύναμος
1935 4553 2079 4616 Θεὸς,

490 4654 515 4709 ὁ
543 4656 660 4712 τούς
688 4654 848 4705 αὐτῶν
885 4650 1161 4719 λογισμούς
1200 4647 1424 4719 φοϐερῶς
1451 4644 1785 4707 καταπλήξας,
1827 4648 1916 4702 την
1947 4645 2071 4698 τού-

488 4766 589 4802 των
652 4748 781 4807 ζωὴν
844 4742 1141 4811 θαυμασίως
1186 4739 1438 4810 ἐφύλαξεν.
1501 4739 1669 4811 Μέχρι
1729 4736 1827 4811 γὰρ
1880 4736 2073 4812 ἡμερῶν

566 4885 590 4961 ξ
615 4877 738 4961 ἔξω,
771 4873 1068 4961 (ξρενιὸντοςὶ.
1100 4872 1372 4959 Fortasse,
1397 4875 1757 4943 φρενιτιῶντος.

567 4946 594 4985 ι)
620 4947 743 5011 Ms.,
777 4946 940 5017 ἐκεῖσε
954 4947 1093 5017 ’πρὸς

572 5027 595 5055 ο
628 5018 749 5081 MS.,
779 5021 869 5070 τοῦ
891 5013 1112 5085 Ἀδρίας.

566 5085 592 5123 ά
623 5080 741 5146 Ms.,
772 5080 1011 5157 ἠλὼματα
1042 5082 1471 5139 συνεσπάσθησαν
1490 5120 1505 5144 ,
1544 5082 1601 5135 τὸ
1641 5080 1913 5154 κατάρτιον
1935 5099 2081 5133 συνι-

496 5159 668 5231 τρίϐη,
698 5159 763 5210 τά
790 5156 1005 5230 ἄρμενα.

576 5237 597 5263 ε
633 5228 798 5279 Huius
842 5223 1088 5278 meminit
1137 5221 1476 5279 Mat'tvrolog.
1525 5221 1708 5279 Rom..
1742 5217 1793 5271 di

681 5229 798 5293 ujtts
824 5216 1088 5278 'meniinit
1137 5221 1501 5293 Martyrolog._
1525 5221 1708 5293 Rom.,
1742 5217 1832 5293 die
1873 5216 1906 5269 9
1947 5218 2077 5293 _lun.

499 5297 667 5350 Porro
687 5288 806 5360 quae
852 5294 939 5346 hic
970 5288 1285 5353 narrantur,
1312 5306 1376 5344 ex
1421 5290 1670 5360 epistolai
1690 5290 1755 5360 ad
1784 5288 2081 5341 Leandrum

501 5368 654 5419 libris
678 5364 866 5418 Moral.
895 5361 1622 5432 prmmissarconﬁrntantur.
1650 5359 1831 5432 Plures
1878 5366 2087 5432 exstant

501 5438 564 5487 ad
592 5450 717 5488 eum
745 5427 988 5495 Gregorii
1014 5431 1275 5497 epistolae,
1303 5436 1437 5500 quas
1468 5431 1685 5500 legesis.
1712 5428 1955 5500 Amicum
1975 5427 2085 5495 jam

503 5522 533 5559 e
566 5506 696 5558 vivis
726 5502 988 5557 sublatum
1012 5501 1173 5555 deﬂet
1200 5498 1359 5568 epist.
1396 5504 1457 5555 Π
1491 5502 1582 5552 lih.
1611 5516 1642 5549 v
1676 5498 1859 5551 indict.
1893 5498 1980 5550 15.

585 5574 700 5627 fIta
736 5573 973 5641 plerique
1004 5583 1057 5625 et
1090 5572 1323 5635 potiores
1351 5572 1478 5625 Mss.
1519 5570 1633 5623 Val.
1658 5568 1766 5633 CL,
1800 5568 1944 5621 clavo
1972 5583 2089 5638 per-

505 5644 636 5697 dito.
672 5644 806 5697 Edit.
838 5644 1032 5696 habent
1061 5642 1215 5694 clavis
1249 5642 1479 5703 perditis.

580 5714 829 5775 80erm.,
875 5716 980 5767 duo
1022 5713 1225 5765 'I‘neod.
1270 5720 1324 5763 et
1371 5712 1503 5778 pler.
1552 5709 1757 5773 Norm.,
1803 5724 1867 5762 ex
1914 5708 2089 5761 mortis

512 5787 716 5852 vicinia,
753 5784 833 5838 vel
866 5784 1069 5849 vicinia,
1098 5782 1184 5835 vel
1217 5782 1491 5835 vicinitate.

2161 3260 2375 3327 perditi,
2423 3260 2582 3313 arbor
2608 3259 2846 3311 abscissa
2876 3267 2978 3322 est,
3024 3258 3139 3311 vela
3188 3256 3240 3309 in
3292 3256 3446 3310 undis
3479 3257 3742 3324 proiecta,

2162 3358 2440 3419 totumque
2476 3363 2569 3403 vas
2613 3347 2763 3402 navis
2794 3355 3098 3416 quassatum
3148 3346 3327 3401 nimiis
3373 3346 3644 3414 ﬂuctibus,
3677 3348 3745 3401 ab

2163 3444 2311 3496 omni
2351 3442 2523 3493 fuerat
2562 3452 2658 3492 sua
2687 3452 2943 3506 compage
2972 3436 3310 3491 dissolutum.
3360 3436 3529 3491 Rimis
3562 3437 3747 3506 itaque

2161 3532 2467 3600 patentibus
2496 3529 2707 3584 intravit
2738 3543 2903 3592 mare,
2946 3538 3106 3597 atque
3132 3544 3300 3599 usque
3328 3531 3393 3583 ad
3435 3529 3748 3603 superiores

2163 3622 2372 3677 tabulas
2400 3620 2637 3690 implevit
2663 3633 2880 3686 navem,
2917 3619 2987 3672 itu
3028 3626 3088 3672 ut
3132 3634 3235 3673 non
3282 3630 3387 3672 tam
3420 3622 3575 3672 navis
3603 3619 3746 3672 intra

2164 3714 2334 3767 undas
2365 3729 2518 3782 quam
2554 3711 2709 3765 unda}
2732 3709 2844 3779 jam
2873 3710 3012 3764 intra
3044 3724 3231 3765 natent
3260 3725 3380 3764 esse
3409 3709 3745 3764 viderentur.

2164 3804 2314 3859 Tunc
2344 3804 2392 3857 in
2436 3804 2621 3857 eadem
2655 3804 2777 3855 navi
2824 3802 3120 3856 residentes
3150 3816 3255 3855 non
3274 3801 3382 3869 jam
3413 3809 3437 3848 ε
3463 3817 3530 3855 ex
3576 3810 3750 3855 morte

2170 3895 2369 3958 vicina,
2402 3893 2494 3947 sed
2520 3908 2586 3946 ex
2618 3894 2730 3962 ipsa
2761 3894 2876 3961 ejus
2901 3892 3188 3961 praesentia
3218 3906 3280 3945 ac
3311 3891 3516 3946 visione
3548 3890 3748 3946 turbati

2168 4004 2377 4052 omnes,
2429 3987 2641 4042 sibimet
2672 3985 2698 4023 ιι
2724 4000 2907 4055 pacem
2938 3982 3224 4050 dederunt,
3274 3998 3470 4053 corpus
3517 3992 3574 4039 et
3615 3998 3750 4037 san-

2169 4084 2383 4154 guinem
2442 4079 2816 4145 Redemptoris
2866 4084 3211 4141 acceperunt,
3269 4074 3379 4129 Deo
3431 4088 3490 4129 se
3551 4072 3755 4143 singuli

2171 4171 2631 4233 commendantes,
2660 4176 2719 4223 ut
2739 4183 2921 4223 eorum
2943 4165 3151 4220 animas
3178 4166 3401 4235 benigne
3426 4165 3752 4234 susciperet,

2172 4278 2400 4335 quorum
2429 4274 2654 4329 corpora
2698 4258 2750 4312 in
2786 4266 2891 4310 tam
2938 4255 3177 4326 pavenda
3219 4262 3392 4309 morte
3433 4253 3753 4308 tradiderat.

2174 4359 2278 4413 Sed
2307 4355 2646 4423 omnipotens
2669 4352 2832 4417 Deus,
2865 4348 2954 4418 qui
2984 4362 3169 4402 eorum
3199 4354 3405 4401 mentes
3438 4345 3756 4400 mirabiliter

2179 4447 2387 4512 terruit,
2439 4458 2624 4499 eorum
2680 4454 2892 4510 quoque
2942 4439 3100 4492 vitam
3152 4436 3448 4491 mirabilius
3495 4436 3750 4490 servavit.

2110 4544 2157 4603 D
2184 4540 2313 4595 Nam
2341 4537 2528 4591 diebus
2559 4542 2679 4587 octo
2726 4532 2879 4585 navis
2906 4529 3091 4584 eadem
3121 4542 3289 4597 usque
3338 4527 3405 4579 ad
3450 4526 3758 4593 superiores

2176 4631 2383 4686 tabulas
2422 4628 2573 4696 aquis
2606 4625 2782 4694 plena,
2830 4623 2932 4676 iter
2962 4620 3231 4690 propriutn
3272 4631 3538 4689 peragens
3566 4628 3756 4684 enata-

2176 4726 2287 4788 vit;
2318 4735 2459 4776 nono
2501 4727 2680 4773 autem
2708 4715 2797 4770 die
2834 4715 2888 4768 in
2925 4711 2938 4749 ί
2971 4710 3323 4768 Cotronensis
3353 4709 3515 4763 castri
3546 4720 3757 4778 portum

2255 4861 2284 4899 ιι
2306 4860 2563 4916 Nimirum
2593 4855 2737 4926 pacis
2767 4855 3031 4919 osculum,
3058 4854 3199 4923 quod
3232 4851 3577 4926 Eucharistite
3608 4867 3761 4926 surn-

2231 4934 2361 4989 tioni
2395 4921 2815 4998 przeniit'tebatur
2842 4940 2907 4979 ex
2933 4921 3147 4998 antiquo
3178 4940 3346 4998 more.
3379 4922 3434 4998 In
3468 4937 3580 4991 reg.
3612 4922 3670 4976 S.
3701 4921 3759 4998 Ρ.

2229 4992 2411 5063 ened.,
2459 5016 2509 5051 c.
2554 4999 2659 5052 65:
2688 4994 2898 5048 Fratres
2942 4997 3015 5048 sic
3062 4992 3305 5048 accedam
3342 4995 3409 5046 ad
3453 5009 3652 5063 pacem,
3698 4992 3763 5063 ad

2187 5062 2614 5129 communionem.
2650 5067 2788 5134 Lege
2813 5065 3175 5119 doctissimum
3205 5062 3511 5119 Menardttm
3544 5064 3595 5134 in
3624 5062 3764 5115 notis

2188 5147 2252 5198 ad
2299 5140 2526 5209 append.
2584 5138 2701 5192 libri
2730 5130 3001 5191 'Saeram.
3050 5130 3765 5209 ad__li:ec__vAerba:Interim

2191 5203 2444 5270 osculetur
2492 5210 2935 5268 urchidiaconum,
2988 5222 3038 5269 p.
3088 5204 3211 5255 olim
3262 5203 3388 5265 578,
3444 5216 3584 5255 nunc
3642 5212 3767 5253 nota

2195 5285 2321 5340 986.
2356 5281 2452 5336 Hic
2477 5282 2698 5334 observa
2735 5285 2969 5329 veterem
3004 5273 3346 5328 Eucharistia:
3375 5271 3672 5334 servandae,
3707 5286 3770 5323 ac

2194 5356 2247 5408 in
2283 5349 2791 5420 peregrinationibus
2811 5345 3123 5420 deferendte
3157 5358 3390 5420 morem;
3418 5351 3472 5420 et
3501 5345 3617 5420 lege
3641 5355 3767 5420 qua:

2193 5426 2259 5479 de
2286 5409 2479 5493 'Saty‘ro
2506 5420 2672 5493 fratre
2720 5416 2906 5493 scribit
2954 5417 3225 5477 Ambros.,
3274 5414 3366 5493 lib:
3399 5412 3466 5493 de
3503 5412 3630 5493 ejus
3662 5409 3775 5463 Ex-

2198 5481 2460 5554 cesso,'n.
2492 5492 2563 5544 45
2605 5503 2754 5542 novae
2800 5486 2967 5551 Edit.,
2997 5494 3051 5555 et
3090 5494 3265 5537 notam
3292 5483 3365 5555 _ad
3400 5481 3776 5555 liuncloqim.

2273 5565 2290 5601 ί
2322 5550 2596 5621 Beccens.,
2626 5555 2989 5611 Crotoniensis.
3018 5554 3239 5608 Constat
3280 5552 3513 5623 Gregor.
3538 5552 3606 5605 de
3635 5550 3777 5604 Cro-

2197 5646 2317 5687 tona
2370 5632 2499 5685 urbe
2545 5628 2845 5681 Brutiorum
2897 5627 2946 5677 in
2997 5625 3292 5678 crematis
3334 5624 3460 5676 Ionii
3507 5622 3777 5683 locutum,

2198 5719 2302 5759 non
2329 5703 2395 5757 de
2418 5699 2647 5753 Crotona
2672 5697 2805 5751 urbe
2834 5694 3080 5758 Etrurize,
3108 5708 3227 5764 qua:
3255 5692 3385 5747 mari
3408 5709 3511 5747 non
3535 5691 3779 5762 adiacet.
