4000 6370
217 304 325 379 sos

1485 292 1929 349 DIALOGORUM
1971 291 2171 347 LIBER
2212 293 2298 347 111.

3406 292 3508 348 506

217 406 451 471 deducta
482 422 587 465 est.
636 413 709 465 Ex
734 426 838 481 qua
871 410 1125 465 exierunt
1154 422 1343 462 omnes
1375 408 1694 470 incolumes,
1724 406 1813 477 qui

1924 409 2049 461 όκτὼ
2093 408 2150 462 τὸ
2194 409 2359 462 αὐτῶν
2398 408 2569 464 πλοῖον
2620 409 2714 469 ἕως
2760 415 2861 464 τῶν
2887 408 3122 478 ἀνωτέρω
3162 404 3391 469 σανίδων,
3442 408 3510 464 ὡς

216 522 340 559 cum
378 504 641 574 pracdicto
664 502 954 557 venerabili
980 501 1097 554 viro
1120 500 1435 553 Maximiano
1467 498 1806 567 navigabant.

218 596 471 664 Cumque
503 604 622 662 post
652 608 745 647 eos
776 593 891 661 ipse
914 606 1126 661 quoque
1167 590 1357 645 fuisset
1385 605 1655 659 egressus,
1691 605 1812 642 mox

218 691 270 743 in
303 687 557 757 ejusdem
613 694 799 755 portus
852 682 1172 753 profundum
1207 685 1359 737 navis
1406 684 1659 737 demersa
1709 689 1812 746 est,

218 799 283 835 ac
332 782 377 834 si
413 780 522 834 illis
574 778 973 848 egredientibus
1023 792 1117 846 pro
1163 777 1399 845 pondere
1447 774 1816 829 sublevatione

218 873 519 937 caruisset;
554 880 608 925 et
638 886 758 940 quae
797 870 951 939 plena
1003 869 1307 923 hominibus
1338 869 1393 922 in
1435 868 1623 937 pelago
1651 881 1817 935 aquas

222 971 560 1031 portaverat,
613 970 778 1030 atque
819 968 1119 1028 nataverat,
1173 959 1495 1013 Maximiano
1537 975 1656 1014 cum
1706 958 1817 1011 suis

222 1053 486 1107 fratribus
517 1055 826 1117 recedente,
869 1066 1035 1113 aquas
1064 1052 1179 1105 sine
1225 1050 1532 1104 hominibus
1582 1052 1632 1102 in
1665 1061 1816 1119 portu

222 1162 331 1199 non
354 1146 541 1212 ,valuit
572 1154 825 1214 portare;
860 1155 914 1198 ut
945 1145 1069 1198 hinc
1096 1146 1436 1213 omnipotens
1466 1145 1605 1198 Deus
1632 1154 1816 1197 osten-

221 1242 379 1293 deret
409 1240 533 1307 quia
575 1238 713 1292 hanc
740 1246 987 1292 onustam
1038 1252 1132 1290 sua
1187 1253 1345 1291 manu
1373 1245 1663 1302 tenuerat,
1699 1252 1817 1305 qua:

220 1330 291 1383 ab
318 1329 631 1384 hominibus
675 1344 842 1385 vacua
890 1338 944 1384 et
982 1330 1243 1385 derelicta
1296 1344 1458 1401 super
1502 1345 1668 1399 aquas
1710 1346 1815 1385 non

223 1419 396 1488 potuit
425 1435 664 1475 manere.

628 1786 791 1856 πο
828 1785 1054 1843 canor
1096 1787 1408 1842 xxxxvu.
1485 1844 1495 1854 _

386 1876 465 1930 De
493 1877 748 1930 Sanctulo
776 1878 1067 1948 presbytero
1106 1880 1380 1948 provincia:
1410 1876 1461 1930 Ν
1470 1879 1639 1932 ursiw.

288 1969 627 2023 GBEGORIDS.
669 1967 807 2021 Ante
858 1968 969 2021 dies
1023 1984 1237 2038 quoque
1288 1968 1402 2023 fere
1452 1968 1809 2037 quadraginta

218 2060 402 2112 Vidlall
437 2060 575 2128 apud
602 2074 688 2113 me
717 2074 860 2123 cum,
902 2061 1057 2129 cujus
1079 2061 1327 2128 superius
1356 2059 1671 2114 memoriam
1704 2057 1809 2113 feci

221 2152 381 2223 (Cap.
425 2152 537 2221 lo),
564 2153 885 2207 venerabilis
921 2152 1044 2205 vitae
1076 2150 1452 2222 presbyterum
1500 2149 1810 2204 Sanctulum

220 2247 465 2311 nomine,
503 2246 591 2314 qui
639 2247 704 2297 ad
743 2260 827 2299 me
873 2260 936 2298 ex
968 2244 1173 2298 Nursia:
1204 2242 1473 2312 provincia
1512 2242 1666 2294 annis
1705 2241 1814 2294 sin-

218 2341 361 2407 gulis
387 2339 572 2392 venire
595 2339 897 2392 consuevit.
931 2338 1034 2392 Sed
1064 2352 1128 2393 ex
1161 2336 1348 2392 eadem
1376 2336 1649 2405 provincia
1695 2336 1815 2405 qui-

220 2431 347 2482 dam
374 2428 675 2481 monachus
705 2438 829 2481 ante
878 2427 1107 2485 triduum
1141 2427 1310 2491 venit,
1353 2426 1442 2495 qui
1473 2427 1647 2494 gravis
1680 2442 1816 2480 nun-

224 2520 283 2572 tii
316 2534 552 2574 maerore
582 2535 666 2573 me
700 2520 947 2587 perculit,
978 2519 1099 2588 quia
1134 2517 1382 2572 eumdem
1413 2518 1586 2570 virum
1616 2516 1815 2571 obiisse

228 2609 521 2665 nuntiavit.
557 2610 722 2676 llujus
743 2625 872 2680 ergo
900 2610 1022 2675 viri,
1054 2608 1154 2663 etsi
1186 2623 1292 2661 non
1323 2607 1442 2662 sine
1474 2607 1669 2676 gemitu
1698 2606 1816 2660 dul-

223 2699 441 2755 cedinis
488 2700 693 2760 recolo.
723 2699 833 2767 jam
887 2710 1064 2753 tamen
1114 2700 1232 2753 sine
1272 2698 1559 2753 formidine
1591 2699 1815 2753 virtutes

224 2804 411 2854 narro,
442 2802 577 2855 quas
610 2802 638 2840 a
667 2789 858 2842 vicinis
901 2788 1019 2857 ejus
1061 2788 1428 2841 sacerdotibus
1457 2797 1483 2824 ι
1510 2788 1645 2841 mira
1677 2788 1817 2841 veri-

224 2890 335 2935 tate
379 2890 435 2935 et
462 2881 806 2950 simplicitate
834 2880 1075 2949 prmditis
1104 2880 1321 2949 agnovi.
1377 2881 1443 2933 Et
1490 2879 1631 2934 sicut
1676 2880 1818 2933 inter

222 2982 464 3028 amantes
498 2972 806 3027 se'auimos
849 2988 1096 3041 magnum
1144 2972 1424 3027 charitatis
1474 2971 1814 3026 familiaritas

222 3079 411 3115 ausum
456 3063 680 3128 praebet,
712 3079 742 3116 a
790 3079 874 3116 me
908 3064 1222 3132 plerumque
1252 3079 1315 3117 ex
1347 3063 1632 3118 dulcedine
1675 3078 1805 3117 exa-

1920 497 2151 573 εῗρητνι,
2198 502 2497 571 γεμισμένον
2552 498 2742 563 ὕδατι,
2793 505 2882 559 τὴν
2930 498 3059 574 ἰδίαν
3109 498 3218 553 ὁδόν
3273 497 3506 557 δια-λύον,

1918 586 2110 642 ἔπλεε).
2141 598 2211 663 Τῇ
2241 588 2294 643 δέ
2322 575 2499 662 ἐννάτῃ
2529 592 2691 664 ἡμέρᾳ
2716 591 2763 643 έν
2795 598 2868 663 τῷ
2903 590 3061 660 λιμένι
3088 596 3178 643 τοῦ
3220 597 3244 634 ε
3284 590 3506 662 κάστρου

1918 683 2174 755 Κοτρώνης
2211 679 2461 752 ώδηγήθη.
2509 684 2706 735 Πάντων
2746 681 2798 736 δέ
2845 688 2936 737 τοῦ
2969 682 3147 735 πλοίου
3186 679 3506 741 ἀποϐάντων,

1918 778 2017 826 τῶν
2043 774 2170 842 μετά
2194 780 2283 827 τοῦ
2322 773 2694 847 προλεχθέντος
2728 772 3104 826 εὐλαϐεστάτου
3140 768 3317 843 ἀνδρὸς
3356 771 3509 832 Μαξί-

1918 870 2095 930 μιανοῦ
2144 864 2413 927 πλεόντων,
2456 862 2692 935 ἔσχατον
2718 863 2771 918 δέ
2811 860 3015 919 πάντων
3052 865 3137 916 καί
3180 862 3335 916 αὐτοῦ
3378 863 3507 916 άπο·

1922 955 2123 1017 ϐάν-τος,
2146 958 2320 1016 εὐθέως
2369 958 2415 1009 έν
2461 964 2535 1029 τῷ
2586 959 2721 1029 αὐτῷ
2770 957 2927 1025 λιμένι
2962 956 3019 1010 τό
3055 955 3229 1009 πλοῖον
3273 954 3509 1010 ἐϐυθίσθη

1918 1048 2049 1116 μετὰ
2080 1049 2137 1101 τό
2163 1050 2433 1119 κουφισμὸν
2459 1055 2548 1103 τοῦ
2573 1049 2766 1124 βάρους
2793 1050 3079 1118 άπομεῐναι.
3114 1058 3164 1099 'H
3202 1049 3300 1119 γάρ
3329 1052 3451 1103 νιλῦς
3471 1051 3505 1119 ἡ

1918 1140 2210 1210 ἀνθρώπους
2236 1141 2579 1215 ἐπιφερομένη,
2617 1142 2706 1193 ,καὶ
2734 1137 2933 1193 ὑδάτων
2960 1138 3155 1212 πλήρης
3184 1132 3314 1190 οὖσα
3353 1138 3402 1189 ἐν
3436 1136 3506 1207 τῷ

1918 1234 2124 1302 πελάγει
2163 1230 2332 1285 ἔπλεε·
2372 1235 2677 1296 Μαξιαιανοῦ
2718 1231 2769 1286 δέ
2802 1235 2931 1302 μετὰ
2975 1240 3074 1286 τῶν
3103 1233 3256 1286 αὐτοῦ
3290 1229 3516 1301 ἀδελφῶν

1920 1324 1969 1383 ἐξ
1997 1324 2154 1381 αὐτῆς
2201 1324 2495 1387 ἐξελθόντος,
2548 1322 2686 1399 ὕδωρ
2735 1322 2853 1377 ἄνευ
2900 1330 2999 1377 τῶν
3046 1323 3318 1400 ἀνθρώπων
3348 1323 3398 1375 ἐν
3437 1316 3508 1389 τῷ

1917 1416 2077 1486 λιμένι
2105 1418 2359 1485 βαστάξαι
2384 1421 2466 1469 οἰκ
2488 1415 2720 1475 ἠδυνήθη.
2750 1416 2828 1470 Ἐν
2849 1418 3012 1484 τούτῳ
3034 1410 3119 1469 οἷον
3145 1414 3170 1467 ό
3192 1410 3506 1468 παντοδύνα·

1920 1529 2015 1575 μος
2042 1510 2166 1567 Εἐός
2199 1506 2488 1571 ὑπέδειξεν,
2535 1506 2613 1561 ὄτι
2650 1509 2804 1567 αὐτὸς
2850 1515 2912 1581 τῇ
2959 1511 3118 1580 οἰκείᾳ
3165 1507 3320 1559 αὑτοῦ
3365 1506 3507 1575 χειρί

1921 1604 2070 1653 τοῦτο
2117 1598 2383 1673 διεκράτει,
2436 1598 2563 1674 ὅπερ
2605 1601 2705 1654 ἀπὸ
2750 1608 2850 1654 τῶν
2894 1601 3167 1673 ἀνθρώπων
3203 1595 3228 1634 ιι
3257 1599 3507 1668 σάϐουρον

1920 1689 2257 1759 καταλειφθέν,
2282 1690 2445 1744 ἐπάνω
2466 1697 2566 1742 τῶν
2588 1687 2786 1744 ὑδάτων
2815 1687 3075 1758 διαμεῖναι
3098 1690 3187 1742 οὐκ
3209 1685 3445 1745 ἠδυνήθη-

2426 1780 2590 1850 359
2634 1790 2845 1834 ΚΕΦΑΛ.
2888 1776 3000 1833 ΛΖ’.

1968 1876 1974 1881 ’
2042 1872 2157 1945 Περὶ
2179 1871 2492 1943 Σάγκτούλου
2518 1872 2873 1945 πρεσϐυτέρου
2896 1873 3075 1945 χώρας
3102 1872 3373 1947 Νουρσίας.

1984 1971 2315 2016 ΓΡΗΓΟΡΙΟΣ.
2342 1965 2440 2036 Πρό
2483 1971 2582 2019 τῶν
2626 1966 3023 2038 τεσσαράκοντα
3069 1965 3267 2037 ἡμερῶν
3314 1964 3507 2016 τούτων

1913 2048 2107 2108 ἰθεάσω
2126 2055 2246 2131 παρ’
2268 2055 2374 2127 ἐμοὶ
2391 2053 2509 2110 ὄντα
2534 2058 2617 2109 τόν
2638 2065 2701 2131 τῇ
2727 2061 2829 2130 ζωῇ
2858 2058 3223 2112 εὐλαϐέστατον
3254 2058 3507 2128 Σάγκτου-

1913 2145 1992 2198 )ον
2023 2147 2110 2200 τόν
2139 2147 2507 2221 πρεσϐύτερον.
2537 2145 2628 2206 ’ος
2654 2170 2732 2208 τις
2775 2148 2902 2217 πρός
2931 2169 2991 2218 με
3023 2150 3077 2202 ἐκ
3117 2157 3208 2208 τῆς
3254 2152 3508 2221 Νουρσίας

1916 2240 2099 2313 χώρας
2134 2238 2241 2291 καθ’
2279 2239 2494 2293 ἕκαστον
2534 2239 2758 2294 ἐνιαυτόν
2790 2238 2896 2301 ἔθος
2936 2236 3078 2309 εἶχεν
3105 2248 3195 2295 τοῦ
3230 2238 3506 2313 ἔρχεσθαι.

1916 2331 2152 2398 Μοναχός
2182 2327 2232 2383 δέ
2255 2351 2334 2389 τις
2378 2332 2432 2383 ἐκ
2478 2339 2569 2389 τῆς
2610 2332 2768 2389 αὐτῆς
2795 2334 2979 2406 χώρας
3008 2333 3108 2404 πρὸ
3139 2339 3288 2407 τριῶν
3312 2334 3511 2402 ἡμερῶν

1917 2419 2087 2483 ἐλθών,
2118 2427 2296 2474 τοῦτον
2318 2422 2405 2475 τὰν
2428 2417 2589 2496 ἄνδρα
2618 2422 3023 2480 τετελευτηκέναι
3049 2420 3227 2495 ἔφησεν
3245 2461 3259 2485 ,
3290 2420 3434 2481 ὅστις
3461 2424 3510 2475 ἐν

1916 2512 2101 2586 βαρείᾳ
2125 2512 2259 2584 λύπῃ
2284 2532 2345 2581 με
2376 2511 2691 2583 κατέκαμφεν
2720 2511 2804 2567 διά
2832 2501 2922 2574 τῧς
2958 2514 3267 2586 ἀπαγγελίας
3293 2514 3506 2571 ταύτης.

1918 2606 2117 2659 Τούτου
2148 2611 2238 2659 τοῦ
2266 2603 2445 2679 ἀνδρὸς
2466 2602 2557 2657 κᾶν
2585 2607 2730 2665 ἑκτός
2771 2614 3057 2680 στεναγμοῦ
3086 2612 3175 2665 τήν
3216 2614 3305 2665 τῆς
3333 2605 3514 2676 γλυκύ·

1918 2716 2067 2755 τητος
2094 2697 2249 2749 αὑτοῦ
2278 2699 2448 2767 μνείαν
2474 2698 2799 2755 ποιήσασθαι
2831 2699 2939 2769 οὐχ
2977 2698 3243 2773 ὑποφέρω,
3282 2697 3384 2749 ἀλλ’
3419 2692 3510 2749 οὖν

1920 2784 2055 2858 ὅμως
2086 2789 2227 2849 ἐκτὸς
2257 2792 2428 2854 πάσης
2467 2792 2754 2852 ὑποστολῆς
2803 2793 2895 2853 τάς
2934 2791 3175 2862 δυνάμεις
3204 2794 3360 2847 αὐτοῦ
3406 2792 3512 2849 διη-

1919 2887 2131 2951 γοῦμαι,
2160 2880 2221 2940 ἃς
2246 2883 2389 2956 παρὰ
2414 2890 2512 2937 τῶν
2552 2884 2930 2957 γειτνιαζόντων
2963 2886 3101 2954 αὐτῷ
3139 2886 3308 2957 ἱερέων
3343 2886 3506 2953 μεμά-

1921 2973 2070 3037 θηκα,
2103 2972 2293 3050 σφίδρα
2331 2976 2570 3032 ἀληθινῶν
2599 2980 2683 3030 καί
2709 2984 2907 3032 πιστῶν
2936 2973 3110 3031 ὄντων.
3156 2980 3258 3036 Τάς
3289 2975 3424 3044 (Sic)
3455 2975 3509 3028 δέ

1921 3067 2007 3116 καί
2032 3061 2155 3139 παρ’
2178 3066 2302 3135 ἐμοῦ
2334 3068 2363 3122 ἡ
2398 3068 2549 3121 αὐτοῦ
2594 3069 2848 3139 ’γλυκύτης
2880 3070 3196 3142 ἐρωτωμένη,
3237 3068 3511 3140 βιαζομένη

223 3164 366 3219 ctus,
395 3154 510 3222 ipse
540 3168 751 3223 quoque
788 3154 856 3208 de
884 3153 966 3207 Itis
1011 3169 1131 3222 qua:
1180 3164 1363 3226 egerat
1392 3164 1631 3209 extrema
1662 3169 1810 3224 qua:-

1924 3155 2120 3221 νιᾶλλον,
2154 3157 2294 3229 ὀλίγα
2320 3156 2385 3210 ὧν
2416 3160 2657 3235 πέπραχε
2703 3157 2921 3231 διηγεῖτό
2954 3180 3060 3229 μοι.
3099 3159 3155 3210 Ai
3196 3158 3374 3228 ψυχαί
3411 3160 3507 3231 γάρ

224 3249 346 3300 dant
373 3246 527 3301 fateri
560 3248 871 3314 cogebatur.
907 3247 1004 3301 llic
1041 3262 1272 3317 namque
1298 3248 1528 3317 quodam
1559 3256 1803 3315 tempore

221 3357 343 3395 cum
396 3342 448 3394 in
481 3343 631 3409 prelo
678 3340 1011 3409 Langobardi
1039 3341 1064 3379 ι’
1087 3340 1254 3395 olivas
1289 3349 1614 3408 premerent,
1663 3348 1720 3394 ut
1750 3341 1804 3394 in

221 3436 402 3488 oleum
456 3434 647 3504 liquari
680 3445 700 3472 ε
735 3433 1067 3500 debuissent,
1130 3433 1551 3505 sicutdjocundi
1609 3443 1724 3488 erat
1761 3443 1815 3489 et

226 3526 409 3579 vultus
433 3534 489 3579 et
534 3524 719 3589 animi,
772 3534 943 3579 utrem
974 3540 1197 3580 vacuum
1247 3526 1312 3580 ad
1358 3527 1563 3594 prelum
1601 3526 1811 3595 detulit,

222 3616 644 3683 laborantesque
704 3616 1085 3685 Langobardos
1135 3620 1260 3671 laeto
1313 3617 1463 3672 vultu
1522 3617 1809 3684 salutavit,

223 3718 401 3761 utrem
451 3707 695 3777 protulit,
747 3718 799 3762 et
839 3707 1080 3777 jubendo
1140 3711 1317 3776 potius
1372 3725 1532 3779 quam
1581 3711 1811 3779 petendo

221 3815 345 3854 eum
394 3797 607 3866 impleri
664 3799 765 3854 sibi
810 3799 965 3854 dixit.
998 3800 1101 3855 Sed
1146 3801 1372 3870 gentiles
1411 3802 1528 3869 viri,
1581 3803 1669 3871 qui
1702 3811 1810 3857 tota

219 3892 330 3961 jam
361 3891 454 3946 die
494 3891 691 3945 frustra
733 3894 1132 3959 laboraverant,
1176 3904 1336 3965 atque
1361 3903 1384 3931 θ
1409 3896 1477 3948 ab
1505 3895 1661 3949 olivis
1701 3896 1815 3949 exi-

223 3998 352 4053 gere
406 3984 584 4037 oleum
629 3983 934 4052 torquendo
981 4000 1085 4038 non
1136 3994 1402 4053 pmerant,
1463 3984 1627 4039 verba
1671 3984 1816 4039 illius

226 4076 459 4129 moleste
490 4084 871 4142 susceperunt,
904 4091 1130 4145 eumque
1163 4077 1371 4145 injuriis
1399 4077 1642 4131 insectati
1667 4087 1812 4131 sunt.

223 4167 430 4234 Quibus
470 4168 555 4220 vir
601 4166 809 4219 Domini
866 4166 1058 4220 lactiori
1108 4167 1282 4221 adhuc
1327 4168 1475 4221 vultu
1514 4165 1811 4234 reSpondit,

224 4259 451 4312 dicens:
484 4255 502 4294 ί
528 4258 618 4311 Sic
655 4272 751 4325 pro
801 4272 888 4311 me
917 4259 1107 4322 oretis,
1146 4258 1306 4312 istum
1340 4270 1524 4327 utrem
1565 4258 1816 4314 Sanctulo

226 4350 523 4417 impleatis,
549 4363 604 4403 et
631 4350 709 4403 sic
754 4364 783 4402 a
812 4350 966 4404 vobis
1010 4359 1331 4405 revertetur.
1362 4350 1603 4419 Cumque
1639 4348 1716 4403 illi
1742 4364 1811 4403 ex

1920 3244 1983 3300 δι’
2012 3246 2216 3318 ἀγάπης
2238 3247 2473 3307 ἀλλήλαις
2498 3250 2778 3319 ένούμεναι,
2807 3255 2895 3307 τήν
2926 3251 3053 3324 πρὸς
3093 3249 3279 3309 ἑαυτάς
3313 3253 3511 3326 παιτῖέιή-

1920 3340 2038 3391 σίαν
2066 3340 2343 3393 τίκτουσιν.
2370 3336 2535 3399 Οὗτος
2564 3342 2731 3394 τοίνυν
2757 3342 2807 3393 ἐν
2833 3348 2993 3411 καιρῷ
3025 3362 3119 3396 τινι
3145 3341 3509 3414 Λογγοϐάρδων

1917 3436 2065 3482 τινῶν
2092 3430 2263 3490 ἐλαίας
2293 3431 2589 3494 άληθόντων,
2620 3433 2706 3485 καί
2742 3433 2941 3492 ταύτας
2983 3433 3328 3496 έκπιεζόντων,
3374 3431 3511 3493 ὅπως

1920 3517 2082 3573 ἔλαιον
2123 3521 2441 3593 ἐξενέγκωσι,
2490 3525 2691 3582 τοέτοις
2742 3523 2958 3582 ἐπιστάς
3002 3520 3015 3557 ί
3062 3524 3218 3577 ἀσκόν
3258 3524 3511 3597 σάϐουρον

1919 3617 2026 3687 μεθ’
2065 3616 2253 3670 ἑαυτοῦ
2296 3616 2681 3690 ἐπιφερόμενος,
2729 3618 2891 3676 καθὼς
2946 3614 3066 3676 ἔθος
3112 3613 3248 3687 αὐτῷ
3298 3618 3511 3693 ὑπῆρχε

1921 3712 2004 3762 καί
2033 3718 2096 3785 τῇ
2116 3708 2272 3780 ψυχῇ
2295 3713 2380 3763 καί
2405 3710 2418 3758 ἔ
2450 3717 2523 3781 τῷ
2546 3712 2809 3783 προσώπῳ
2832 3711 2882 3763 έν
2901 3711 3177 3785 εὐφροσύνῃ
3207 3706 3331 3765 εἶναι
3348 3752 3361 3771 .
3393 3714 3516 3772 τοί-ς

1921 3802 2197 3861 κάμνοντας
2239 3801 2630 3877 Λογγοέῗάρδους
2676 3804 2910 3877 χαρίεντι
2947 3804 3209 3875 προσώπῳ
3257 3800 3519 3877 προσίὶγά-

1923 3915 2098 3969 ρευσς,
2130 3896 2213 3948 καί
2249 3895 2335 3947 τὸν
2366 3895 2523 3949 ἀσκόν
2562 3898 2901 3968 προσαγαγών
2923 3935 2937 3961 ,
2982 3895 3268 3969 ἐπιτρέπων
3305 3896 3512 3967 μᾶλλον,

1922 3987 2052 4058 ἥπερ
2087 3988 2236 4040 αἰτῶν
2265 3983 2433 4040 ἔλαιον
2478 3988 2651 4047 αὐτοῖς
2686 3993 2865 4043 τοῦτον
2897 3990 3100 4059 γεμίσαι
3143 3986 3329 4059 ἔλεγεν.
3372 3989 3429 4039 ΟΞ
3462 3985 3515 4041 δέ

1924 4078 2100 4132 ἐθνικοὶ
2145 4074 2327 4149 ἄνδρες
2382 4078 2582 4143 ἐκεῖνοι,
2630 4076 2712 4132 διὰ
2757 4079 2815 4132 τό
2854 4084 3029 4132 πᾶσαν
3078 4082 3168 4135 τήν
3212 4079 3401 4150 ἡμέραν
3446 4079 3517 4135 εἰς

1924 4167 2134 4243 ἄκαιρον
2161 4167 2186 4205 ¹¹
2218 4172 2410 4229 αὐτοὺς
2441 4171 2668 4242 κάμνειν,
2700 4174 2781 4225 καί
2808 4169 2980 4225 ἔλαιον
3014 4173 3067 4224 ἐκ
3091 4178 3182 4231 τῆς
3220 4171 3388 4230 ἐλαίας
3415 4171 3514 4234 ἐξε-

1924 4270 2094 4334 νέγκαι
2118 4266 2187 4332 μὴ
2218 4259 2487 4327 δύνασθαι,
2516 4264 2582 4317 τά
2600 4263 2806 4337 ῥήματα
2846 4264 3005 4317 αὐτοῦ
3030 4264 3108 4325 ,εἰς
3135 4260 3275 4315 οὐδέν
3304 4262 3508 4333 λογισά-

1924 4373 2084 4423 μενοι,
2114 4350 2221 4422 μεθ’
2242 4352 2442 4427 ὕϐρεων
2468 4353 2618 4408 αὐτὸν
2642 4355 3022 4423 άπεπὲμποντο.
3057 4350 3143 4413 Οἷς
3184 4352 3209 4407 ό
3252 4358 3343 4407 τοῦ
3386 4360 3516 4407 Θεοῦ

224 4440 384 4495 olivis
412 4443 592 4495 oleum
642 4440 877 4497 defluere
919 4456 1026 4497 non
1067 4450 1371 4506 cernerent,
1406 4451 1461 4496 et
1515 4443 1687 4496 virum
1720 4442 1812 4497 Dei

1924 4442 2188 4518 ἅνθρωπος
2217 4440 2234 4480 Ῑ
2269 4445 2504 4522 χαρίεντι
2545 4444 2696 4500 πάλιν
2741 4447 3009 4519 προσώπῳ
3038 4446 3298 4520 ἀπεκρίθη,
3326 4444 3511 4513 λέγων’

298 4603 542 4667 llEditi,
592 4604 723 4655 mira
783 4603 996 4667 virtute,
1058 4600 1505 4657 dissentientibus
1572 4599 1699 4655 Mss.
1765 4609 1821 4655 et

229 4678 419 4729 Omen
466 4676 775 4743 interprete.

299 4745 329 4784 δ
355 4745 543 4800 Germ.
574 4755 624 4797 et
654 4743 913 4812 plerique,
943 4743 1126 4796 olivam
1153 4745 1315 4812 prem:

301 4826 327 4855 ε
361 4816 548 4870 Modus
576 4810 665 4868 est
689 4810 936 4881 loquendi
961 4810 1223 4882 Gregorio
1258 4821 1439 4867 nostro
1470 4810 1821 4867 familiarissi-

231 4904 376 4949 mus,
405 4889 497 4955 qui
526 4886 688 4939 etiam
720 4886 771 4937 in
805 4884 1168 4955 scriptoribus
1195 4884 1391 4955 cotevis
1418 4893 1509 4955 aut
1532 4883 1652 4955 fere
1681 4899 1821 4955 sup.

231 4952 457 5024 paribus
503 4954 757 5010 occurrit.
810 4952 971 5023 Greg.
1005 4953 1233 5019 Turon.,
1262 4954 1359 5007 lib.
1412 4954 1479 5008 de
1531 4953 1638 5006 Vit.
1680 4953 1822 5023 PaL,

229 5046 279 5083 ε.
305 5028 341 5082 9
369 5046 380 5078 :
406 5024 629 5079 Immisit
647 5026 691 5076 ei
741 5024 1120 5094 coyitationem,
1170 5036 1223 5077 ut
1271 5024 1615 5093 praztermissa
1657 5040 1822 5076 eremo

230 5100 300 5151 ad
342 5098 591 5151 sarculum
638 5098 819 5149 reverti
882 5097 1101 5158 deberet,
1152 5096 1252 5148 ltoc
1307 5104 1391 5147 est
1439 5102 1818 5148 reverteretur.

237 5170 408 5231 Meda,
470 5167 607 5219 lib.l
649 5166 806 5229 llist.,
857 5180 908 5219 c.
948 5164 1019 5219 25
1052 5182 1065 5218 :
1098 5166 1587 5235 Augustinum......
1647 5166 1823 5235 remit-

237 5250 374 5303 tunt,
404 5238 495 5307 qui
517 5254 549 5289 α
579 5238 723 5289 beato
763 5235 1011 5308 Gregorio
1036 5234 1293 5308 obtineret
1323 5252 1385 5289 ne
1429 5247 1535 5288 tam
1568 5234 1823 5303 periculo-

231 5326 409 5362 sam...
424 5352 428 5355 .
445 5348 459 5362 .
493 5308 956 5375 peregrinationem
977 5307 1121 5359 adire
1151 5308 1404 5359 deberent.

306 5381 332 5416 ά
362 5380 451 5434 Sic
475 5374 751 5440 German.,
785 5377 1004 5446 Regius,
1036 5376 1453 5446 Normanqiduo
1487 5374 1732 5441 Carnot.,
1765 5383 1823 5446 et

233 5451 459 5503 alterius
500 5445 879 5516 fragmentum,
911 5447 1017 5499 duo
1060 5446 1293 5513 Tlteod.,
1324 5445 1571 5513 Longip.,
1605 5452 1710 5500 etc.
1761 5445 1815 5499 ln

237 5522 377 5573 fidit.
430 5519 625 5586 legitur
652 5536 661 5567 :
689 5519 819 5571 sicut
839 5517 1101 5587 jucundns
1131 5524 1237 5569 erat
1284 5526 1328 5569 et
1371 5517 1513 5568 vultu
1539 5524 1589 5587 et
1623 5516 1815 5569 animo.

230 5585 507 5644 Cancrum
532 5588 773 5641 hilaritas
802 5585 962 5642 etiam
996 5587 1045 5639 in
1076 5588 1275 5641 sanctis
1297 5596 1348 5641 et
1380 5589 1429 5640 in
1462 5585 1592 5647 ipsis
1634 5601 1820 5639 mona-

233 5663 379 5726 ch‘is,
431 5660 561 5713 licet
605 5657 935 5725 [retinentia
976 5657 1223 5720 addictis,
1269 5658 1534 5711 laudatur.
1587 5655 1819 5710 Macario

237 5732 435 5803 juniori
467 5728 906 5784 archimandritas:
933 5727 1185 5783 Nitriensi
1216 5727 1359 5784 laudi
1399 5726 1648 5782 tribuitur
1678 5726 1819 5794 quod

1926 4597 2081 4652 hilari
2112 4599 2280 4669 fronte
2321 4599 2646 4653 advenientes
2685 4601 2958 4669 exciperet,
3001 4610 3047 4653 et
3079 4600 3249 4667 lepido
3277 4614 3513 4652 sermmte

1926 4668 2231 4740 oblectaret,
2256 4670 2552 4740 urbanitate
2575 4668 2804 4740 qundam
2815 4670 3052 4740 juniores
3092 4670 3159 4722 ad
3188 4670 3511 4737 disciplina»:

1925 4749 2149 4813 manus}.
2166 4738 2593 4813 (allicienslvide
2613 4738 2687 4813 de
2709 4755 2786 4813 eo
2800 4738 3100 4813 Socratem,
3132 4742 3509 4813 sozomenum,

1927 4807 2338 4870 Theodoritum.
2364 4817 2418 4863 et
2442 4809 2740 4861 Palladium
2776 4810 2825 4862 in
2859 4809 2995 4864 Hist.
3030 4809 3305 4866 Lausiaca.

2000 4888 2024 4950 ς
2051 4878 2273 4950 Pratel.,
2307 4880 2369 4932 ab
2398 4880 2541 4933 olivis
2568 4879 3018 4950 exireoleum..."
3047 4899 3149 4935 non
3180 4892 3435 4950 potuerat.

2003 4946 2123 5002 tIta
2157 4946 2341 5019 Germ.
2386 4964 2505 5003 cum
2558 4949 2808 5019 Longip.,
2864 4951 2977 5005 Val.
3027 4953 3107 5006 Cl.
3139 4946 3195 5007 et
3236 4952 3505 5018 plurimis.

1928 5020 2072 5074 Idem
2122 5019 2285 5072 liabet
2313 5018 2530 5074 Graccus
2572 5018 2857 5088 interpres.
2894 5022 2947 5075 In
2978 5021 3188 5085 Norm.,
3219 5021 3265 5075 si
3295 5022 3509 5077 Gemct.

1922 5105 1985 5145 ac
2042 5088 2335 5144 secundum
2390 5091 2633 5145 Audocn.
2690 5091 2946 5158 excipias,
3004 5094 3047 5145 si
3102 5092 3227 5144 mihi
3275 5092 3505 5145 creditis.

1921 5162 2199 5234 Consentit
2230 5164 2496 5215 Secundus
2534 5163 2753 5216 Carnot.
2784 5162 2840 5215 lu
2873 5164 3066 5234 primo,
3092 5164 3136 5216 si
3173 5179 3269 5232 pro
3290 5179 3369 5216 me
3397 5178 3512 5215 cre-

1923 5234 2008 5295 tis,
2045 5231 2186 5297 quod
2221 5234 2470 5287 Editores
2508 5236 2865 5287 retinuerunt.

1995 5312 2020 5378 fl
2046 5301 2170 5378 ,
2198 5304 2427 5378 κάστρου
2452 5306 2747 5378 Ιίρωτώνης.

1993 5370 2019 5408 Ῑι
2048 5370 2170 5435 Ms.,
2197 5370 2351 5426 κενόνξ

2007 5441 2021 5479 ί
2053 5441 2174 5509 Μδο,
2208 5444 2362 5496 ἀσκόν
2389 5442 2541 5498 κενόν.

2002 5512 2017 5583 ᾗ
2053 5511 2175 5583 Ms,
2206 5520 2279 5582 τῷ
2308 5517 2532 5583 σώματι.

2000 5580 2026 5620 ¹ί
2054 5580 2395 5655 Μ8.ᾃ,γαῦτοὺς’
2414 5590 2597 5655 κοπιᾷν
2622 5590 2703 5640 καί
2724 5586 2895 5643 ἔλαιον
2923 5591 2975 5643 ἐκ
3001 5597 3091 5650 τῆς
3123 5592 3287 5652 ἐλλίας
3320 5593 3389 5652 μή
3422 5592 3511 5643 δυ’

1926 5654 2124 5731 νάμιενοι
2147 5653 2413 5731 ἐξενέγκαί.
2438 5656 2503 5708 τά
2532 5653 2755 5731 ῥήματα.
2812 5665 2815 5669 ’

2006 5721 2025 5763 ι
2060 5723 2185 5790 Ms.,
2213 5720 2409 5795 φαιδρῷ
2443 5720 2706 5800 προσώπῳ
