3934 6320
202 311 289 366 509
1448 301 1894 357 DlALUUOliUM
1941 302 2143 355 LIBER
2186 303 2272 364 lli,

3370 305 3476 360 5m

202 446 295 492 τίς,
321 426 441 484 ὅσον
472 435 645 501 φαγεῖν
716 425 982 488 ﬂammma,
1052 430 1291 479 τοσοῦτον
1332 424 1473 477 πάλιν
1506 423 1848 497 ἐπερίσσευεν,
1892 416 2008 472 ὅσον
2057 422 2125 479 εἰς
2178 426 2266 477 τήν
2314 418 2486 496 αὔριον
2530 424 2698 481 αξιτοῐς
2745 424 2955 495 ἀρκέσαι
3008 427 3090 477 καὶ
3134 431 3475 497 περισσεῦσαι

198 525 436 585 ἠδύνατο,
468 524 556 577 καί
594 522 619 573 ὁ
658 524 749 593 μέν
783 517 933 594 ἄρτος
966 520 1153 577 ἐκεῖνος
1176 517 1241 569 τὰ
1272 522 1369 570 τῶν
1412 513 1676 568 ἐσθιόντων
1701 514 1917 580 σώματα
1948 511 2219 573 ἀνεκαίνιζε
2265 512 2389 585 πρὸς
2441 509 2668 581 δύναμιν,
2703 510 2785 567 διά
2829 511 2883 566 δὲ
2912 520 3009 565 τῶν
3048 514 3348 587 κλασμάτων
3368 513 3475 569 καθ’

200 624 380 685 ἡμέραν
407 618 783 692 σῦπερηὺξανεν.

264 712 433 763 Pun.
501 708 634 760 Mira
685 720 795 769 res,
852 715 1012 773 atque
1062 702 1113 754 in
1164 698 1466 767 exemplum
1520 695 1780 751 Dominici
1811 700 1861 755 Α

199 802 371 870 aperis
402 799 756 854 vehementer
786 798 1035 851 omnibus
1058 791 1337 862 stupenda.

261 983 507 1043 GBEGQR.
550 979 691 1047 Ipse,
736 977 915 1043 Petre,
966 976 1166 1029 multos
1206 975 1273 1029 de
1323 990 1428 1027 uno
1476 988 1611 1042 pane
1641 972 1785 1041 pavit

197 1091 286 1135 per
312 1088 559 1134 servum,
592 1072 676 1135 qui
710 1086 775 1124 ex
817 1067 1053 1137 quinque
1103 1068 1324 1136 panibus
1354 1066 1589 1134 quinque
1619 1065 1781 1119 millia

193 1164 469 1219 hominum
502 1161 719 1216 satiavit
772 1175 863 1228 per
891 1161 1263 1226 semetipsum,
1296 1158 1381 1226 qui
1416 1172 1579 1225 pauca
1624 1156 1783 1208 semi—

197 1257 273 1308 nis
301 1269 474 1323 grana
521 1253 575 1305 in
623 1252 906 1304 innumera
954 1258 1193 1319 segetum
1226 1249 1486 1301 frumenta
1528 1246 1781 1312 multipli-

195 1355 301 1409 cat,
334 1344 430 1413 qui
467 1346 581 1412 ipsa
608 1357 820 1411 quoque
844 1341 1046 1393 semina
1084 1340 1330 1407 produxit
1360 1354 1420 1391 ex
1459 1349 1594 1391 terra
1624 1349 1674 1390 et
1703 1337 1783 1390 si-

192 1437 298 1490 mul
328 1434 516 1488 omnia
547 1434 749 1487 creavit
775 1449 840 1484 ex
873 1430 1060 1484 nihilo.
1099 1430 1201 1484 Sed
1237 1444 1303 1483 ne
1332 1428 1531 1482 diutius
1571 1427 1782 1480 mireris

187 1528 312 1597 quid
355 1528 406 1579 in
467 1526 662 1579 virtute
714 1524 921 1577 Domini
978 1521 1315 1575 venerandus
1368 1521 1444 1574 vir
1496 1520 1781 1575 Sanctulus

185 1618 428 1672 exterius
474 1616 686 1679 fecerit,
720 1614 841 1667 audi
873 1628 939 1667 ex
978 1611 1172 1666 virtute
1206 1610 1413 1664 Domini
1441 1612 1614 1678 qualis
1647 1611 1781 1666 inte—

185 1718 300 1768 rius
332 1713 454 1765 fuit.
504 1711 597 1763 Die
627 1708 827 1763 etenim
869 1706 1093 1775 quadam
1125 1720 1152 1757 a
1200 1704 1566 1775 Langubardis
1596 1715 1780 1769 captus

186 1805 410 1875 quidam
461 1804 724 1856 diaconus
774 1801 1051 1854 tenebatur
1097 1798 1309 1864 ligatus,
1370 1814 1599 1864 eumque
1629 1806 1654 1833 ἰ
1683 1799 1779 1865 ipsi

186 1897 279 1965 qui
330 1904 664 1960 tenuerant,
718 1891 1021 1945 interﬁcere
1066 1889 1393 1957 cogitabant.
1453 1890 1780 1957 AdveSpera-

184 2001 379 2044 scente
410 1997 591 2041 autem
623 1986 733 2052 die,
768 1985 850 2038 vir
882 1983 973 2037 Dei
1004 1983 1289 2036 Sanctulus
1311 1982 1378 2034 ab
1408 1983 1610 2036 eisdem
1644 1982 1799 2035 Lau-‘

1960 705 2124 748 IlETP.
2179 697 2485 764 Θαυμαστὸν
2527 703 2739 768 πρᾶγμα
2785 702 2869 751 καὶ
2924 696 3115 773 σφόδρα
3157 696 3467 770 ἕκπ).ηκτον;,

1888 790 2014 861 πρὸς
2060 790 2155 861 γάρ
2204 791 2261 841 τὸ
2324 787 2621 843 δεσποτικὸν
2684 790 2967 865 ὑπόδειγμα
3015 794 3073 847 τὸ
3122 790 3273 866 ἔργον
3325 800 3472 849 τοῦτο

1888 878 2061 933 Βλέπει
2070 919 2080 929 .

1957 979 2198 1024 ΓΡΗΓΟΡ.
2248 973 2402 1031 Δὺτός
2443 974 2540 1047 γὰρ
2568 976 2652 1027 καὶ
2690 980 2803 1033 νῦν,
2836 984 2871 1027 II
2903 994 3011 1049 τρε,
3056 972 3140 1028 διά
3174 980 3263 1029 τοῦ
3289 973 3469 1030 ἔοὺλου

1887 1067 2044 1120 αὑτοῦ
2072 1068 2123 1131 ἐξ
2146 1067 2249 1127 ἑνὸς
2281 1066 2434 1146 ἄρτου
2467 1070 2675 1129 πολλοὺς
2700 1070 3001 1143 ἔχὸρτασεν,
3031 1068 3173 1130 ὅστις
3199 1067 3263 1123 δι’
3290 1071 3472 1125 ἑαυτοῦ

1887 1158 1937 1211 ἐκ
1974 1161 2120 1213 πέντε
2168 1157 2335 1234 ἄρτων
2381 1162 2528 1216 πέντε
2576 1160 2820 1234 χιλιάδας
2868 1159 3062 1235 ἀνδρῶν
3110 1156 3134 1196 δ
3182 1163 3471 1226 ἐνέπλησεν,

1890 1248 2033 1309 ὅστις
2064 1250 2112 1313 ἐξ
2141 1251 2315 1323 ὀλίγων
2363 1252 2551 1306 κόκκων
2595 1254 2905 1325 σπερμάτων
2953 1253 3195 1326 ἀπείρους
3242 1256 3472 1328 καρποὺς

1884 1346 1983 1393 τῶν
2022 1342 2345 1411 γεννημάτων
2374 1339 2626 1405 πληθύνει,
2666 1341 2806 1403 ὅστις
2845 1346 2931 1397 καί
2960 1345 3089 1397 αὑτὰ
3116 1346 3179 1399 τά
3199 1347 3473 1418 σπέρματα

1883 1430 1937 1481 ἐκ
1961 1437 2052 1487 τῆς
2080 1437 2172 1498 γῆς
2210 1434 2550 1507 προσήγαγεν,
2596 1435 2678 1483 καί
2717 1431 2839 1501 ὁμοῦ
2870 1434 2936 1486 τά
2975 1434 3140 1487 πάντα
3181 1434 3235 1486 ἔκ
3278 1439 3374 1489 τοῦ
3401 1441 3472 1504 μή

1885 1514 2026 1578 ὄντος
2054 1521 2341 1576 πεποίηκεν.
2385 1518 2495 1574 Ἰνα
2538 1519 2590 1574 δὲ
2636 1527 2706 1591 μὴ
2753 1521 2836 1576 ἔτι
2868 1531 2891 1558 θ
2922 1522 3076 1577 πλέον
3102 1525 3391 1599 θαυμάζῃς.
3422 1532 3473 1581 τί

1886 1607 2067 1671 ἔξωθεν
2095 1612 2141 1663 ἐν
2167 1621 2226 1683 τῇ
2248 1618 2340 1666 τοῦ
2371 1618 2543 1682 κυρίου
2576 1612 2785 1685 δυνάμει
2816 1616 2841 1667 ὁ
2870 1616 3151 1689 σεϐάσμιος
3180 1620 3300 1696 ἁνήρ
3322 1623 3472 1691 Σάγκσ

1884 1700 2060 1761 τουλος
2091 1701 2389 1774 εἶργάσατο,
2432 1700 2670 1769 ἄκουσον,
2704 1713 2852 1765 ποῖος
2893 1703 3035 1760 ἔνδον
3064 1714 3126 1779 τῇ
3173 1714 3262 1761 τοῦ
3294 1711 3470 1782 κυρίου

1885 1790 2090 1861 δυνάμει
2119 1795 2376 1863 ὑπῆρχεν.
2406 1791 2493 1847 Ἐν
2524 1816 2620 1850 τινι
2650 1797 2812 1870 ήμέρᾳ
2841 1795 3065 1856 διάκονός
3094 1818 3169 1856 τις
3202 1801 3339 1869 παρά
3372 1806 3472 1854 τῶν

1886 1883 2249 1959 Λογγοϐάρδων
2279 1888 2563 1954 κρατηθείς,
2596 1885 2855 1957 δεδεμένος
2878 1890 3001 1961 παρ’
3032 1890 3206 1950 αὑτοῖς
3238 1891 3468 1965 ὑπῆρχε,

1885 1982 2120 2045 φονεῦσαι
2150 1976 2203 2031 δὲ
2231 1979 2384 2033 αὑτὸν
2414 1980 2456 2032 οἱ
2484 1985 2662 2033 τοῦτον
2694 1985 3042 2055 κρατήσαντες
3067 1982 3327 2037 ἕϐοὑλοντο
3371 1995 3471 2043 Τῆς

180 2085 448 2152 gubardis
499 2079 651 2149 petiit
705 2088 760 2131 ut
811 2076 1039 2132 relaxari
1090 2077 1244 2140 eique
1288 2075 1395 2127 vita
1429 2075 1646 2129 concedi
1698 2074 1781 2128 de-

1891 2064 1941 2118 δὲ
1968 2068 2157 2142 ἡμέρας
2196 2070 2322 2145 πρὸς
2351 2070 2568 2143 ἑσπέραν
2598 2072 3010 2135 καταλαϐούσης,
3042 2071 3066 2125 ὃ
3101 2079 3186 2126 τοῦ
3228 2080 3353 2127 Θεοῦ
3385 2070 3472 2127 ἅν-

183 2174 427 2238 buisset,
456 2170 599 2240 quod
655 2183 813 2237 posse
862 2183 920 2221 se
964 2165 1136 2219 facere
1167 2164 1385 2219 omnino
1432 2174 1776 2233 negaverunt.

179 2266 435 2331 Cumque
469 2271 695 2315 mortem
736 2260 883 2313 illius
912 2257 1244 2313 deliberasse
1270 2270 1363 2310 eos
1389 2266 1653 2323 cerneret,
1691 2272 1778 2324 pe-

182 2359 265 2410 tiit
290 2366 359 2409 ut
390 2356 488 2408 sibi
513 2352 541 2390 δ
574 2354 637 2406 ad
670 2352 967 2406 custodiam
1007 2349 1140 2403 tradi
1171 2349 1462 2403 debuisset.
1490 2347 1585 2401 Cui
1618 2350 1779 2415 proti-

180 2464 288 2503 nus
321 2447 762 2516 responderunt:
794 2443 913 2497 Tibi
944 2442 1155 2512 quidem
1205 2456 1327 2494 eum
1364 2439 1429 2492 ad
1475 2440 1778 2493 custodien-

177 2542 319 2594 dum
358 2541 565 2601 damus,
592 2537 685 2591 sed
719 2550 778 2590 ea
807 2534 1125 2605 Iconditione
1154 2531 1487 2597 interposita,
1526 2542 1581 2583 ut
1606 2532 1647 2582 si
1684 2532 1782 2584 iste

181 2631 419 2700 fugerit,
468 2642 565 2697 pro
594 2642 658 2680 eo
688 2627 803 2693 ipse
859 2624 1126 2679 moriaris.
1160 2623 1308 2689 Quod
1340 2624 1420 2676 vir
1468 2624 1672 2676 Darnini
1723 2623 1782 2675 Ii-

180 2724 397 2777 benter
421 2720 710 2789 acripiens,
748 2716 1059 2786 praedictum
1101 2714 1295 2769 diacon
1322 2732 1386 2767 im
1424 2716 1475 2767 in
1509 2731 1656 2767 suam
1702 2732 1784 2767 su-

179 2812 376 2877 scepit
406 2811 560 2864 [idem
591 2827 605 2874 ;
632 2824 787 2878 quem
838 2818 989 2860 nocte
1022 2806 1195 2861 media
1241 2822 1361 2859 cum
1403 2808 1783 2875 Langobardos

178 2915 394 2957 omnes
422 2915 609 2954 sunno
635 2897 784 2966 gravi
821 2899 1104 2966 depressos
1137 2897 1423 2965 aspiceret,
1448 2898 1694 2951 excitavit
1730 2909 1783 2951 et

178 2995 299 3047 ait:
340 2992 536 3059 Surge,
578 3001 632 3044 et
662 2990 904 3045 concitus
949 2989 1088 3059 fuge,
1129 2988 1320 3042 liberet
1351 3000 1401 3043 te
1444 2989 1784 3058 omnipotens

180 3088 363 3140 Deus.
414 3083 519 3138 Sed
573 3083 710 3136 idem
774 3081 1026 3135 diaconus
1062 3079 1226 3151 365.
1251 3081 1620 3149 promissionis
1669 3082 1783 3149 cjtls

178 3197 296 3233 non
371 3179 691 3244 immemor,
741 3175 1015 3243 respondit
1066 3172 1543 3243 «laceristugere,
1608 3175 1782 3238 Pater,

180 3288 297 3325 non
336 3284 582 3340 possum,
611 3267 736 3337 quia
779 3268 821 3320 si
851 3281 948 3335 ego
977 3266 1178 3335 iugero,
1215 3281 1308 3332 pro
1356 3281 1440 3319 me
1467 3266 1579 3320 sine
1626 3266 1785 3319 dutxio

176 3371 306 3435 ipse
340 3364 607 3417 morieris.
639 3361 807 3426 Quem
835 3359 913 3412 vir
938 3360 1141 3412 Domini
1167 3359 1451 3413 Sanctulus
1481 3359 1544 3411 ad
1578 3358 1782 3428 fugien-

1882 2158 2082 2231 Opwrto;
2127 2160 2431 2229 Σάγκτουλος
2465 2163 2581 2220 τοὺς
2614 2160 3007 2236 Λογγοϐάρδους
3036 2160 3311 2226 ἐδυσώπει,
3335 2163 3472 2223 ὅπως

1881 2258 1970 2310 τήν
1999 2257 2127 2316 ζωήν
2153 2254 2319 2322 τούτῳ
2346 2257 2683 2329 χαρίσωνται.
2721 2257 2868 2310 Αὐτοὶ
2903 2255 2956 2310 δέ
2995 2259 3292 2313 παντάπασι
3318 2266 3473 2313 τοῦτο

1882 2352 2094 2402 ποιήσαι
2121 2349 2422 2419 ἠρνήσαντο.
2456 2344 2528 2398 Ἐν
2566 2355 2637 2415 τῷ
2665 2347 2938 2402 θεάσασθαι
2966 2342 3054 2411 οὖν
3099 2350 3250 2403 αὑτὸν
3276 2347 3354 2404 ὅτι
3392 2357 3474 2403 τὸν

1883 2438 2090 2489 θάνατον
2111 2438 2267 2490 αὑτοῦ
2299 2436 2532 2507 ἀσφαλῶς
2554 2436 2882 2508 ἐψηφίσαντο,
2913 2441 3141 2513 ᾐτήσατο
3184 2442 3371 2499 αὐτοὺς
3396 2442 3474 2495 ἵνα

1884 2524 1975 2581 κᾶν
2006 2530 2090 2582 ἐπί
2127 2537 2199 2598 τῷ
2228 2530 2577 2603 παραφυλάξαι
2607 2533 2782 2596 αὑτὸν,
2828 2538 3010 2586 τοῦτον
3040 2532 3184 2602 αὑτῷ
3212 2553 3473 2607 παραχω-

1885 2627 2130 2696 ρήσωσιν.
2163 2625 2525 2698 ’Λποκριθέντες
2556 2623 2610 2679 δὲ
2653 2622 2810 2680 εἶπον·
2850 2624 2961 2682 Ἐπὶ
3000 2636 3073 2700 τῷ
3119 2628 3477 2701 παραφυλάξαι

1886 2717 1977 2784 μέν
2016 2714 2032 2750 ί
2080 2712 2313 2787 διδοῦμέν
2356 2737 2440 2770 σοι
2478 2718 2644 2780 αὑτὸν,
2693 2718 2773 2772 ἐπὶ
2803 2716 2852 2773 δὲ
2889 2716 2992 2792 ὅρῳ
3023 2715 3259 2789 τοιούτῳ,
3283 2719 3367 2772 ἵνα
3394 2720 3478 2771 ἐὰν

1886 2802 2030 2864 οὗτος
2053 2808 2205 2877 φύγῃ,
2238 2810 2303 2859 σὺ
2331 2807 2437 2862 ἀντ’
2468 2810 2623 2862 αὐτοῦ
2649 2810 2923 2876 ἀποθάνῃς.
2953 2811 3225 2884 Προθὺμως
3250 2807 3302 2863 δὲ
3333 2815 3480 2863 τοῦτο

1888 2895 1912 2947 6
1941 2900 2037 2947 τοῦ
2066 2902 2194 2949 Θεοῦ
2236 2893 2500 2972 ἅνθρωπος
2549 2895 2941 2967 καταδεξμενος
2961 2939 2976 2963 ,
3023 2899 3105 2954 τὸν
3132 2898 3478 2971 προλεχθὲντα

1889 2985 2107 3040 διάκονον
2128 2988 2175 3039 ἐν
2281 2989 2468 3043 ἑαυτοῦ
2495 2988 2759 3052 ἀνεδέξατο
2785 2991 2979 3044 πίστει.
3012 2992 3129 3062 Περὶ
3155 2986 3208 3041 δέ
3237 2988 3294 3041 τὸ
3323 3007 3476 3053 μεσοο

1888 3080 2106 3141 νὺκτιον,
2135 3082 2185 3132 ἓν
2229 3078 2333 3149 ὅσῳ
2363 3083 2557 3141 πάντας
2582 3085 2700 3141 τοὺς
2727 3081 3106 3155 Λογγοϐάρδους
3139 3081 3281 3153 ῦπνῳ
3310 3081 3477 3151 βαρυ-

1889 3176 2029 3242 τάτῳ
2068 3175 2445 3242 κατεχομένους
2493 3176 2759 3236 ἑζνεάσατο,
2808 3177 3073 3239 ἐξυπιίσας
3115 3177 3201 3229 τὸν
3235 3174 3474 3240 διάκονον,

1889 3266 2017 3339 πρὲς
2063 3266 2214 3318 αὑτὸν
2241 3261 2397 3318 εἶπεν·
2440 3268 2691 3330 ’Δνάστα,
2724 3272 2807 3320 καὶ
2852 3270 2984 3337 μετὰ
3032 3265 3263 3328 σπουδῆς
3305 3274 3475 3339 φεῦγε,

1894 3367 1917 3402 5
1946 3358 2062 3431 λυτρ
2073 3361 2267 3414 ὡσηταί
2292 3379 2349 3412 σε
2373 3359 2397 3412 6
2421 3357 2811 3430 παντοὸῦναμος
2840 3361 2979 3419 Θεὸς.
3004 3371 3058 3413 ‘0
3084 3356 3168 3414 οὖν
3196 3361 3341 3420 αὐτὸς
3366 3358 3479 3415 δςάο

175 3463 321 3512 dum
358 3454 636 3524 compulit,
693 3452 878 3507 dicens
907 3469 918 3504 :
947 3452 1138 3520 Surge,
1172 3458 1226 3505 et
1257 3450 1412 3513 vade,
1442 3458 1495 3505 te
1538 3451 1782 3518 omnipo-

1892 3469 2033 3507 κονος
2288 3457 2379 3509 τῆς
2428 3454 2772 3520 ὑποσχέσεως
2821 3452 2973 3505 αὑτοῦ
3022 3454 3110 3504 οῦκ
3162 3453 3477 3522 ἁμνημονῶν,

178 3562 311 3605 lens
349 3548 492 3603 Deus
520 3546 743 3614 eripiat;
777 3560 898 3597 nam
928 3560 1027 3612 ego
1060 3545 1110 3596 in
1160 3558 1318 3595 manu
1349 3543 1466 3610 ejus
1493 3556 1633 3607 sum,
1668 3552 1787 3595 tan-

178 3657 301 3695 tum
334 3640 395 3693 in
425 3654 509 3693 me
537 3645 761 3705 possunt
792 3637 987 3700 facere,
1018 3645 1275 3703 quantum
1306 3634 1418 3702 ipse
1456 3633 1781 3701 permiserit.

180 3736 365 3805 Fugit
410 3734 583 3801 itaque
628 3732 909 3793 diaconus,
944 3738 995 3783 et
1034 3730 1184 3797 quasi
1226 3727 1479 3796 deceptus
1528 3728 1577 3782 in
1610 3728 1786 3782 medio

181 3826 491 3894 ﬁdejussor
534 3822 814 3877 remansit.
862 3819 1021 3873 Facto
1052 3819 1212 3888 igitur
1241 3833 1398 3871 mane
1428 3819 1782 3887 Langobardi,

177 3922 279 3989 qui
306 3918 599 3972 diaconum
633 3912 699 3967 ad
746 3910 1159 3989 custodiepdum
1190 3910 1470 3977 dederant,
1505 3921 1783 3977 venerunt,

180 4026 366 4082 quem
422 4007 681 4062 dederant
734 4006 1046 4076 petierunt;
1102 4002 1193 4057 sed
1256 4002 1398 4058 hunc
1451 4004 1786 4059 venerandus

188 4099 491 4168 presbyter
518 4096 717 4164 fugisse
745 4094 1042 4162 respondit.
1094 4092 1246 4146 Tunc
1272 4093 1341 4145 illi
1369 4092 1612 4163 inquiunt
1638 4113 1649 4145 :
1674 4096 1787 4148 Scis

188 4200 322 4267 ipse
379 4189 570 4243 melius
615 4186 742 4255 quid
789 4185 1059 4239 convenit.
1105 4186 1304 4237 Servus
1350 4195 1524 4238 autem
1582 4185 1787 4239 Domini

186 4291 517 4341 constanter
548 4280 621 4331 ait
651 4276 829 4331 :Scio.
875 4275 970 4330 Cui
1002 4275 1288 4343 dixerunt;
1323 4274 1501 4328 Bonus
1528 4274 1686 4328 homo
1707 4289 1787 4340 es,

188 4378 458 4431 nolumus
486 4381 535 4423 te
568 4384 663 4435 per
690 4368 864 4421 varios
887 4366 1153 4419 cruciatus
1176 4367 1331 4427 mori,
1361 4366 1497 4433 elige
1520 4366 1611 4419 tibi
1645 4381 1789 4419 mor-

188 4480 309 4523 tem
350 4477 503 4533 quam
538 4464 636 4514 vis.
665 4460 871 4526 Quibus
901 4458 982 4511 vir
1005 4457 1213 4511 Domini
1248 4458 1546 4523 reSpondit,
1572 4459 1785 4511 dicens:

186 4561 249 4615 in
284 4572 451 4613 manu
485 4555 578 4609 Dei
606 4568 745 4615 smn,
780 4566 841 4605 ea
876 4557 1046 4604 morte
1077 4565 1161 4603 me
1203 4551 1432 4604 occidite
1462 4567 1562 4619 qua
1588 4569 1671 4605 me
1699 4569 1791 4606 oc-

190 4651 307 4707 cidi
344 4649 458 4717 ipse
486 4643 815 4715 permiserit.
850 4642 1000 4695 Tunc
1030 4640 1279 4694 omnibus
1309 4644 1395 4709 qui
1430 4642 1537 4695 illic
1569 4644 1790 4698 aderant

192 4737 572 4809 Langobardis
603 4735 799 4802 placuit
828 4742 884 4786 ut
927 4748 1048 4785 eum
1097 4732 1275 4794 capite
1309 4742 1555 4787 truncare
1584 4734 1792 4788 debuis-

1892 3542 2132 3611 ἀπεκρίθη
2171 3541 2341 3613 λέγων’
2388 3549 2583 3611 Φυγεῖν,
2632 3543 2817 3616 πάτερ,
2864 3544 2921 3595 οὑ
2971 3539 3211 3612 δύναμαι,
3259 3544 3339 3594 ἐόν
3381 3545 3478 3619 γὰρ

1890 3632 2059 3702 φύγω,
2091 3633 2441 3705 ἆνυπερθέτως
2485 3634 2616 3707 ὑπὲρ
2658 3635 2780 3703 ἐμοῦ
2824 3636 2888 3686 σὺ
2930 3634 3281 3692 ἀποθνήσκεις.
3327 3639 3381 3683 ‘0
3425 3632 3478 3687 δὲ

1888 3730 1979 3777 τοῦ
2008 3730 2132 3779 Θεοῦ
2174 3723 2435 3799 ἅνθρωπος
2480 3726 2785 3798 Σάγκτουλος
2829 3731 3005 3779 τοῦτον
3052 3729 3180 3798 πρὲς
3210 3729 3265 3779 τὸ
3306 3733 3478 3797 (πυγεῖν

1889 3824 2182 3891 κατήπειγε.
2215 3818 2394 3891 λέγων’
2422 3819 2641 3873 Ἀνάστα
2672 3821 2757 3872 καὶ
2795 3816 2997 3883 ἄπελθε,
3036 3816 3062 3872 ὅ
3100 3816 3478 3885 παντοδὺνομος

1890 3910 2007 3968 Θεὸς
2039 3910 2359 3980 λυτρώσεταί
2394 3930 2474 3965 σε.
2508 3910 2637 3982 Ἐγώ
2667 3910 2763 3984 γάρ
2805 3910 2853 3962 ἐν
2884 3916 2946 3982 τῇ
2992 3912 3133 3985 χειρὶ
3160 3909 3312 3963 αὑτοῦ
3353 3910 3475 3977 εἰμι.

1890 4007 1972 4057 καὶ
2000 4009 2245 4057 τοσοῦτον
2278 3999 2299 4036 ¹³
2347 4006 2416 4063 εἰς
2463 4004 2548 4071 ἐμὲ
2601 4011 2815 4059 ποιήσαι
2854 4000 3122 4064 δύνανται,
3176 3998 3292 4054 ὅσον
3329 4002 3477 4061 αὐτὸς

1889 4103 2290 4170 παραχωρήσει.
2335 4093 2515 4167 ’Ἱῐφυγε
2568 4100 2729 4150 τοίνυν
2777 4095 2802 4150 6
2849 4094 3106 4157 διάκονος.
3156 4098 3240 4147 καὶ
3284 4096 3352 4153 ὡς
3398 4091 3476 4149 ὅτι

1891 4188 2163 4247 ἀπατηθεὶς
2195 4187 2219 4241 6
2251 4190 2609 4259 ἀντιφωνητής,
2644 4189 2693 4240 ἐν
2725 4194 2795 4255 τῷ
2824 4186 2964 4256 μέσῳ
2991 4186 3245 4255 ἀπέμεινε.
3280 4183 3479 4257 Πρωῖἀς

1891 4276 1944 4332 δέ
1973 4280 2238 4350 γενομένης
2266 4278 2311 4331 οἰ
2340 4276 2689 4351 Λογγοϐάρδοι
2716 4278 2760 4331 οἷ
2787 4280 2868 4331 τὸν
2897 4275 3120 4331 διάκονον
3161 4277 3245 4328 ἐπὶ
3286 4277 3343 4328 τὸ
3386 4296 3479 4344 φυ-

1890 4370 2141 4440 λαχθῆναι
2168 4377 2241 4440 τῷ
2293 4370 2627 4443 πρεσϐυτέρῳ
2667 4366 3103 4444 παραδὼσαντες,
3156 4366 3282 4439 πρὸς
3326 4364 3478 4420 αὑτὸν

1890 4461 2046 4529 ἦλθον,
2063 4467 2331 4527 ζητοῦντες
2356 4460 2475 4516 ὄνπε
2482 4482 2511 4535 ρ
2526 4464 2665 4533 αὐτῷ
2684 4458 3121 4535 παραδεδώκασιν.
3142 4471 3194 4509 'U
3214 4457 3265 4512 δὲ
3283 4454 3479 4511 εῦλαΰέ-

1892 4577 2076 4616 στατιις
2101 4555 2455 4627 πρεσϐύτερος
2481 4556 2607 4625 πρὸς
2630 4555 2817 4611 αὐτοὺς
2846 4550 2963 4622 ἔφη,
2986 4560 3114 4623 φυγῇ
3140 4550 3223 4603 τὸν
3254 4547 3479 4602 διάκονον

1894 4649 2213 4722 χρήσασθαι.
2242 4644 2444 4698 Ἐκεῖνοι
2475 4641 2526 4696 δέ
2555 4646 2681 4716 πρὸς
2708 4643 2855 4697 αὑτὸν
2882 4637 3044 4695 εἷπον·
3078 4642 3143 4693 T6
3173 4646 3281 4698 πῶς
3311 4638 3478 4693 ἔστοι-

1894 4741 2043 4809 χήθη,
2072 4737 2223 4795 αὐτὸς
2258 4735 2419 4793 καλῶς
2447 4734 2741 4787 ἐπίστασαι.
2784 4742 2837 4784 ‘0
2877 4728 2931 4785 δὲ
2959 4736 3048 4784 τοῦ
3081 4729 3254 4801 κυρίου
3301 4725 3477 4787 δοῦλος

190 4843 348 4894 seut,
389 4840 653 4896 quatenus
693 4825 809 4878 siue
839 4826 982 4893 gravi
1028 4824 1266 4878 cruciatu
1300 4824 1457 4879 vitam
1490 4825 1605 4893 ejus
1634 4842 1783 4880 cum-

1894 4829 2183 4905 θαρσαλέως
2215 4822 2343 4881 εἷπε·
2374 4827 2634 4878 Γινώσκω.
2680 4820 2833 4879 Οὗτοι
2876 4820 2929 4878 δὲ
2952 4823 3079 4898 πρὸς
3122 4818 3275 4875 αὐτὸν
3316 4814 3471 4885 εἷπονσ

192 4923 457 4995 pendiosa
512 4928 687 4973 morte
733 4918 1099 5011 terminaret“.
1150 4916 1373 4984 Cognito
1426 4918 1602 4987 itaque
1642 4919 1780 4985 quod

193 5013 487 5070 Sanctulus
535 5011 627 5081 qui
681 5010 816 5062 inter
844 5009 956 5062 eos
1009 5023 1101 5075 pro
1149 5009 1447 5064 sanctitatis
1488 5011 1782 5064 reverentia

193 5111 380 5177 magni
414 5105 640 5162 honoris
691 5101 988 5156 habebatur
1033 5099 1359 5154 occidendus
1401 5111 1566 5163 esset,
1596 5116 1785 5157 omnes

194 5204 286 5269 qui
319 5202 373 5253 in
397 5199 591 5254 eodem
626 5196 745 5249 loco
776 5192 975 5247 inventi
1000 5201 1122 5243 sunt
1150 5189 1482 5259 Langobardi
1519 5208 1786 5247 convene-

194 5292 412 5362 runt(¢
438 5290 579 5343 sicut
624 5294 752 5341 sunt
795 5284 971 5338 nimiae
1023 5281 1391 5352 crudelitatis)
1424 5282 1529 5337 lmti
1559 5283 1623 5337 ad
1671 5299 1786 5353 spe-

270 5416 298 5443 ε
326 5405 531 5465 (ierim,
560 5416 684 5456 cum
715 5396 979 5453 nonnullis
1008 5396 1213 5459 Norm.,
1245 5412 1458 5465 eumque
1482 5396 1581 5466 ipsi
1611 5413 1781 5465 quem.

264 5475 295 5515 δ
326 5476 439 5528 Val.
462 5474 573 5537 CL,
606 5485 727 5524 cum
759 5467 964 5530 Germ.,
1004 5468 1071 5519 ad
1098 5467 1507 5537 custodiendum.

269 5559 292 5585 ε
325 5545 451 5617 Lyr.
496 5535 567 5597 etv
611 5544 815 5617 primus
875 5538 1011 5591 And.
1080 5551 1200 5617 curn
1263 5535 1506 5599 Gemet.,
1559 5546 1605 5589 et
1653 5538 1785 5617 sicut

193 5605 406 5672 sum";
436 5616 505 5668 ad
547 5605 898 5682 spectaculum
945 5609 1118 5663 mortis
1153 5608 1606 5662 circumsteterunt.
1644 5605 1787 5661 Inter

193 5696 333 5757 ipsa;
362 5689 533 5756 itaque
561 5684 721 5757 acies,
755 5691 858 5733 etc.

266 5758 309 5831 ά.
491 5755 810 5828 ἑχόρτασεν.

1899 4922 2045 4981 Καλὸς
2076 4917 2338 4992 ἄνθρωπος
2379 4912 2452 4979 εἶ,
2482 4919 2568 4971 καὶ
2610 4916 2665 4968 οὑ
2705 4914 2903 4986 θέλομενν
2944 4934 3002 4969 σε
3048 4910 3061 4949 ί
3099 4911 3179 4967 διά
3212 4914 3477 4987 κριτηρίων

1893 5010 2139 5084 διαφόρων
2184 5007 2485 5066 κολάσαντες
2526 5010 2783 5076 φονεῦσαι.
2837 5003 3089 5065 Ἐπίλεξαι
3137 4995 3222 5053 οὖν
3264 5001 3476 5054 Θάνατον

1892 5102 1993 5160 οἷον
2015 5104 2186 5163 θέλεις.
2222 5104 2348 5176 Πρὸς
2384 5099 2473 5160 οῦς
2495 5099 2520 5153 ὁ
2543 5104 2635 5153 τοῦ
2659 5104 2785 5153 Θεοῦ
2814 5092 3073 5173 ἅνθρωπος
3101 5096 3363 5170 ἀπεκρίθη,
3394 5095 3475 5149 λέ-

1891 5214 2011 5270 γων⁸
2039 5194 2114 5250 Ἐν
2140 5204 2202 5271 τῇ
2230 5197 2372 5269 χειρί
2397 5201 2483 5247 τοῦ
2511 5199 2637 5247 Θεοῦ
2660 5195 2780 5262 εἰμι,
2799 5195 2878 5247 καὶ
2906 5193 2994 5264 οἷῳ
3020 5194 3212 5261 θανάτῳ
3240 5191 3389 5251 αὐτὸς
3416 5212 3475 5261 με

1892 5292 2271 5364 παραχωρήσει
2301 5286 2582 5351 ἀποθανεῖν,
2614 5286 2753 5355 αὐτῷ
2778 5304 2838 5353 με
2870 5286 3165 5356 φονεύσατε.
3196 5280 3319 5337 Τότε
3346 5286 3477 5337 πᾶσι

1969 5412 1990 5437 υ
2039 5402 2160 5463 Ms...
2192 5400 2274 5451 ἐπὶ
2302 5398 2496 5451 πλεῖον.

1974 5470 1990 5506 ί
2034 5471 2157 5534 Ms.,
2189 5467 2386 5538 δίδομέν
2416 5488 2516 5520 σοι.

1967 5550 1992 5611 8
2027 5542 2156 5611 _lils.,
2184 5540 2494 5611 λυτρὼσεταί
2522 5557 2602 5590 σε.

1966 5609 1989 5684 ιθ
2178 5606 2665 5684 είςήμᾶς-ποιῆσαι.
2697 5606 2810 5662 ὅσον
2839 5607 2989 5668 ὀθεὸς
3026 5624 3211 5680 natan

1975 5680 1988 5716 ί
2034 5680 2156 5744 Ms,
2188 5678 2270 5734 διά
2302 5680 2534 5750 βασάνων
2562 5677 2663 5751 δίας
2683 5716 2698 5732 .
