3934 6308
422 279 516 332 15H

1599 265 1843 324 SANCTI
1881 262 2210 322 GREGORII
2251 264 2458 319 MAGNI

3578 256 3640 308 5!
3651 252 3683 304 Ξ

422 397 527 448 τοῖς
556 381 698 441 οὖσιν
728 390 882 439 heia:
912 378 1283 459 Λογγοϐάρδοις
1314 383 1515 458 ἤρεσεν,
1550 381 1691 442 ὅπως
1726 384 1884 438 αὐτοῦ
1915 386 2004 442 τὴν

2123 376 2373 431 :taculum
2416 375 2622 430 mortis.
2655 373 3134 426 Circumstetcrunt
3179 369 3357 436 itaque
3397 369 3563 423 acies.
3599 369 3694 422 Vir

422 481 632 552 κεφαλήν
669 477 1022 547 ἀποτέμωσιν,
1065 479 1194 530 ὥστε
1237 473 1352 528 ἄνευ
1393 483 1418 510 ⁸
1461 475 1757 550 βαρυτάτης
1793 479 2010 549 κρίσεως

422 574 783 643 συμπαθητικῷ
812 571 1004 638 Θανάτῳ
1031 575 1120 627 τήν
1159 573 1288 632 ζωὴν
1318 570 1471 622 αὐτοῦ
1503 568 1848 631 ἀπαλλάξωσι.
1897 581 2009 622 Δια-

419 667 619 738 γνόντες
639 670 805 720 τοίνυν
831 665 876 718 οἱ
901 666 949 716 ἐν
971 671 1042 735 τῷ
1065 663 1205 733 τόπῳ
1234 660 1396 729 ἐκείνῳ
1424 660 1698 735 εύρεθέντες
1719 660 2009 735 Λογγοϐάρ-

423 759 515 822 δοι,
555 758 636 814 ὅτι
655 757 960 829 Σάγκτουλος
986 757 1009 810 ό
1039 757 1228 826 μεταξὺ
1260 756 1425 808 αὐτῶν
1456 752 1522 808 δι’
1545 753 1829 823 ἁγιωσύνης
1855 754 2010 811 σέϐας

422 859 471 908 ἐν
502 859 720 927 μεγίστη
749 860 870 925 τιμῇ
916 851 1201 922 ύπάρχων,
1244 849 1535 919 φονευθῆναι
1573 847 1794 915 ἤμελλεν,
1826 848 2010 904 πάντες

421 947 674 1006 συνῆλθον,
706 951 768 1015 τῇ
790 943 989 1000 συνήθει
1021 943 1181 996 αὐτῶν
1211 940 1432 1007 ὠμότητι
1464 941 1721 1010 χρώμενοι
1748 934 2007 1012 εὖφραινόο

423 1059 581 1110 μενοι,
614 1034 639 1073 δ
672 1038 757 1089 καὶ
786 1036 832 1086 ἐν
869 1033 1047 1107 ὁρδίνῳ
1076 1034 1311 1094 στάντες,
1353 1031 1437 1084 τόν
1463 1032 1670 1083 θάνατον
1705 1026 1863 1082 αυτοῦ
1902 1029 2009 1090 ἐξε-

425 1132 661 1203 δέχοντο.
694 1136 797 1183 Τοῦ
837 1127 889 1183 δέ
930 1129 1194 1200 ἀνθρώπου
1229 1130 1320 1179 τοῦ
1350 1129 1475 1177 Θεοῦ
1503 1123 1552 1174 ἐν
1577 1128 1649 1189 τῷ
1681 1121 1816 1190 μέσῳ
1843 1120 2010 1173 αὐτῶν

428 1225 777 1293 εἰσαχθέντος,
810 1223 861 1273 ἐκ
901 1221 1104 1273 πάντων
1129 1224 1227 1270 τῶν
1271 1213 1465 1289 ἀνδρῶν
1505 1220 1604 1268 τῶν
1643 1219 1690 1266 ἐν
1737 1210 2011 1284 δυναστείᾳ

428 1319 663 1385 σώματος
691 1312 937 1380 ἐπελέχοη
978 1306 1076 1372 εἷς,
1114 1311 1230 1384 περὶ
1261 1304 1319 1360 οὗ
1348 1304 1589 1362 διστάσαι
1626 1305 1712 1358 ούκ
1739 1300 1820 1367 ἧν,
1861 1299 1936 1356 ὅτι
1965 1303 2013 1355 ἐν

428 1412 497 1465 ένὶ
532 1408 814 1485 κρούᾶματι
851 1413 940 1466 τῆν
982 1405 1193 1476 κεφαλὴν
1232 1405 1381 1457 αὐτοῦ
1429 1404 1720 1471 ἀποτέμνοι.
1755 1410 1809 1453 '0
1843 1397 1896 1452 δέ
1924 1399 2009 1452 εύ-

425 1505 735 1559 λαξέστατος
787 1496 936 1558 οὗτος
978 1500 1137 1572 ἀνὴρ,
1185 1498 1339 1566 μέσον
1386 1497 1551 1549 αὐτῶν
1601 1493 1811 1546 ἐνόπλων
1857 1490 2012 1547 ὄντων

429 1595 756 1666 προενεχοείς
786 1594 855 1650 εἰς
878 1591 934 1643 τὸ
965 1590 1143 1642 ἑαυτοῦ
1175 1587 1330 1641 ὅπλον
1357 1587 1527 1644 εὐθέως
1562 1581 1858 1658 ἀνέδραμεν⁹
1891 1586 2013 1657 ᾐτή-

426 1709 553 1740 σατο
579 1687 673 1757 γὰρ
708 1682 847 1743 ὅπως
873 1684 1012 1752 αὐτῷ
1042 1690 1064 1718 ⁸
1098 1681 1235 1750 ὀλίγη
1262 1677 1405 1733 ἄδεια
1425 1683 1516 1732 τοῦ
1541 1675 1780 1738 εὔξασθαι
1802 1695 2010 1747 παρασ-

429 1777 578 1844 χεθῇ.
602 1775 794 1828 Τούτου
817 1771 868 1826 δέ
891 1767 1169 1843 γεγονότος,
1197 1770 1243 1820 ἐν
1270 1776 1331 1840 τῇ
1437 1767 1614 1820 ἑαυτὸν
1636 1764 2007 1836 ὑποστρώσας,

428 1863 677 1935 εὔχεσθαι
718 1865 922 1936 ἤρξατο.
975 1862 1168 1936 Μικρὸν
1205 1858 1257 1913 δὲ
1301 1859 1634 1933 χρονίσαντος
1674 1849 1833 1908 αὐτοῦ
1875 1854 1924 1906 ἐν
1949 1861 2010 1926 τῇ

428 1959 584 2030 εὐχῇ,
617 1955 642 2010 ό
682 1957 962 2024 ἐπιλεχθεὶς
1001 1955 1126 2027 πρὸς
1156 1955 1213 2007 τό
1244 1959 1479 2022 εονεῦσαι
1501 1951 1678 2012 αὐτόν,
1707 1956 1768 2020 τῇ
1798 1953 1888 2002 τοῦ
1921 1966 2009 1998 που

430 2047 513 2107 δὸς
541 2049 698 2101 αύτοῦ
719 2047 932 2118 λακταίᾳ
953 2039 1135 2099 τοῦτον
1158 2042 1316 2107 ἔνυξε,
1344 2043 1518 2114 λέγων’
1544 2041 1780 2105 Ἀνάστα,
1796 2041 1881 2092 καί
1908 2037 2012 2088 γλί-

428 2160 520 2199 νας
544 2139 663 2210 γόνυ
707 2136 924 2192 ἔκτεινόν
972 2157 1065 2190 σου
1107 2136 1192 2190 τὸν
1229 2135 1441 2203 αὐχένα,
1481 2133 1726 2189 ’Λναστὰς
1771 2129 1825 2184 δέ
1873 2129 1899 2180 ὁ
1922 2125 2013 2181 τοῦ

430 2236 558 2284 Θεοῦ
591 2225 878 2302 ἄνθρωπος,
911 2227 1074 2284 καθώς
1102 2225 1398 2297 προσετάγη
1429 2223 1720 2278 πεποίηκεν.
1757 2217 2016 2271 Ἐκταθέν-

431 2343 519 2380 τος
542 2319 595 2373 δέ
620 2321 772 2373 αὐτοῦ
804 2323 894 2371 τοῦ
924 2317 1165 2386 αὐχένος,
1200 2318 1282 2367 καί
1313 2315 1370 2367 τό
1396 2315 1532 2380 ξίφος
1559 2310 1664 2363 καθ’
1698 2310 1855 2363 αὑτοῦ
1880 2330 2014 2379 γυμ-

430 2414 577 2463 νοιϐἐν
604 2412 932 2482 θεασάμενος,
962 2405 1142 2462 τοῦτον
1170 2408 1255 2458 τὸν
1285 2405 1368 2457 ἕνα
1412 2403 1574 2472 λόγον,
1609 2402 1767 2459 καθώς
1787 2400 2015 2470 λέγουσι,

434 2499 692 2568 δημοσίως
721 2496 876 2553 εἶπεν
906 2496 1043 2566 Ἃγιε
1072 2496 1289 2554 Ἰωάννη,
1322 2491 1459 2555 δέξαι
1499 2490 1643 2544 αύτό.
1673 2490 1795 2544 Τότε
1837 2488 1862 2543 ό
1907 2490 2020 2541 ἐπί·-

430 2592 604 2650 λςκτος
629 2594 711 2644 καὶ
757 2587 1068 2662 σαρκοϐόρος
1110 2587 1309 2642 ἐκεῖνος,
1341 2582 1527 2653 γυμνόν
1555 2581 1612 2635 τό
1642 2582 1777 2649 ξίφος
1821 2584 2018 2649 κρατῶν

434 2685 483 2736 έν
511 2685 695 2754 ἰσχύει
721 2684 804 2738 τόν
831 2682 1087 2758 βραχίονα
1111 2680 1182 2737 εἰς
1209 2675 1340 2746 ὕψος
1378 2677 1558 2747 ἐπῇρεν
1601 2675 1682 2725 ἐπί
1710 2675 1767 2726 τό
1809 2677 2020 2747 κροῦσαι

436 2778 609 2837 αὐτὸν,
637 2778 944 2847 καταγαγεῖν
967 2772 1018 2827 δέ
1039 2773 1155 2826 αὐτὸ
1181 2768 1410 2840 οὐδαμῶς
1433 2767 1667 2826 ἠδυνήθη.
1693 2763 2019 2833 Ὕψώσαντος

433 2870 532 2939 γάρ
564 2869 717 2920 αὐτοῦ
752 2867 798 2917 ἐν
828 2860 898 2931 τῷ
939 2864 1049 2937 ἀέρι
1088 2866 1176 2918 τήν
1208 2861 1497 2929 μάχαιραν,
1529 2853 1664 2926 ἄφνω
1711 2852 1736 2906 ὁ
1779 2853 2017 2924 βραχίων

435 2962 595 3011 αὑτοῦ
627 2958 824 3015 ἀκλινὴς
851 2957 1129 3027 ἀπέμεινεν.
1155 2953 1274 3006 Τότε
1307 2950 1443 3008 ἅπας
1481 2955 1577 3002 τῶν
1603 2943 1963 3019 Λογγοῧάρδων
1993 2941 2019 2996 ό

433 3052 668 3127 Θόρυϐος,
704 3057 802 3104 τῶν
833 3053 903 3108 εἰς
947 3051 1060 3102 θέαν
1095 3053 1180 3100 τοῦ
1232 3046 1444 3098 θανάτου
1484 3041 1637 3094 αὐτοῦ
1667 3035 2018 3109 παραγεγονό-

2115 479 2290 522 autem
2340 467 2548 520 Domini
2599 465 2856 519 deductus
2901 465 2950 516 in
3002 461 3233 517 medium
3264 471 3365 525 est,
3417 475 3576 530 atque
3617 477 3688 516 ex

2113 560 2358 612 omnibus
2387 558 2514 610 viris
2542 557 2766 611 fortibus
2796 557 2999 609 electus
3040 564 3121 608 est
3150 569 3306 619 unus,
3353 554 3420 608 de
3448 569 3552 622 quo
3592 554 3689 606 du-

2113 652 2258 703 bium
2289 665 2392 702 non
2423 658 2566 702 esset
2615 647 2739 716 quin
2790 661 2894 699 uno
2939 647 3046 699 ictu
3077 644 3379 710 caputeius
3418 644 3697 697 abscinde-

2112 754 2214 795 ret.
2252 741 2599 796 Venerandus
2649 740 2808 809 igitur
2847 738 2925 790 vir
2975 739 3110 790 inter
3138 746 3374 789 armatos
3405 736 3691 796 deductus.

2113 831 2176 883 ad
2210 845 2301 883 sua
2338 846 2485 883 arma
2509 829 2684 883 statim
2714 830 2982 891 cucurrit;
3017 841 3134 878 nam
3170 827 3319 893 petiit
3348 837 3402 876 ut
3426 825 3524 877 sibi
3558 840 3696 889 pau-

2116 921 2280 973 luium
2319 920 2501 972 orandi
2553 919 2762 972 licentia
2813 917 3046 969 daretur.
3079 916 3175 967 Cui
3207 915 3331 967 dum
3374 928 3694 967 concessum

2111 1007 2317 1072 fuisset,
2353 1010 2402 1062 in
2430 1018 2626 1062 terram
2651 1022 2708 1060 se
2733 1007 2920 1060 stravit
2945 1016 2998 1058 et
3028 1005 3217 1056 oravit.
3250 1003 3350 1070 Qui
3385 1003 3507 1055 dum
3537 1001 3699 1069 paulo

2111 1101 2310 1153 diutius
2365 1109 2566 1163 oraret,
2600 1099 2740 1152 hunc
2782 1098 2983 1150 electus
3009 1105 3033 1141 ε
3064 1093 3372 1148 interfector
3414 1095 3560 1147 calce
3592 1095 3703 1162 pul-

2110 1194 2246 1245 savit
2273 1200 2328 1244 ut
2356 1195 2622 1259 surgeret,
2650 1189 2834 1242 dicens
2863 1206 2876 1241 :
2905 1184 3097 1253 Surge,
3128 1194 3181 1238 et
3211 1185 3349 1237 ﬂexo
3372 1199 3508 1251 genu
3533 1184 3701 1237 tende

2113 1282 2405 1336 cervicem.
2455 1280 2702 1334 Surrexit
2743 1289 2917 1332 autem
2962 1273 3043 1329 vir
3094 1275 3327 1335 Domini,
3375 1273 3698 1342 genuflexit,

2112 1371 2379 1426 cervicem
2411 1369 2656 1432 tetendit,
2689 1368 2783 1422 sed
2813 1378 2961 1420 tenso
2984 1364 3123 1419 collo
3146 1364 3392 1417 eductam
3423 1372 3603 1415 contra
3639 1377 3703 1415 se

2112 1460 2621 1528 spathamintuens,
2667 1459 2765 1511 hoc
2798 1471 2957 1509 unum
3012 1455 3222 1521 publice
3253 1453 3418 1505 fertur
3449 1453 3649 1504 dixisse
3685 1468 3698 1503 :

2112 1549 2142 1588 ιι
2170 1554 2366 1607 Sancte
2390 1551 2643 1613 Joannes,
2677 1548 2889 1616 suscipe
2916 1546 3083 1598 illam.
3115 1544 3262 1596 Tunc
3292 1544 3492 1596 electus
3520 1544 3702 1595 Carni-

2115 1644 2202 1698 fex
2238 1644 2572 1714 evaginatum
2614 1640 2845 1710 gladium
2878 1646 3085 1700 tenens,
3119 1636 3233 1688 nisu
3282 1635 3401 1685 forti
3445 1635 3497 1686 in
3527 1634 3702 1685 altum

2047 1747 2086 1804 Β
2119 1734 2394 1789 brachium
2443 1747 2794 1802 percussurus
2845 1729 3061 1793 levavit,
3115 1729 3205 1782 sed
3236 1728 3505 1794 depOnere
3551 1728 3704 1780 nullo

2117 1827 2276 1881 modo
2306 1827 2494 1894 potuit,
2527 1841 2646 1877 nam
2682 1834 2904 1891 repente
2928 1821 3166 1889 diriguit,
3199 1828 3252 1872 et
3283 1829 3463 1871 erecto
3496 1821 3544 1870 in
3577 1834 3700 1880 case

2118 1918 2226 1971 lum
2257 1916 2434 1985 gladio
2463 1914 2736 1968 brachium
2766 1912 3059 1965 inﬂexibi'e
3087 1909 3365 1964 remansit.
3401 1909 3549 1963 Tunc
3574 1927 3704 1960 om—

2117 2009 2199 2061 nis
2229 2003 2698 2073 Langobardorum
2736 2001 2884 2055 turba
2918 2016 3036 2069 qure
3086 2000 3148 2051 ad
3191 1998 3315 2051 illud
3349 1997 3534 2051 mortis
3575 2012 3706 2065 spe-

2117 2099 2381 2153 ctaculum
2415 2099 2617 2160 aderat,
2652 2096 2702 2148 in
2734 2093 2905 2150 laudis
2933 2094 3170 2147 favorem
3204 2108 3480 2155 conversa,
3515 2091 3703 2146 mirari

2117 2191 2303 2256 coepit,
2333 2189 2612 2256 virumque
2642 2186 2733 2239 Dei
2764 2199 2882 2238 cum
2917 2185 3106 2237 timore
3135 2185 3399 2246 venerari,
3429 2184 3548 2251 quia
3578 2198 3709 2250 pro—

2119 2280 2259 2333 fecto
2291 2281 2553 2332 claruerat
2581 2276 2734 2346 cujus
2777 2274 3076 2329 sanctitatis
3107 2283 3275 2337 esset,
3309 2275 3400 2341 qui
3432 2272 3709 2327 carnificis

2121 2371 2203 2425 sui
2237 2367 2509 2423 brachium
2561 2369 2615 2421 in
2660 2381 2784 2421 aere
2816 2366 3051 2435 ligaSSet.
3104 2364 3285 2432 Itaque
3311 2364 3606 2430 postulatus
3648 2371 3712 2415 ut

2118 2470 2384 2526 Surgeret,
2416 2459 2677 2522 surrexit;
2718 2459 3018 2526 postulatus
3050 2463 3106 2508 ut
3155 2454 3432 2507 brachium
3474 2455 3550 2506 sui
3582 2468 3711 2506 car-

2121 2552 2292 2605 nificis
2322 2560 2556 2614 sanaret,
2601 2549 2836 2618 negavit,
2885 2548 3069 2601 dicens
3097 2564 3110 2600 :
3138 2545 3246 2613 Ego
3297 2560 3392 2612 pro
3438 2559 3501 2597 eo
3552 2546 3710 2598 nullo

2122 2645 2283 2698 modo
2332 2642 2519 2707 orabo,
2572 2642 2674 2695 nisi
2731 2640 2860 2694 mihi
2915 2648 3040 2693 ante
3092 2640 3452 2707 jurameutum
3493 2637 3713 2691 dederit

2121 2734 2244 2804 quia
2273 2749 2393 2788 cum
2422 2734 2520 2787 ista
2568 2747 2723 2785 manu
2775 2730 3137 2784 Christianum
3171 2730 3438 2783 hominem
3470 2745 3572 2780 non
3610 2743 3713 2782 oc-

2124 2828 2288 2880 cidat.
2319 2824 2424 2880 Sed
2473 2822 2853 2894 Langobardos
2905 2821 3069 2887 idem,
3101 2822 3233 2889 _qui,
3287 2829 3342 2872 ut
3394 2821 3462 2872 ita
3504 2820 3708 2885 dicam,

2129 2917 2403 2971 brachium
2441 2926 2631 2969 contra
2665 2915 2828 2968 Deum
2877 2913 3150 2967 tendendo
3193 2911 3509 2980 perdiderat,
3546 2926 3711 2980 poena

2123 3025 2220 3063 sua
2243 3011 2510 3079 exigente,
2541 3009 2850 3076 compulsus
2900 3016 2985 3060 est
3010 3005 3193 3075 jurare
3244 3019 3304 3058 se
3341 3005 3712 3058 Christianum

473 3105 502 3127 Ἰ
626 3105 667 3113 "
882 3105 894 3108 '
1744 3105 1753 3109 -
1820 3105 1828 3108 -

433 3168 554 3209 των,
586 3149 656 3205 εἰς
700 3139 834 3197 αἶνον
863 3148 989 3196 Θεοῦ
1021 3137 1362 3212 μετεστράφη,
1394 3137 1476 3189 καὶ
1502 3133 1773 3201 Θαυμάζειν
1805 3130 2014 3205 ἀρξάμε-

2124 3112 2391 3165 homincm
2424 3125 2690 3178 nunquam
2718 3108 2982 3163 occidere.
3012 3107 3172 3177 365
3204 3105 3356 3158 Tunc
3384 3105 3464 3158 vir
3495 3105 3710 3159 Domini

431 3261 527 3301 νοι,
581 3238 665 3291 τόν
711 3241 800 3288 τοῦ
849 3240 972 3288 Θεοῦ
1018 3229 1274 3305 ἄνθρωπον
1313 3223 1338 3262 (ί
1388 3225 1513 3295 μετά
1554 3224 1709 3294 φόϐον
1758 3222 2012 3275 ἐσέϐοντο.

433 3336 657 3402 Φανερῶς
680 3329 778 3402 γάρ
805 3324 1085 3394 ἀπεδείχθη
1107 3326 1256 3379 ποίας
1279 3317 1562 3391 ἁγιωσύνης
1585 3316 1841 3386 ὑπῆρχεν,
1871 3310 2017 3371 ὅστις

433 3422 516 3476 τόν
546 3425 633 3474 τοῦ
666 3416 985 3491 σαρκοϐόρου
1025 3412 1204 3485 ἀνδρὸς
1237 3411 1494 3481 βραχίονα
1529 3409 1575 3458 ἐν
1600 3414 1670 3472 τῷ
1701 3405 1812 3474 ἀέρι
1845 3402 2014 3461 ἔδησε.

435 3509 768 3587 Παρνκληίὶείς
818 3508 982 3560 τοίνυν
1030 3505 1235 3563 ἀνέστη,
1284 3503 1367 3552 καί
1413 3497 1709 3551 ἐδυσώπουν
1740 3496 1893 3547 αὐτόν
1937 3495 2019 3546 ἵνα

435 3605 516 3656 τόν
548 3603 809 3674 βραχίονα
836 3605 927 3652 τοῦ
957 3598 1118 3650 αὑτοῦ
1149 3590 1463 3666 σαρκοϐόρου
1496 3587 1668 3662 ἀνδρὸς
1702 3589 1925 3642 ἰάσηται.
1959 3583 2015 3637 Ὀ

435 3693 487 3748 δὲ
522 3695 663 3764 ἅγιος
693 3687 838 3748 οὗτος
869 3691 991 3762 ἀνὴρ
1020 3684 1382 3746 διανεϐάλλετο,
1413 3681 1587 3751 λέγων’
1618 3677 1864 3748 Οὐδαμῶς
1886 3678 2016 3751 ὑπὲρ

440 3788 590 3839 αὐτοῦ
629 3781 887 3852 εὔχομαι,
935 3779 978 3830 εἰ
1025 3782 1092 3846 μή
1136 3775 1382 3849 πρότερον
1415 3771 1556 3845 ὅρκον
1587 3792 1670 3841 μοι
1715 3768 1889 3842 δώση,
1937 3765 2018 3821 ὅτι

437 3878 566 3944 μετά
595 3882 685 3933 τῆς
717 3872 892 3945 χειρὸς
919 3869 1109 3925 ταύτης
1141 3865 1438 3938 χριστιανόν
1469 3859 1724 3934 ἄνθρωπον
1757 3861 1811 3911 οῦ
1843 3859 2018 3930 φονεύ-

438 3988 532 4019 σει.
570 3975 623 4015 Ὀ
666 3962 718 4017 δὲ
764 3955 1118 4033 Λογγοϐάρδος
1157 3958 1358 4016 ἐκεῖνος,
1413 3951 1557 4011 ὅστις
1588 3953 1714 4004 κατά
1757 3955 1847 4004 τοῦ
1891 3956 2017 4003 Θεοῦ

443 4057 542 4119 (ἵνα
580 4052 737 4111 οὕτως
779 4050 926 4116 εἴπω)
967 4049 1225 4123 βραχίονα
1263 4047 1502 4105 ἐκτείνας,
1549 4049 1728 4095 τοῦτον
1773 4041 2018 4106 ἀπώλεκε,

439 4153 528 4203 τῆς
561 4144 785 4213 βασάνου
830 4140 978 4194 αὐτόν
1015 4133 1444 4202 κατεπειγούσης,
1490 4132 1781 4202 ἠναγκάσθη
1830 4133 2027 4200 ὁμῶσαι

445 4243 536 4290 τοῦ
565 4233 812 4305 μηδέποτε
839 4229 1134 4305 χριστιανέν
1160 4224 1411 4297 ἄνθρωπον
1441 4230 1694 4294 φονεῦσαι.
1717 4223 1841 4274 Τότε

439 4326 466 4380 ό
495 4332 583 4381 τοῦ
613 4331 736 4378 Θεοῦ
769 4321 1022 4395 ἅνθρωπος
1066 4319 1322 4375 ἐκέλευσεν
1356 4312 1509 4387 αὐτῷ,
1560 4314 1734 4386 λέγων·
1769 4314 2027 4383 Κατένεγκε

2123 3213 2396 3281 praecepit,
2427 3212 2609 3266 dicens
2639 3229 2652 3262 :
2685 3211 2898 3279 Depone
2923 3224 3138 3260 manum
3168 3207 3437 3261 deorsum.
3467 3207 3566 3272 Qui
3592 3216 3714 3257 sta—

2124 3305 2217 3358 tim
2271 3303 2536 3371 deposuit.
2589 3305 2763 3369 Atque
2820 3300 2961 3353 illico
3003 3299 3284 3366 adjunxit:
3321 3298 3548 3350 Remitte
3595 3297 3716 3362 gla-

2121 3396 2268 3448 dium
2323 3395 2373 3445 in
2412 3393 2676 3460 vaginam.
2723 3392 2786 3442 Et
2834 3389 3010 3444 statim
3058 3388 3282 3442 remisit.
3335 3387 3533 3440 Omnes
3578 3401 3718 3453 ergo

2125 3497 2285 3540 tantae
2308 3485 2519 3538 virtutis
2568 3482 2836 3535 hominem
2891 3490 3298 3547 cognoscentes,
3334 3479 3498 3531 boves
3542 3487 3594 3529 et
3621 3477 3721 3544 ju-

2125 3589 2308 3630 menta
2338 3593 2454 3643 qtttt'
2484 3572 2779 3641 deprwdati
2824 3572 3050 3634 fuerant,
3086 3569 3331 3622 certatim
3361 3567 3408 3621 ei
3440 3568 3631 3620 offerre
3662 3569 3715 3617 in

2129 3683 2351 3722 munere
2384 3665 2631 3718 volebant
2653 3681 2667 3728 ;
2693 3662 2784 3716 sed
2820 3662 2899 3713 vir
2939 3661 3144 3712 Domini
3179 3660 3279 3711 tale
3310 3673 3500 3710 munus
3538 3661 3720 3709 susui-

2131 3777 2258 3831 pere
2287 3761 2486 3824 renuit,
2520 3774 2712 3812 munus
2743 3766 2920 3808 autem
2956 3756 3105 3806 bona:
3145 3753 3409 3806 mercedis
3441 3754 3719 3821 quarsivit,

2127 3854 2314 3907 dicens
2347 3867 2361 3902 :
2391 3850 2445 3904 Si
2503 3848 2629 3901 mihi
2684 3845 2878 3913 aliquid
2925 3845 3086 3897 vultis
3129 3844 3463 3909 concedere,
3521 3859 3721 3896 omnes

2127 3945 2368 4010 captivos
2399 3955 2532 4010 quos
2565 3938 2770 3991 habetis
2800 3936 2926 3989 mihi
2963 3935 3200 3996 tribuite,
3233 3945 3290 3987 ut
3319 3935 3538 3987 habeam
3571 3937 3722 3987 unde

2130 4048 2226 4101 pro
2255 4033 2404 4084 vobis
2427 4031 2646 4084 debeam
2701 4043 2876 4080 orare.
2921 4025 3245 4095 Factumque
3273 4035 3390 4090 est;
3418 4036 3473 4079 et
3519 4040 3720 4076 omnes

2130 4125 2328 4195 Captivi
2353 4138 2474 4176 cum
2519 4136 2584 4175 eo
2613 4119 2816 4174 dimissi
2868 4130 3011 4182 sunt,
3045 4127 3222 4186 atque,
3263 4133 3492 4184 superna
3542 4118 3718 4184 gratia

2131 4219 2467 4286 disponente,
2517 4228 2637 4268 cum
2687 4227 2746 4265 se
2798 4225 2932 4263 unus
2979 4227 3074 4278 pro
3132 4225 3239 4262 uno
3289 4209 3445 4262 morti
3489 4207 3720 4271 obtulit,

2133 4311 2328 4363 multos
2350 4324 2378 4360 a
2408 4317 2578 4367 marte
2608 4305 2877 4358 liberavit.

440 4423 530 4476 τήν
562 4417 725 4489 χεῖρά
753 4435 847 4466 σου
892 4415 1050 4466 κάτω.
1082 4406 1261 4467 Ὀστις
1295 4414 1626 4478 παραχρῆμα
1659 4406 1850 4461 ταύτην
1889 4406 2161 4474 κατήγαγε,
2195 4405 2285 4458 τήν
2317 4397 2369 4452 δέ
2418 4399 2687 4469 μάχαιραν
2736 4395 2915 4451 εὐθέως
2967 4395 3036 4454 εἰς
3076 4397 3168 4452 τήν
3211 4393 3359 4451 θήκην
3394 4394 3555 4451 αὐτῆς
3590 4389 3728 4444 5'30:—
3773 4443 3783 4451 _

441 4515 539 4565 λεν.
577 4505 827 4564 ’Λπαντες
877 4502 929 4556 δὲ
983 4504 1028 4556 οἱ
1075 4497 1450 4573 Λογγοϐάρδοι,
1495 4499 1731 4555 τοιαύτης
1775 4494 2028 4564 δυνάμεως
2065 4492 2186 4546 ὄντα
2215 4493 2296 4545 τὸν
2327 4488 2485 4564 ἄνδρα
2512 4491 2870 4561 γνωρίσαντες,
2914 4487 3156 4559 πρόϐατα
3181 4489 3260 4539 καί
3295 4486 3418 4559 βόας
3447 4489 3528 4538 καί
3566 4485 3727 4556 ἕτερα

442 4605 612 4660 κτήνη,
647 4598 696 4660 ἐξ
734 4593 800 4648 ὧν
841 4592 965 4652 ἦσαν
998 4601 1021 4627 ο
1052 4588 1471 4666 πραιδεύσαντες,
1505 4585 1642 4660 δῶρα
1672 4587 1808 4654 αὐτῷ
1833 4586 2131 4657 προσφέρειν
2155 4585 2475 4654 ἠγωνίζοντο.
2533 4577 2702 4633 Ἀλλ’ό
2743 4585 2834 4632 τοῦ
2881 4584 3009 4630 Θεοῦ
3050 4573 3306 4651 ἅνθρωπος
3332 4581 3540 4630 τοιαῦτα
3579 4573 3727 4649 δῶρα

441 4690 672 4752 δέξασθαι
712 4686 802 4739 οὐκ
841 4683 1064 4742 ἠθέλησε.
1108 4679 1298 4733 Μᾶλλον
1328 4677 1378 4732 δέ
1420 4679 1600 4750 μισθοῦ
1647 4678 1838 4746 ἀγαθοῦ
1880 4675 2036 4747 δῶρον
2075 4677 2308 4738 ἐζήτησε,
2358 4672 2532 4742 λέγων·
2565 4667 2679 4722 Ἐάν
2725 4689 2810 4740 μοι
2849 4665 2866 4703 ί
2901 4668 3061 4720 θέλετὲ
3109 4671 3159 4721 τί
3195 4688 3318 4721 ποτε
3361 4666 3518 4740 δῶρον
3554 4665 3721 4740 δωρήε

442 4779 666 4839 σασθαι,
699 4777 817 4833 τοὺς
857 4772 1216 4840 αἰχμαλώτους
1249 4767 1396 4826 ὅλους
1437 4767 1523 4826 οὓς
1551 4766 1701 4835 ἔχετε
1733 4766 2028 4838 χαρίσασθέ
2067 4786 2166 4834 μοι,
2204 4763 2288 4814 ’ἱνα
2315 4759 2425 4831 ἔχω
2467 4759 2612 4813 πόθεν
2656 4760 2779 4829 ύμῖν
2820 4760 2992 4828 ὀφείλω
3039 4756 3300 4820 εὔξασθαι.
3352 4762 3526 4830 Γέγονε
3567 4765 3728 4812 τοῦτο

445 4877 640 4932 τοίνυν,
679 4871 764 4922 καί
813 4867 1001 4923 πάντες
1054 4863 1098 4925 Q1
1147 4861 1472 4932 αἰχμάλωτοι
1508 4861 1552 4911 οἱ
1589 4859 1697 4930 μετ’
1728 4861 1882 4910 αὐτοῦ
1933 4857 2274 4911 ἀπελύθησαν.
2326 4853 2473 4906 Οὕτω
2516 4855 2615 4924 γὰρ
2653 4853 2682 4907 ἡ
2726 4847 2912 4903 ἄνωθεν
2953 4850 3238 4921 ᾠκονόμησε
3284 4850 3517 4924 πρόνοια,
3552 4852 3638 4904 ἶνα
3673 4853 3727 4903 ἐν

447 4966 554 5035 ὅσῳ
598 4964 777 5016 ἑαυτὸν
831 4959 978 5032 μόνον
1024 4959 1155 5032 ὑπὲρ
1203 4958 1309 5017 ἐνὸς
1350 4964 1422 5029 τῷ
1468 4955 1666 5025 θανάτῳ
1705 4959 2028 5031 προσήγαγε,
2068 4953 2280 5011 πολλοὺς
2309 4952 2409 5003 ἀπὸ
2432 4947 2649 5002 θανάτου
2677 4946 3023 5019 λυτρώσηται.
3097 4945 3140 4980 (δ

2212 5086 2238 5123 1³
2265 5085 2410 5139 Haud
2451 5084 2610 5137 dubie
2651 5092 2892 5136 sanctum
2949 5081 3206 5134 Joannem
3266 5082 3412 5148 Dant.
3456 5083 3727 5143 invocavit

2138 5157 2442 5220 Sanctulus,
2492 5155 2578 5221 qui
2610 5153 2746 5222 apud
2798 5153 3173 5219 Langobardos
3221 5169 3409 5214 magna
3461 5155 3726 5222 religione

2132 5219 2435 5289 colebatur,
2471 5219 2530 5278 ut
2575 5219 2701 5278 dcit
2749 5223 2941 5276 Paulus
2987 5224 3154 5286 Diam,
3185 5223 3251 5274 de
3295 5224 3470 5277 Gcsus
3516 5219 3726 5292 Longo-

2134 5301 2309 5362 bard.,
2345 5298 2438 5350 lib.
2467 5312 2516 5359 v,
2551 5310 2671 5362 cap.
2696 5293 2748 5345 6.
2786 5295 2837 5345 Id
2864 5295 2913 5346 in
2943 5309 3101 5344 causa
3135 5293 3230 5344 fuit
3262 5302 3319 5344 ut
3350 5294 3716 5351 'l‘heodetinda

2134 5371 2314 5439 regina
2362 5365 2917 5439 magnis‘sumptibus
2961 5363 3231 5439 basiliCam
3281 5367 3450 5418 saneti
3496 5365 3719 5421 Joannis

2136 5435 2385 5508 Baptistae
2411 5439 2562 5491 titulo
2585 5435 2888 5508 iusignitam
2915 5435 3227 5500 aedificaret,
3249 5438 3578 5508 ornamentis
3601 5440 3722 5492 auri

2134 5521 2189 5563 et
2214 5504 2417 5576 argenti
2468 5510 2769 5568 decorarct,
2818 5505 3115 5572 ditaretque
3167 5504 3378 5569 praediis
3412 5508 3547 5572 apud
3608 5508 3724 5561 Μοο

2137 5583 2389 5639 doeciam,
2411 5593 2503 5631 seu
2531 5576 2832 5639 Modiciam,
2862 5590 2966 5628 non
2993 5576 3147 5643 longe
3177 5591 3205 5626 a
3235 5576 3556 5634 Mediolano.
3588 5579 3726 5634 Vitio

2137 5651 2286 5704 Paul.
2323 5650 2635 5715 Diaconum,
2668 5649 2757 5716 lib,
2796 5661 2866 5715 tv,
2897 5661 3013 5717 cap.
3045 5646 3116 5698 22
3147 5646 3310 5700 ct25.

516 5113 541 5175 ξι
586 5102 706 5164 Ms.,
738 5101 1028 5175 βαρυτάτης
1057 5096 1378 5175 βασάνου....
1403 5101 1492 5151 τῆς
1522 5096 1652 5155 ζωῆς
1672 5091 1820 5144 αὐτὸν
1839 5090 2028 5175 ἀποιλλ.
2070 5094 2113 5149 D

512 5173 538 5210 δ
582 5162 706 5230 Ms..
738 5162 1023 5243 ἒνόρδίνως,
1053 5162 1443 5243 adverbialiter
1481 5172 1794 5243 occurrunt,
1839 5162 1890 5213 in
1925 5162 2026 5243 lin-

444 5258 545 5312 gua
575 5230 1015 5312 Grmcobérbara,
1049 5230 1512 5312 Epdwov,_383¢v0;,
1549 5231 1760 5312 ὀρδινία,
1800 5246 1894 5312 ι)ςο
1931 5232 2027 5283 l.a-

447 5258 545 5312 gua
575 5254 1015 5297 tirmcooaruara,
1049 5254 1262 5308 οροινον,
1296 5255 1321 5286 0
1362 5254 1512 5294 οινος,
1549 5254 1760 5302 optima,
1801 5254 1894 5298 pro
1931 5254 2027 5283 La-

447 5319 554 5367 tine
607 5314 756 5365 ordo.
808 5310 1006 5361 Dicitur
1046 5307 1209 5360 etiam
1262 5254 1567 5379 ὀρὲινάριος,
1624 5301 1940 5367 ordinarius,
1983 5311 2027 5353 et

445 5379 1025 5457 opdtvgdm,_prdinﬂ'e.

521 5466 541 5491 ο
586 5453 706 5515 MS.,
739 5450 877 5520 ὀλίγα
904 5446 1068 5502 ἄδεια.

515 5524 538 5560 ⁴¹
587 5525 710 5594 Μ8.,
741 5517 868 5594 μετά
894 5521 1045 5590 φόξου
1077 5517 1365 5585 ἐπίστευον,
1395 5526 1616 5594 φανερῶς
1640 5517 1760 5590 γάρ.

520 5605 543 5666 εξ
583 5593 700 5666 ἴθι-8.,
730 5590 1078 5666 πρεδεύοντες.

526 5663 542 5700 ί
591 5663 713 5727 Μς.,
742 5663 907 5720 θέλητέ
936 5666 986 5716 τί
1008 5681 1155 5715 ποτε.

523 5750 538 5768 ι
565 5734 886 5805 Lompend.,
919 5732 1174 5801 carnifex.
