3934 6350
147 309 223 365 515

144 511 497 581 cognoverim,
544 524 671 562 vere
718 515 899 561 tamen
950 508 1117 562 fateor
1163 505 1289 575 quia
1333 506 1464 559 mihi
1513 506 1720 575 quoties

146 608 382 660 narratur
413 600 723 651 innovatur.

204 692 452 748 ϐκεοοιι.
496 691 638 745 Nihil
681 690 735 742 in
779 689 878 742 hac
902 704 960 743 re
990 688 1040 740 in
1074 687 1329 743 Sanctulo
1356 688 1587 755 mireris,
1628 691 1721 745 sed

148 801 322 855 pensa,
357 785 401 837 si
428 794 605 852 potes,
638 782 760 850 quis
786 782 876 835 ille
903 781 1124 849 spiritus
1152 779 1327 843 fuerit,
1360 781 1449 848 qui
1480 782 1596 848 ejus
1619 793 1721 835 tam

146 876 434 940 simplicem
487 884 722 928 mentem
775 874 967 939 tenuit,
1021 880 1181 938 atque
1232 872 1281 924 in
1322 879 1471 925 tanto
1517 874 1727 927 virtutis

148 967 375 1021 culmine
423 966 623 1021 erexit.
670 964 771 1019 Ubi
815 964 954 1017 enim
985 961 1105 1032 ejus
1135 964 1342 1016 animus
1367 963 1484 1027 fuit,
1517 968 1727 1031 quando

149 1060 271 1113 mori
321 1074 421 1127 pro
474 1057 877 1125 proximo'tam
922 1063 1233 1109 constanter
1262 1055 1515 1120 decrevit,
1550 1069 1607 1111 et
1634 1073 1728 1123 pro

148 1148 426 1216 temporali
478 1148 583 1200 vita
638 1144 822 1199 fratris
871 1145 1026 1198 unius
1067 1159 1217 1220 suam
1263 1144 1528 1212 despexit,
1569 1153 1728 1214 atque

145 1244 239 1298 sub
267 1243 451 1312 gladio
497 1240 767 1294 cervicem
815 1236 1078 1291 tetendit?
1104 1237 1235 1302 Qum
1264 1251 1391 1306 ergo
1420 1239 1498 1291 vis
1529 1239 1728 1291 amoris

148 1344 170 1369 ι
195 1332 327 1386 illud
354 1347 454 1385 cor
484 1330 678 1393 tenuit,
716 1328 859 1397 quod
891 1338 1114 1383 mortem
1147 1343 1294 1381 suam
1327 1343 1422 1396 pro
1451 1328 1609 1383 unius
1640 1344 1727 1383 sa-

146 1429 251 1480 lut:
282 1424 519 1480 aroximi
552 1438 658 1475 non
689 1421 947 1488 επιτονὶιῖ
996 1421 1210 1475 Scimus
1249 1429 1392 1474 certe
1437 1422 1557 1489 quia
1591 1422 1727 1475 idem

147 1514 478 1569 venerabilis
508 1513 591 1565 vir
615 1512 904 1565 Sanctulus
934 1511 1046 1578 ipsa
1073 1525 1283 1579 quoque
1306 1510 1568 1565 elementa
1593 1511 1733 1565 litte-

144 1622 325 1660 rarum
372 1605 513 1659 bene
541 1620 647 1656 non
686 1612 925 1657 noverat.
958 1602 1112 1670 Legis
1144 1610 1403 1671 praecepta
1434 1604 1727 1669 nesciebat;

146 1699 241 1749 sed
272 1698 395 1765 quia
431 1696 715 1763 plenitudo
742 1696 871 1763 legis
891 1704 973 1749 est
1001 1694 1235 1747 cliaritas
1267 1694 1449 1760 (Rom.
1476 1708 1592 1757 xui,
1619 1694 1730 1763 10),

1374 302 1762 360 DIALOGORU
1775 305 1820 358 ιι
1862 301 2065 357 LIBER
2103 304 2187 358 Ill.

200 420 365 473 Pera.
408 416 537 471 Mira
562 430 678 479 res,
713 422 770 470 et
797 416 1038 483 quamvis
1080 413 1217 469 hanc
1243 414 1312 467 ab
1348 415 1468 468 aliis
1510 423 1564 469 et
1605 415 1718 482 ipse
1748 420 1792 473 Α

3297 301 3400 357 5H

1892 425 2058 468 IIETP.
2092 416 2401 485 Θαυμαστόν
2431 414 2585 476 ὄντως
2611 421 2849 491 πρᾶγμα.
2881 424 3039 472 Τοῦτο
3066 417 3117 472 δὲ
3158 424 3239 472 καί
3274 418 3429 493 rep"

1825 508 2007 579 ἐτέρων
2040 511 2231 567 ἀκήκοα
2275 510 2448 571 ἀληθὲς
2487 511 2770 580 ὑπάρχειν.
2819 511 2942 569 Πλὴν
2975 509 3113 584 ὅμως
3152 510 3400 583 ὁμολογῶ,

1829 597 1911 653 ὅτι
1940 598 2117 659 ὁσάκις
2145 622 2231 672 μοι
2256 609 2278 636 ⁸
2308 601 2555 676 ρίσκεται,
2586 604 2951 665 άνακαινίζεται
2973 603 3018 654 ἐν
3047 603 3173 671 ἐμοί.

1896 723 2131 766 ΓΡΗΓΟΡ.
2176 719 2261 771 Μή
2306 715 2573 784 θαυμάσῃς
2623 717 2671 767 ἐν
2719 722 2790 784 τῷ
2826 714 3115 786 Σαγκτοὺλῳ
3153 716 3271 786 περὶ
3314 723 3403 770 τοῦ

1827 807 2129 879 πράγματος
2160 810 2365 871 τούτου,
2390 806 2494 860 ἀλλ’
2523 810 2607 861 ἐάν
2638 806 2865 867 δύνασαι,
2900 806 3208 863 κατανόησον
3234 804 3406 861 ὁποῖον

1828 896 2008 947 ἐκείνου
2051 896 2110 949 τὸ
2151 902 2351 966 πνεῦμα
2395 895 2656 967 ὑπῆρχεν,
2692 894 2818 969 ὅπερ
2856 898 3008 950 αὑτοῦ
3051 898 3135 949 τὸν
3173 897 3408 967 λογισμὸν

1829 984 1991 1044 ονῗτως
2017 987 2248 1060 ἀκέραιον
2287 985 2586 1059 διεκράτησε
2609 1028 2621 1048 .
2666 990 2745 1041 καί
2778 990 2826 1040 ἐν
2853 988 3088 1055 τοσούτῳ
3123 986 3242 1055 ὕψει
3263 984 3410 1042 δυνά-

1828 1096 1963 1143 μεως
1999 1078 2234 1147 ἀνήγαγε.
2270 1085 2367 1130 Ποῦ
2411 1079 2507 1153 γάρ
2554 1080 2716 1132 αὑτοῦ
2746 1080 2775 1136 ἡ
2804 1078 2957 1148 ψυχὴ
3002 1080 3262 1153 ὑπῆρχεν,
3290 1076 3409 1133 ὅταν

1828 1166 2091 1219 ἀποθανεῖν
2118 1164 2201 1221 διὰ
2230 1168 2315 1221 τὸν
2344 1166 2554 1225 πλησίον
2581 1168 2713 1221 οὑτω
2740 1168 3014 1242 προθύμως
3043 1169 3293 1230 ἠπείγετο.
3328 1171 3410 1222 καί

1829 1255 1910 1311 διὰ
1968 1262 2057 1315 τήν
2113 1258 2218 1316 ἑνός
2275 1256 2485 1328 ἀδελφοῦ
2537 1258 2851 1331 πρόσκαιρον
2910 1262 3077 1323 ζωὴν,
3135 1264 3224 1316 την
3281 1257 3411 1313 ἰδίαν

1829 1345 2085 1419 ὑπερεῖδε,
2134 1348 2218 1399 καί
2260 1346 2344 1398 τὸν
2375 1346 2561 1399 ἑαυτοῦ
2590 1348 2849 1419 τράχηλον
2888 1348 2990 1400 ὑπό
3028 1352 3116 1405 τήν
3144 1350 3410 1421 μάχαιραν

1830 1437 2065 1499 ἐξέτεινες
2114 1437 2234 1491 ποία
2281 1434 2334 1489 δὲ
2385 1436 2615 1495 ἐπίτασις
2657 1437 2809 1489 πόθου
2850 1440 2939 1494 την
2980 1437 3163 1489 ἐκείνου
3204 1436 3414 1511 καρδίαν

1831 1534 2090 1595 κατεῖχεν,
2128 1523 2207 1580 ὅτι
2234 1528 2318 1580 τ”ν
2350 1527 2557 1579 θάνατον
2583 1527 2711 1599 ὑπὲρ
2753 1534 2843 1584 τῆς
2877 1531 2969 1580 τοῦ
2995 1528 3204 1584 πλησίον
3246 1550 3417 1584 σωτηισ

1831 1618 1943 1689 ρίας
1968 1618 2057 1668 οὑκ
2084 1615 2329 1690 ἐδειλίαςε
2350 1634 2363 1679 ;
2388 1616 2443 1669 τό
2472 1614 2523 1669 δέ
2545 1617 2980 1690 θαυμασιώτερον,
3008 1614 3089 1670 ὅτι
3112 1615 3223 1670 οὑδέ
3251 1622 3413 1691 γράμ-

1835 1730 1972 1778 ματα
1994 1710 2266 1766 ἠπίστατο.
2304 1717 2378 1759 Ἑν
2402 1706 2594 1777 βεϐαίῳ
2622 1708 2718 1780 γάρ
2741 1708 3073 1775 γινώσκομεν,
3107 1704 3181 1760 ὄτι
3206 1706 3230 1760 ό
3260 1709 3417 1767 αὑτεζς

140 1792 316 1859 legem
365 1798 537 1843 totam
570 1790 624 1841 in
660 1787 756 1840 Dei
795 1802 857 1841 ac
885 1786 1108 1854 proximi
1139 1785 1425 1839 dilectione
1460 1786 1724 1850 servavit;

1841 1798 2198 1857 εὑλαϐἐστατος
2242 1798 2365 1869 άνηρ
2401 1796 2732 1866 Σάγκτουλος,
2778 1794 2892 1849 οὑδὲ
2932 1798 3065 1850 αὑτὰ
3089 1798 3151 1850 τὰ
3175 1806 3416 1867 στοιχεῖα

138 1891 189 1933 et
252 1879 393 1947 quod
456 1878 591 1933 toris
637 1878 689 1931 in
743 1877 1044 1943 cognitione
1086 1890 1190 1929 non
1241 1884 1484 1944 noverat,
1539 1874 1730 1930 intusb

142 1973 362 2025 vivebat
400 1972 454 2024 in
490 1984 697 2022 amore.
744 1970 807 2023 Et
846 1969 933 2037 qui
965 1982 1232 2035 nunquam
1273 1965 1502 2021 fortasse
1535 1968 1734 2036 legerat

137 2063 282 2130 quod
315 2061 385 2115 de
414 2061 782 2127 Redemptore
812 2058 1040 2113 Joannes
1073 2057 1359 2126 Apostolus
1386 2058 1556 2111 dixit:
1589 2059 1717 2123 Quo-

140 2153 285 2206 niam
330 2154 466 2205 sicut
504 2151 595 2203 ille
631 2168 727 2220 pro
768 2150 910 2203 nobis
946 2150 1171 2201 animum
1198 2164 1344 2202 suam
1369 2148 1561 2219 posuit,
1587 2150 1659 2201 sic
1688 2160 1735 2201 et

135 2262 233 2298 nos
259 2244 507 2297 debemus
545 2260 637 2312 pro
673 2243 920 2311 fratribus
946 2243 1146 2294 animas
1178 2256 1363 2309 ponere
1391 2239 1443 2311 (l
1467 2239 1624 2295 Joan.
1650 2256 1730 2305 nt,

137 2336 259 2401 13),
293 2344 406 2388 tam
440 2334 677 2388 sublime
721 2333 1072 2403 apostolicum
1118 2341 1440 2400 prteceptnm
1491 2331 1735 2385 faciendo

136 2428 313 2496 magis
355 2443 520 2495 quam
565 2426 789 2480 sciendo
819 2434 1062 2479 noverat.
1096 2423 1504 2493 Comparemus,
1540 2423 1584 2476 si
1615 2423 1730 2492 pla-

130 2529 246 2581 cet,
279 2532 410 2572 cum
440 2519 540 2572 hac
586 2527 767 2570 nostra
816 2517 1026 2569 indueta
1071 2518 1292 2570 scientia
1342 2514 1481 2568 illius
1518 2514 1727 2569 doctam

132 2608 528 2677 ignorantiam.
567 2606 670 2661 Ubi
719 2607 837 2661 hac
875 2615 1060 2661 nostra
1099 2606 1265 2674 jacet,
1300 2606 1372 2660 ibi
1404 2606 1545 2659 illius
1574 2605 1735 2660 disci-

131 2700 286 2766 plina
342 2698 566 2752 eminet.
608 2698 715 2752 Nos
751 2697 819 2753 de
849 2698 1138 2752 virtutibus
1166 2696 1317 2751 vacui
1350 2696 1636 2766 loquimur,
1677 2705 1732 2751 et

128 2790 296 2855 quasi
332 2789 475 2843 inter
497 2786 768 2843 fructifera
795 2788 1009 2842 arbusta
1034 2789 1213 2857 positi,
1243 2788 1531 2841 adoramus
1554 2802 1730 2856 poma,

129 2894 244 2934 nec
300 2879 729 2945 manducamus;
784 2879 874 2933 ille
931 2880 1191 2945 virtutum
1250 2878 1459 2932 fructus
1512 2892 1734 2946 carpere

130 2981 414 3039 noverat,
470 2973 717 3042 quamvis
770 2971 870 3028 hos
921 2974 973 3026 in
1021 2972 1198 3027 verbis
1251 2981 1275 3011 ο
1320 2971 1547 3026 odorare
1604 2984 1732 3025 nes-

128 3064 345 3116 ciebat.

1835 1895 1933 1941 τῶν
1961 1888 2275 1959 γραμμάτων
2305 1885 2460 1943 καλῶς
2492 1882 2621 1959 ᾔδει.
2647 1887 2722 1939 Τά
2749 1891 2835 1937 τοῦ
2858 1882 3012 1954 νόμου
3040 1889 3417 1959 προστάγματα

1837 1977 1922 2028 οὑκ
1950 1980 2226 2034 ἠπίστατο.
2256 1974 2378 2029 Ἀλλ’
2406 1973 2574 2032 ἐπε·δὴ
2595 1975 2843 2047 πλήρωμα
2863 1974 3014 2045 νόμου
3037 1976 3066 2032 ἡ
3090 1977 3282 2046 ἀγάπη,
3309 1976 3419 2030 ὅλοι⁸

1838 2066 1920 2120 τὸν
1943 2065 2087 2136 νόμον
2115 2068 2164 2118 ἐν
2183 2073 2244 2139 τῇ
2268 2071 2360 2120 τοῦ
2391 2071 2516 2117 Θεοῦ
2543 2067 2623 2117 καί
2648 2071 2710 2133 τῇ
2740 2069 2831 2118 τοῦ
2856 2064 3072 2120 ’πλησίον
3102 2065 3274 2138 ἀγάπῃ
3302 2067 3419 2137 ἐφύ-

1836 2156 1998 2219 λαξεν.
2029 2159 2125 2209 Καὶ
2158 2153 2284 2227 ὅπερ
2313 2154 2490 2217 ἔξωθεν
2519 2152 2601 2208 διὰ
2625 2157 2886 2223 μαθήσεως
2916 2156 2999 2206 οὑκ
3024 2152 3150 2228 ᾔδει,
3184 2154 3325 2210 ἔνδον
3345 2154 3417 2225 τῷ

1838 2246 1976 2319 πόθῳ
2000 2245 2049 2299 ἐν
2078 2242 2212 2313 αὐτῷ
2240 2243 2331 2307 ἔζη
2382 2246 2468 2297 ιςαί
2496 2242 2641 2302 ὅστις
2664 2240 2775 2295 οὑδέ
2804 2264 2925 2298 ποτε
2969 2246 3203 2305 πολλάκις
3232 2249 3417 2318 ἀνέγνω

1841 2334 1971 2407 ὅπερ
2018 2336 2247 2395 Ἰωάννης
2291 2334 2315 2388 ό
2360 2336 2644 2395 ἀπόστολος
2684 2342 2801 2411 περί
2848 2345 2938 2392 τοῦ
2984 2339 3249 2412 λυτρωτοῦ
3281 2344 3418 2410 ἡμῶν

1834 2423 2000 2483 Ἰησοῦ
2040 2432 2262 2502 Χριστοῦ
2304 2420 2459 2490 εἶπεν,
2494 2424 2573 2479 ὅτι
2612 2426 2788 2499 ὥσπερ
2823 2428 2972 2487 αὑτὸς
3000 2432 3088 2485 τήν
3112 2426 3292 2498 ψυχὴν
3320 2432 3416 2483 αὑ·-

1835 2524 1925 2570 τοῦ
1967 2517 2133 2574 ἔθηκεν
2172 2517 2300 2591 ὑπὲρ
2350 2518 2519 2584 ἡμῶν,
2565 2516 2817 2589 ὀφείλομεν
2870 2519 2952 2570 καί
2988 2519 3125 2588 ἡμεῖς
3164 2524 3280 2592 περί
3319 2529 3417 2576 τῶν

1834 2604 2053 2678 ἀδελφῶν
2076 2610 2213 2679 ἡμῶν
2241 2608 2335 2664 τάς
2364 2604 2547 2675 ψυχὰς
2589 2605 2791 2669 τιθέναι,
2835 2605 2969 2659 οὕτω
3002 2606 3058 2660 τό
3092 2609 3419 2663 ἀποστολικόν

1835 2702 1918 2751 καί
1962 2696 2150 2767 ὑψηλὸν
2195 2692 2345 2751 τοῦτο
2393 2694 2703 2771 πρόσταγμα
2751 2692 2882 2767 ἔργῳ
2928 2695 3243 2769 ἐπλήρωσεν,
3287 2697 3419 2772 ἥπερ

1836 2787 2019 2858 μᾶλλον
2054 2785 2136 2841 διὰ
2161 2787 2395 2858 γνώσεως
2421 2786 2540 2839 αὑτιὸ
2586 2787 2858 2843 ἠπίστατο.
2905 2787 3287 2857 Ιιαρεικάσωμιν
3325 2794 3419 2842 τοί·

1837 2896 1943 2941 νυν,
1973 2877 2058 2929 ἐὰν
2088 2874 2278 2944 βούλει,
2311 2876 2440 2943 μετὰ
2470 2875 2662 2933 ταύτης
2690 2881 2781 2933 τῆς
2814 2875 3059 2948 ἡμετέρας
3093 2873 3319 2945 ἀμαθοῦς
3352 2880 3420 2929 εἰ·

1838 2963 2031 3025 δήσεως
2070 2970 2162 3023 τήν
2190 2965 2374 3018 ἐκείνου
2415 2963 2813 3033 πεπαιδευμένην
2857 2965 3127 3036 ἀγνωσίαν,
3160 2973 3258 3021 ποῦ
3290 2967 3419 3024 αὕτη

1840 3057 1871 3113 ἡ
1899 3055 2119 3126 ἡμετέρα
2160 3059 2337 3111 κεῖταί.
2366 3055 2449 3106 καί
2487 3058 2584 3106 ποῦ
2626 3055 2657 3112 ἡ
2684 3054 2871 3107 hisin
2902 3057 3222 3115 κατάστασις
3264 3058 3419 3132 ὑπέρ-

130 3180 327 3212 κειται.
356 3156 523 3228 Ἠμεῖς
549 3162 653 3235 γάρ
673 3158 940 3228 ἑνδυνάμει
965 3158 1121 3231 λόγων
1154 3155 1354 3212 διάκενα
1385 3157 1691 3228 ὁμιλοῦντες,
1730 3157 1905 3228 ὥσπερ
1930 3154 2117 3225 μεταξὺ
2144 3153 2412 3227 καρπίμων
2441 3150 2656 3224 δένδρων
2682 3153 2919 3216 ἑστῶτες,
2949 3153 3315 3225 ὀσφραινόμεθα
3334 3154 3420 3223 μὲν

131 3255 233 3306 τὴν
256 3251 490 3322 ὀπώραν,
515 3252 567 3313 ἕξ
594 3252 757 3310 αὐτῆς
783 3248 836 3303 δὲ
865 3258 1042 3320 φαγεῖν
1071 3251 1126 3302 οὑ
1152 3248 1424 3320 δυνάμεθα.
1452 3246 1661 3309 Ἐκεῖνος
1690 3246 1741 3301 δέ
1767 3245 1898 3320 ἔργῳ
1927 3250 2019 3301 τοῦ
2042 3251 2240 3320 καρποῦ
2270 3242 2554 3319 δράξασθαι
2584 3245 2869 3315 ἐγίνωσκεν,
2893 3242 3036 3304 ὅστις
3066 3242 3150 3298 διὰ
3180 3243 3421 3316 ῥημάτων

132 3341 509 3413 ὁσιξραίνεσθαι
530 3342 619 3393 οὑκ
645 3343 776 3399 ἠπίσ
786 3359 922 3395 ται-ο.

214 3433 398 3486 Pam.
443 3434 726 3499 Quidnam,
761 3447 945 3502 quaeso
990 3442 1062 3497 te,
1103 3446 1221 3486 esse
1251 3432 1546 3497 existimas,
1585 3429 1726 3500 quod

1907 3436 2077 3483 ΠΕΤΡ.
2104 3430 2163 3483 Τί
2187 3434 2336 3484 τοῦτο
2360 3423 2484 3483 εἶναι
2515 3429 2905 3498 ὑπολαμϐάνεις,
2925 3431 3071 3493 αἰτῶ,
3106 3427 3186 3484 ὅτι
3216 3432 3262 3483 οἱ
3294 3432 3418 3501 ἀγα-

132 3525 502 3593 boniquique
541 3525 970 3586 subtrahuntur;
1021 3534 1071 3577 et
1123 3524 1210 3593 qui
1260 3525 1446 3577 vivere
1493 3524 1557 3575 ad
1605 3522 1734 3576 trdi-

133 3616 458 3669 licationem
498 3617 809 3670 multorum
862 3624 1146 3682 poterant,
1196 3624 1285 3667 aut
1327 3614 1537 3681 penitus
1589 3615 1736 3669 inve-

134 3709 248 3760 niri
292 3719 612 3817 pequeunt,
676 3716 768 3760 aut
819 3717 968 3761 certe
1023 3707 1133 3778 jam
1194 3707 1504 3760 omnimodo
1557 3722 1736 3762 rares-

134 3788 269 3817 eum
885 3806 893 3814 .

130 3788 319 3831 eunt?
885 3806 893 3814 -

216 3870 465 3926 Caecon.
508 3872 705 3926 Malitia
748 3870 1140 3925 remanentium
1187 3880 1442 3936 meretur,
1477 3878 1534 3922 ut
1563 3868 1615 3922 lii
1646 3872 1732 3937 qui

134 3961 422 4028 prodesse
466 3970 714 4030 poterant
773 3960 968 4013 festiue
1027 3959 1453 4013 subtrahantur:
1505 3968 1559 4014 et
1614 3974 1733 4011 eum

132 4055 332 4106 mundi
362 4054 481 4107 linis
513 4056 922 4121 appropinquat,
973 4051 1129 4106 electi
1179 4051 1458 4115 tolluntur,
1493 4066 1559 4104 ne
1584 4049 1731 4103 dete-

133 4154 289 4203 riora
323 4147 562 4200 videant.
608 4147 743 4199 llinc
772 4146 912 4199 enim
939 4144 1195 4213 propheta
1229 4144 1342 4197 ait:
1372 4143 1551 4197 Justus
1584 4144 1731 4208 perit,
1816 4150 1820 4155 ‘

132 4251 183 4293 et
221 4253 381 4291 nemo
409 4248 481 4290 est
522 4238 611 4307 qui
651 4237 889 4304 recogitet
914 4237 965 4288 in
994 4235 1146 4289 corde
1175 4250 1305 4299 suo;
1335 4244 1382 4287 et
1408 4234 1505 4287 uiri
1532 4233 1734 4286 miseri-

133 4332 343 4384 cordia:
388 4330 712 4398 colliguntur,
750 4327 869 4396 quia
913 4343 1011 4379 non
1059 4334 1131 4379 est
1161 4326 1247 4393 qui
1279 4325 1532 4394 intelligat
1575 4323 1730 4395 (isai.

134 4437 320 4483 ituri,
381 4420 454 4486 1).
513 4422 643 4473 Iliuc
685 4432 869 4472 rursus
920 4418 1179 4485 scriptum
1230 4413 1623 4484 est:Aperite,
1682 4423 1735 4468 ut

134 4523 334 4569 exeant
383 4514 468 4581 qui
511 4510 809 4565 conculcent
865 4526 1007 4576 eam,
1070 4509 1235 4562 tollite
1286 4509 1349 4561 de
1404 4509 1484 4561 via
1539 4507 1738 4573 lapides

142 4604 377 4659 (larem.
401 4619 452 4668 ι,
478 4601 591 4670 25).
638 4602 771 4654 llinc
823 4600 1076 4654 Salomon
1109 4601 1221 4653 ait:
1254 4598 1473 4667 Tempus
1502 4597 1739 4651 mittendi

139 4696 375 4761 lapides,
408 4700 454 4743 et
482 4701 676 4759 tempus
724 4688 1000 4761 colligendi
1051 4688 1247 4749 (Eccle.
1290 4702 1367 4754 tu,
1427 4687 1540 4756 15).
1566 4683 1592 4723 ἀ
1621 4687 1737 4752 Quo

1838 3522 1915 3574 θοί
1944 3518 2123 3593 ἄνδρες
2145 3519 2412 3589 συντόμως
2441 3521 2781 3589 μεθίστανται,
2812 3521 2989 3578 οἵτινες
3013 3524 3163 3583 ζῆσαι
3194 3521 3265 3577 εἰς
3287 3520 3419 3572 οίκοο

1837 3610 1994 3681 δομὴν
2034 3612 2225 3666 πολλῶν
2262 3609 2523 3670 ἠδύναντο·
2558 3615 2640 3664 καί
2667 3613 2710 3664 εί
2743 3614 2799 3665 τό
2830 3609 3039 3665 καθόλου
3080 3611 3335 3687 εὑρεθῆναι
3364 3612 3419 3663 οὑ

1838 3701 2091 3765 δύνανται,
2124 3705 2166 3755 εἰ
2193 3699 2246 3755 δὲ
2274 3703 2358 3755 καὶ
2384 3701 2671 3774 εὑρεθῶσιν,
2705 3702 2869 3776 ἀραιοὶ
2898 3701 3239 3773 εὑρίσκονται.
3353 3690 3360 3697 ’

1907 3806 2141 3848 I‘PHI‘OP.
2174 3805 2225 3847 Ἦ
2256 3797 2405 3847 κακία
2430 3802 2541 3853 τοῖς
2580 3795 2919 3863 ἁπομένουσιν
2947 3792 3174 3868 ἁρμόζει.
3208 3794 3294 3846 Διά
3322 3794 3419 3869 γάρ

1837 3891 1988 3940 τοῦτο
2015 3887 2145 3955 μετὰ
2185 3883 2414 3944 σπουδῆς
2456 3883 2682 3957 αἴρονται
2717 3887 2929 3943 ὲκεῖνοι.
2962 3887 3136 3945 οῗτινες
3178 3883 3419 3944 ἠδύναντο

1838 3978 1909 4032 εἰς
1932 3976 2163 4045 ὠφέλειαν
2193 3974 2376 4049 ἐτέρων
2401 3969 2543 4036 εἶναι,
2573 3974 2658 4027 ἶνα
2679 3978 2744 4039 μή
2778 3980 2867 4027 τοῦ
2912 3974 3081 4034 τέλους
3105 3981 3194 4028 τοῦ
3223 3975 3418 4045 κόσμου

1838 4066 2227 4129 πλησιάζοντος,
2264 4062 2614 4139 δυσγολὼτερα
2646 4066 2935 4120 θεάσωνται,
2972 4069 3086 4139 Περὶ
3109 4068 3208 4140 γάρ
3234 4067 3418 4120 τούτου

1839 4160 1925 4210 καί
1954 4158 1978 4210 ό
2006 4162 2264 4230 προφήτης
2290 4159 2436 4229 λέγει·
2463 4161 2659 4217 Δίκαιος
2685 4158 2933 4221 ἀπώλετο,
2960 4163 3043 4211 καί
3071 4158 3227 4219 οὑδείς
3258 4158 3283 4213 ό
3305 4157 3419 4214 δια-

1838 4249 2150 4320 λογιζόμενος
2172 4252 2220 4303 ἓν
2337 4249 2519 4323 καρδία
2562 4251 2738 4313 αὑτοῦ,
2766 4253 2851 4303 καί
2878 4249 2919 4301 οἱ
2956 4257 3046 4308 τῆς
3086 4250 3421 4318 ἐλεημοσύνης

1840 4335 2021 4413 ἄνδρες
2046 4339 2379 4411 συνάγονται,
2413 4338 2490 4394 ότι
2529 4341 2613 4391 οὑκ
2641 4338 2776 4393 ἔστιν
2813 4336 2840 4393 ό
2872 4342 3074 4392 συνιὼν.
3105 4335 3248 4392 Ὀθεν
3273 4339 3421 4393 πάλιν

1839 4430 2146 4501 γέγραπται·
2169 4430 2438 4493 ’Λνοίξατε,
2458 4430 2544 4482 ἵνα
2571 4429 2822 4493 ἐξελθωσιν
2850 4430 2893 4482 oi
2914 4431 3420 4503 καταστρωννύοντες

1841 4523 2011 4579 αὑτήν.
2039 4518 2221 4595 ’Ἄρατε
2244 4524 2297 4574 ὲκ
2327 4530 2417 4580 τῆς
2447 4520 2562 4576 όδοῦ
2584 4523 2698 4579 τοὺς
2724 4521 2903 4581 λίθους.
2936 4521 3023 4574 Διά
3046 4523 3145 4593 γάρ
3167 4527 3316 4573 τοῦτο
3338 4523 3420 4572 καί

1842 4614 1868 4668 ό
1897 4616 2118 4685 Σολομὼν
2157 4614 2306 4687 λέγει·
2354 4616 2529 4685 Καιρός
2556 4618 2644 4666 τοῦ
2676 4611 2842 4681 βαλεῖν
2888 4611 3079 4674 λίθους,
3125 4614 3209 4663 καί
3251 4610 3419 4683 καιρός

1842 4711 1931 4760 τοῦ
1970 4712 2273 4775 συναγαγεῖν
2298 4703 2483 4762 λίθους.
2504 4700 2663 4756 Ὠστε
2691 4696 2776 4753 οὑν
2795 4698 3105 4759 σπεύδοντος
3312 4699 3418 4751 λοι-

140 4784 308 4853 igitur
338 4781 504 4851 368
534 4780 653 4834 ﬁnis
695 4779 878 4833 mundi
928 4787 1100 4847 urget,
1144 4791 1214 4832 eo
1266 4792 1487 4832 necesse
1537 4788 1620 4832 est
1676 4789 1732 4832 ut

1842 4798 1936 4852 πόν
1957 4802 2046 4851 τοῦ
2075 4797 2249 4856 τέλους
2272 4802 2360 4849 τοῦ
2396 4796 2610 4865 κόσμου,
2641 4794 2904 4865 ἀναγκαῖον
2925 4792 3159 4866 ὑπάρχει
3185 4793 3267 4845 ἵνα
3296 4792 3422 4845 λίθοι

140 4874 255 4927 vivi
285 4874 499 4941 lapides
525 4872 590 4924 ad
620 4871 905 4925 aediﬁcium
953 4870 1175 4926 caeleste
1224 4869 1561 4939 colligantur,
1603 4886 1734 4940 qna-

142 4975 306 5017 tenus
336 4964 635 5019 Jerusalem
675 4971 857 5016 nostra
892 4962 942 5015 ill
986 4976 1294 5015 mensuram
1323 4976 1433 5014 SINE
1459 4969 1736 5015 CODSU‘UC-

145 5057 311 5110 tionis
352 5063 650 5123 excrescat.
687 5048 795 5107 Nec
842 5064 1016 5107 tamen
1056 5053 1126 5105 ita
1168 5067 1356 5106 omnes
1386 5053 1586 5107 electos
1610 5052 1737 5105 sub-

144 5148 289 5200 trahi
320 5147 620 5211 eredimus,
667 5155 727 5198 ut
764 5144 865 5199 soli
918 5144 971 5197 in
1023 5144 1224 5197 mundo
1268 5145 1509 5212 perversi
1561 5158 1737 5197 rema-

149 5249 335 5301 neant,
382 5240 503 5307 quia
534 5254 806 5305 nunquam
856 5244 1163 5305 peccatores
1193 5235 1258 5289 ad
1289 5237 1583 5289 Iumentum
1623 5250 1736 5304 pte-

149 5337 393 5387 n‘ientizc
426 5333 686 5397 redirent,
715 5332 759 5385 si
792 5331 934 5385 nulla
957 5338 1141 5386 essent
1172 5329 1432 5383 bonorum
1464 5327 1735 5397 exempla,

146 5440 269 5493 qua:
295 5440 483 5479 eorum
519 5434 757 5481 mentem
792 5421 1089 5475 traherent.

221 5564 244 5591 ⁸
273 5554 518 5611 Caruot..
552 5554 703 5606 illum
738 5551 1008 5603 continuit.

149 5692 190 5749 Ν
218 5622 243 5661 δ
276 5626 401 5688 Atii,
452 5626 679 5695 rigabat,
723 5621 863 5689 quod
897 5623 1086 5688 legitur
1118 5622 1170 5674 in
1198 5618 1416 5674 Caruot.
1450 5629 1503 5675 et
1535 5616 1728 5688 plurib.

196 5712 333 5747 Ul'lll.

196 5713 333 5747 Ul'lll.

220 5775 244 5806 ε
279 5764 528 5822 German.
558 5780 619 5821 ac
651 5765 788 5836 plur.
821 5761 1074 5818 Norman.
1107 5762 1330 5816 odorari.

1841 4892 2021 4952 ζῶντες
2061 4888 2132 4946 είς
2159 4892 2248 4944 την
2287 4887 2511 4961 οὐράνιον
2542 4882 2805 4954 οἰκοδομήν
2836 4885 3175 4956 σωρευθῶσιν,
3214 4882 3351 4943 ὅπως
3390 4886 3419 4940 ἡ

1841 4980 2059 5050 ἡμετέρα
2088 4977 2408 5054 Ἰερουσαλήμ
2435 4977 2483 5029 ἐν
2521 4983 2593 5044 τῷ
2630 4983 2722 5036 τῆς
2757 4973 3015 5044 οἰκοδομῆς
3054 4977 3213 5036 αὑτῆς
3249 4977 3418 5048 μέτρῳ

1840 5072 2194 5145 ὑπεραυξήση.
2233 5072 2303 5124 Οὑ
2331 5071 2526 5128 πάντας
2567 5065 2619 5123 δέ
2659 5070 2775 5127 τοὺς
2803 5067 3067 5125 -ἐκλεκτοὺς
3106 5076 3419 5136 μεταστῆναι

1839 5165 2166 5233 πιστεύομεν,
2196 5164 2327 5217 ὥστε
2352 5162 2535 5231 μόνους
2561 5163 2679 5219 τοὺς
2708 5157 3043 5230 διαστρόφους
3072 5159 3121 5211 ἔν
3151 5155 3223 5229 τῷ
3242 5159 3415 5228 κόσμῳ

1841 5255 2128 5325 ἀπομεῖναι,
2172 5252 2344 5311 ἐπειδὴ
2391 5251 2631 5307 οὑδίποτε
2680 5253 2750 5310 εἰς
2796 5249 3015 5324 ὀδυρμόν
3062 5252 3326 5317 μετανοίας
3371 5249 3419 5304 oi

1842 5344 2134 5418 ἁμαρτωλοί
2162 5347 2495 5416 ὑπέστρεφον,
2526 5340 2615 5399 ἐάν
2643 5342 2871 5415 οὐδαμῶς
2898 5347 3139 5418 ὑπῆρχον
3167 5353 3267 5402 τῶν
3292 5345 3420 5416 ἀγα-

1844 5438 1939 5490 θῶν
1968 5439 2030 5491 τὰ
2058 5436 2424 5507 ὑποδείγματα,
2449 5438 2513 5492 τὰ
2538 5437 2620 5490 τόν
2637 5442 2750 5489 νοῦν
2780 5438 2973 5490 ἐκείνων
2995 5437 3342 5507 ἐπισπώμενα.

1913 5547 1937 5584 ά
1971 5547 2179 5619 Ili-luitis
2203 5546 2446 5609 Caruot.,
2476 5547 2595 5619 quia
2626 5545 2781 5619 igitur
2811 5546 2999 5619 mundi
3019 5547 3137 5613 ﬁnis
3167 5551 3343 5619 surgit.

1918 5628 1941 5655 ο
1986 5617 2252 5682 Fortasse,
2284 5619 2382 5693 ὰ.πό
2408 5625 2496 5693 Ego
2524 5618 2802 5693 ρέσκεᾰθαι,
2838 5618 2887 5693 in
2921 5617 3103 5693 vulgus
3123 5617 3416 5693 Spargi,dt~,

1844 5702 1946 5753 qua
1981 5703 2109 5743 voce
2140 5689 2359 5744 consule
2400 5686 2573 5743 Gloss.
2604 5686 2807 5757 Caugii.
2853 5688 2908 5741 lu
2952 5686 3045 5742 Ms.
3092 5688 3300 5761 legitur,
3333 5690 3413 5744 λέ-

1843 5780 2005 5831 γεται.
