4010 6388
6 2206 11 2229 Ι

6 2236 11 2263 l

4 2266 15 2347 Ξ

529 338 631 395 519
1734 319 1975 377 SANCTI
2017 315 2151 370 GRE

2261 312 2343 367 [ill
2382 312 2593 369 MAGNI
3714 311 3828 363 5:20

528 459 618 511 καί
662 452 744 509 διὰ
781 459 873 507 τῆς
902 446 1136 509 ἀπειρῖας
1179 446 1252 503 είς
1282 441 1463 497 δειλίαν
1504 438 1925 495 καταπίπτοντες,
1956 434 2000 484 έν
2027 430 2117 486 δυ·

2261 426 2482 478 Iubietas
2513 425 2563 477 in
2601 425 2771 493 primo
2818 433 3040 492 parente
3091 434 3276 478 nostro
3303 440 3423 481 esse
3467 442 3571 480 non
3620 430 3824 495 potuit,

531 548 749 618 σπιστία
778 542 900 595 eiul.
922 545 991 609 μή
1018 540 1307 605 νομίζοντες
1334 533 1593 601 ἐπάρχειν
1626 530 1813 589 ἐκεῖνα,
1842 525 1973 599 ἅπερ
2014 531 2118 582 τοῖς

534 642 855 695 σωματικοῖς
878 632 1141 705 ὀφθαλμοῖς
1168 632 1423 702 θεωρῆσαι
1467 627 1522 677 οὐ
1565 622 1818 676 δύνανται.
1847 617 1981 674 Αὕτη
2006 615 2059 670 δὲ
2091 616 2121 671 ἡ

534 730 688 785 δειλία
729 730 778 780 ἓν
809 749 881 797 τῳ
903 722 1197 799 προπάτορι
1237 721 1376 788 ἡμῶν
1418 718 1525 784 οὐχ
1561 716 1794 786 ὑπῆρχε.
1824 705 1917 762 κᾶν
1945 710 1986 762 εί
2023 709 2123 778 γὰρ

535 821 763 884 ἐξεϐλήθη
802 817 853 868 ἐκ
882 823 972 873 τῆς
1003 818 1093 867 τοῦ
1133 808 1443 887 παραδείσου
1486 811 1662 880 χαρᾶς
1682 844 1696 865 ,
1736 802 1839 855 ἀλλ’
1868 796 1954 853 οὖν
1986 797 2126 865 ὅμως

537 913 942 981 ὑπεμιμνησκετο
965 946 978 968 ,
1013 900 1140 974 ὅπερ
1175 899 1232 959 ἦν
1265 900 1586 968 θεασάμενος,
1616 900 1660 947 εἰ
1690 896 1775 945 καί
1801 887 2124 958 ἀποϐαλόμε-

536 1023 618 1061 νος
647 999 704 1059 ἧν
732 1004 905 1053 τοῦτο.
930 993 1084 1049 Οὗτοι
1111 991 1163 1047 δέ
1193 1000 1393 1051 νοῆσαι,
1419 988 1448 1045 ἦ
1471 987 1834 1054 ἀναμνησθῆναι
1868 984 1933 1035 τὰ
1970 983 2093 1033 ἀκου
2118 1008 2127 1013 -

540 1098 725 1151 σθέντα
764 1094 820 1145 οὐ
847 1090 1107 1150 δύνανται,
1154 1084 1235 1139 διὰ
1274 1084 1332 1137 τὸ
1363 1079 1487 1154 μηδέ
1532 1080 1650 1149 μίαν
1698 1078 1875 1149 πείρᾶν
1908 1072 2129 1144 βεϐαίως

542 1192 742 1263 κρατεῖν
768 1182 1023 1245 ,αὐτοὺς,
1066 1180 1227 1235 καθὼς
1275 1175 1479 1232 ἐκεῖνος,
1523 1172 1577 1222 ὲκ
1624 1174 1720 1221 τῶν
1767 1162 2130 1237 παρελθόντων.

540 1253 738 1347 "th-asp
765 1276 864 1347 γὰρ
910 1271 1093 1343 ἔγκυος
1126 1271 1270 1339 γυνη,
1296 1267 1346 1318 ἐν
1374 1263 1565 1335 φυλακῇ
1593 1260 1860 1329 βληθεῖσα.
1889 1258 2046 1309 ἐκεῖσε
2077 1253 2134 1305 τὸ

543 1364 742 1420 παιδίον
761 1366 1005 1436 γεννήσει.
1038 1361 1108 1412 Τὸ
1138 1356 1189 1412 δέ
1216 1358 1408 1427 γενηθέν
1430 1351 1629 1407 παιδίον
1662 1351 1710 1402 ἐν
1732 1351 1855 1422 αὐτῇ
1983 1345 2136 1418 φυλα-

545 1468 605 1533 κῇ
645 1460 904 1529 ἀνα-τραφῇ
952 1454 1038 1505 καί
1065 1452 1289 1513 αὐξήσει.
1319 1458 1370 1499 ‘H
1401 1444 1453 1499 δὲ
1501 1451 1653 1498 τοῦτο
1701 1446 1923 1496 τεκοῦσα
1969 1440 2135 1509 μήτηρ

547 1551 781 1607 πολλάκις
812 1550 945 1613 αἰετῷ
977 1544 1059 1597 τὸν
1088 1542 1221 1598 η’λιον
1250 1543 1330 1593 καί
1359 1543 1447 1597 τὴν
1480 1536 1687 1591 σεληνην
1712 1534 1795 1584 καὶ
1836 1531 1954 1589 τοὺς
1986 1527 2138 1580 ἀστέ-

549 1664 664 1719 ρας,
714 1638 804 1711 ὅρη
844 1641 927 1692 καί
962 1632 1229 1694 πεδιάδας,
1280 1631 1484 1685 πετεινά
1513 1627 1780 1697 πετόμενα,
1825 1624 1907 1675 καί
1945 1621 2140 1673 ἵππους

548 1735 828 1807 τρέχοντας
882 1724 1139 1797 ὀνομάσει,
1193 1725 1380 1781 ἐκεῖνος
1417 1718 1467 1772 δὲ
1501 1719 1548 1770 ἐν
1575 1725 1635 1788 τῇ
1678 1716 1866 1787 φυλακῇ
1892 1712 2139 1784 γεννηθείς

2229 515 2349 583 quia
2379 514 2628 566 exclusus
2660 527 2688 565 a
2723 514 2952 580 paradisi
2984 516 3212 582 gaudiis,
3241 516 3341 569 ltoc
3370 516 3509 585 quod
3534 518 3830 581 amiserat,

2236 606 2357 671 quia
2384 600 2585 654 viderat
2613 602 2903 654 recolebat.
2939 601 3000 654 Hi
3027 611 3204 655 autem
3235 604 3434 657 sentire
3466 605 3547 657 vel
3573 607 3835 661 recolere

2229 695 2407 746 audita
2443 710 2545 747 non
2574 700 2818 762 possunt,
2851 692 2972 761 quia
2998 708 3182 745 eorum
3227 704 3249 732 ε
3284 695 3508 760 nullum,
3542 697 3685 750 sicut
3717 698 3832 759 ille,

2229 786 2418 838 saltem
2469 784 2535 838 de
2587 784 2876 850 praeterito,
2927 783 3360 850 experimentum
3421 796 3624 842 tenent.
3675 793 3757 843 Ac
3789 789 3836 842 si

2231 876 2373 930 enim
2407 889 2689 945 prargnans
2715 874 2908 927 mulier
2937 876 3176 928 mittatur
3226 877 3280 929 in
3312 892 3609 946 carcerem,
3647 881 3842 948 ibique

2232 970 2406 1038 pariat
2436 984 2681 1034 puerum,
2717 967 2807 1036 qui
2855 977 3010 1020 natus
3041 983 3173 1035 puer
3215 970 3267 1023 in
3297 984 3513 1025 carcere
3550 972 3835 1025 nutriatur

2233 1068 2288 1114 et
2331 1071 2566 1122 crescat;
2610 1058 2694 1112 cui
2741 1059 2785 1111 si
2828 1057 3054 1111 fortasse
3086 1069 3254 1112 mater
3296 1075 3417 1125 qua:
3447 1061 3588 1116 hunc
3611 1064 3833 1130 genuit,

2236 1150 2432 1214 solem,
2482 1150 2684 1214 lunam,
2744 1149 2950 1213 stellas,
2983 1157 3191 1203 montes
3218 1159 3272 1204 et
3300 1164 3538 1219 campos,
3573 1151 3836 1206 volantes

2236 1259 2379 1308 aves,
2408 1255 2688 1297 currentes
2716 1256 2883 1311 equos
2914 1242 3175 1306 nominet,
3206 1241 3298 1298 ille
3321 1257 3447 1297 vero
3503 1244 3592 1311 qui
3648 1252 3742 1298 est
3786 1246 3840 1298 in

2238 1347 2456 1387 carcere
2488 1343 2646 1385 natus
2677 1340 2730 1385 et
2772 1332 3001 1384 nutritus
3048 1330 3176 1385 nihil
3203 1332 3351 1386 aliud
3379 1348 3539 1402 quam
3574 1334 3843 1387 tenebras

2243 1423 2476 1476 carceris
2508 1422 2661 1487 sciat,
2694 1431 2749 1475 et
2778 1420 2893 1474 bare
2924 1421 3139 1489 quidem
3191 1436 3312 1475 esse
3354 1422 3556 1486 audiat,
3584 1423 3686 1475 sed
3714 1422 3844 1489 quia

2247 1528 2309 1567 ea
2345 1528 2437 1580 per
2463 1513 2897 1581 experimentum
2922 1526 3025 1565 non
3053 1513 3226 1575 novit,
3253 1513 3511 1566 veraciter
3535 1526 3666 1566 esse
3699 1511 3848 1565 difﬁ-

2242 1602 2327 1655 dat
2352 1619 2365 1667 ;
2386 1601 2453 1653 ita
2484 1604 2533 1653 itt
2560 1601 2658 1655 bac
2696 1600 2874 1655 exsilii
2907 1603 2985 1653 Siti
3008 1602 3248 1655 cmcitate
3275 1602 3381 1655 nati
3414 1602 3689 1665 homines,
3709 1603 3843 1654 dum

2241 1707 2360 1746 esse
2388 1706 2591 1745 summa
2621 1701 2675 1746 et
2708 1691 2998 1746 invisibilia
3031 1692 3276 1758 audiunt,
3321 1692 3567 1745 diftidunt
3600 1708 3673 1743 an
3710 1706 3844 1743 vera

558 1779 828 1807 'F'l~"""
891 1779 901 1781 ν
960 1779 1014 1797 ιν
1130 1779 1138 1787 ν
1361 1779 1369 1781 ~
1611 1779 1620 1788 ι
1685 1779 1694 1786 -
1828 1779 1852 1815 ι.
1901 1779 1911 1784 -
2093 1800 2101 1812 ι

552 1827 633 1876 καί
664 1820 985 1894 ἀνατραοείς,
1010 1814 1152 1867 οὐδέν
1183 1814 1353 1887 ἕτερον
1385 1812 1427 1862 εἰ
1452 1814 1520 1879 μὴ
1549 1808 1607 1860 τὸ
1644 1810 1982 1876 virentum;
2019 1821 2127 1852 om

2266 1785 2365 1846 int,
2393 1784 2514 1850 quia
2541 1783 2655 1835 sola
2683 1779 2710 1817 ά
2742 1783 2857 1835 haec
2882 1781 3067 1834 intima
3099 1784 3148 1834 in
3178 1782 3370 1850 quibus
3412 1781 3523 1835 nati
3548 1792 3680 1835 sunt
3712 1781 3846 1834 visi-

2261 1874 2366 1894 ...l:_
2405 1882 2659 1894 _____-.-_--_a
2718 1872 2872 1894 n-n
2898 1871 3044 1894 I‘.-J..
3073 1871 3267 1894 f.-.--._.
3306 1881 3377 1894 ...ι
3407 1883 3461 1894 --ι
3494 1874 3606 1894 2-»-..
3643 1873 3811 1894 2_,--2-E

550 1938 637 1976 τος
663 1917 913 1985 γινώσκει.
946 1912 1034 1962 Καί
1059 1914 1219 1962 ταῦτα
1248 1907 1336 1974 μὲν
1362 1904 1619 1978 ὑπάρχειν
1659 1900 1845 1959 ἀκούει,
1890 1893 1972 1948 διὰ
2000 1891 2051 1946 δὲ
2083 1893 2137 1945 τὸ

555 2010 601 2059 ἐν
630 2010 780 2080 πείρκ
808 2006 936 2058 αὐτὰ
968 2007 1035 2072 μή
1063 2003 1344 2073 γινώσκειν.
1374 1996 1526 2055 ἀληθῆ
1554 1994 1681 2047 αὐτά
1701 1988 1818 2044 εἶναι
1841 1992 2136 2044 ἀπιστησεεο

553 2098 725 2155 Ονῖτως
756 2106 779 2130 ’ί
814 2096 865 2147 ἐν
886 2096 1050 2163 ταύτῃ
1075 2099 1136 2163 τῇ
1157 2097 1248 2148 τῆς
1274 2086 1469 2160 ἐξορίας
1497 2084 1664 2137 αὐτῶν
1688 2080 1936 2149 τυφλὼσει
1961 2097 2133 2150 γεννη·

554 2190 719 2247 θέντες
749 2188 793 2240 οί
826 2184 1106 2258 ἅνθρωποι,
1140 2180 1311 2250 ὑψηλὰ
1346 2180 1427 2230 καί
1465 2178 1651 2230 ἀθέατα
1683 2174 1949 2229 ἀκούοντες
1974 2170 2141 2240 ὑπαρ-

558 2302 694 2350 χειν,
723 2285 889 2332 ταῦτα
918 2274 1293 2329 δυσπιστοῦσιν
1316 2272 1355 2322 εἰ
1384 2267 1461 2321 ἐπ’
1486 2268 1718 2323 ἀληθείας
1743 2267 1859 2318 εἰσί.
1887 2262 2021 2315 Μονα
2040 2262 2139 2333 ’γὰρ

557 2376 724 2423 ταῦτα
744 2370 1056 2439 γινώσκουσι
1078 2365 1142 2416 τὰ
1175 2361 1346 2432 οἰκτρὰ
1370 2361 1452 2412 καί
1478 2357 1709 2433 ὁρώμενα
1730 2399 1743 2417 ,
1773 2356 1821 2406 ἐν
1851 2350 1922 2410 οἷς
1954 2353 2145 2422 ἐγεννή-

558 2463 735 2516 θησαν.
766 2456 909 2509 ”Οθεν
1117 2452 1288 2505 λοιπὸν
1310 2456 1508 2520 γέγονεν
1533 2447 1618 2500 ἵνα
1644 2447 1797 2503 αὖτίς
1825 2443 1848 2494 ὁ
1871 2448 1970 2495 τῶν
1995 2443 2143 2513 ἀορκο

560 2572 659 2603 των
682 2551 764 2601 καί
785 2546 1047 2621 ὁρωμένων
1078 2546 1311 2604 κτίστης,
1345 2539 1370 2592 ὁ
1396 2542 1661 2609 μονογενής
1690 2541 1777 2589 τοῦ
1820 2533 2013 2605 Πατρὸς
2044 2530 2151 2589 Υἱὸς

568 2642 642 2699 εἰς
688 2643 776 2695 την
813 2620 902 2690 τοῦ
944 2635 1253 2703 ἀνθρωπίνου
1300 2631 1471 2701 γένους
1513 2628 1762 2700 λύτρωσιν
1792 2622 1932 2694 ἔλθῃ,
1973 2626 2055 2675 καί
2099 2620 2156 2675 τὸ

566 2729 951 2801 πνεῦμαάὐτοῦ
980 2728 1037 2782 τὸ
1065 2725 1203 2796 ἅγιον
1244 2725 1292 2777 ἐν
1323 2730 1434 2781 ταῖς
1463 2718 1692 2794 καρδίαις
1724 2720 1862 2786 ἡμῶν
1887 2717 2152 2787 εἰσοικίσῃ,

570 2820 712 2878 ὅπως
752 2817 813 2874 δι’
861 2821 1016 2872 αὐτοῦ
1056 2815 1473 2879 ζωοποιηθίντες,
1509 2812 1900 2877 πιστεύσωμεν,
1932 2807 2050 2878 περὶ
2090 2803 2158 2857 ὧν

568 2918 729 2984 ἀκμήν
760 2911 845 2967 διὰ
872 2914 1052 2986 πείρας
1085 2912 1133 2962 ἐν
1161 2912 1342 2982 ’γνώσει
1364 2906 1597 2978 γενέσθαι
1624 2903 1681 2955 οὐ
1716 2899 1986 2970 δυνάμεθα.
2008 2894 2159 2951 Ὀσοι

570 3000 657 3057 οὖν
702 3007 759 3059 τὸ
787 3010 988 3071 πνεῦμα
1032 3007 1184 3056 τοῦτο
1231 3007 1321 3057 τῆς
1357 2997 1688 3072 κληρονομίας
1728 2994 1867 3061 ἡμῶν
1915 2991 2159 3059 ἐνέχυρον

571 3095 835 3164 ἐλάϐομεν,
867 3097 985 3165 περὶ
1026 3100 1117 3151 τῆς
1164 3098 1262 3144 τῶν
1292 3089 1516 3164 ἀοράτων
1562 3091 1692 3148 ζωῆς
1738 3086 1794 3157 οὐ
1836 3080 2154 3150 διστάζομεν.

2246 1874 2372 1927 b:lia
2405 1882 2685 1926 noverunt.
2716 1872 2874 1942 373
2898 1871 3048 1926 Unde
3073 1871 3268 1925 factum
3300 1881 3381 1925 est
3407 1883 3465 1927 ut
3494 1874 3611 1939 ipse
3642 1873 3841 1925 invisi-

2249 1966 2430 2018 bilittm
2463 1978 2515 2017 et
2547 1964 2832 2017 visibilittttt
2884 1966 3106 2017 Creator
3132 1965 3195 2016 ad
3228 1963 3442 2016 ltumani
3485 1964 3709 2031 generis
3761 1979 3850 2016 re-

2252 2057 2614 2123 demptionem
2676 2054 2989 2122 Unigenitus
3033 2054 3203 2107 Patris
3234 2056 3459 2118 veniret,
3500 2062 3553 2107 et
3584 2064 3845 2106 sanctum

2253 2148 2511 2214 Spiritum
2536 2145 2600 2198 ad
2632 2145 2791 2198 corda
2824 2155 3004 2198 nostra
3036 2147 3292 2209 mitteret,
3318 2154 3583 2214 quatenus
3606 2160 3703 2212 per
3720 2160 3845 2198 eunt

2249 2238 2498 2293 vivilicati
2547 2237 2910 2302 crederemus,
2964 2253 3081 2305 qum
3130 2237 3305 2290 adhuc
3334 2238 3469 2291 scire
3510 2252 3605 2304 per
3636 2236 3849 2304 experi-

2251 2341 2487 2385 mentum
2514 2346 2617 2381 non
2642 2344 2944 2395 possumus.
2975 2332 3247 2396 Quotquot
3275 2345 3402 2397 ergo
3427 2331 3567 2383 hunc
3594 2331 3845 2398 Spiritum

2256 2422 2586 2475 litereditutis
2612 2433 2805 2474 nostra:
2838 2423 3023 2491 pignus
3052 2421 3356 2490 accepimus
3395 2421 3619 2492 (Epltes.
3653 2438 3691 2487 t,
3732 2422 3845 2490 14),

2255 2513 2324 2567 de
2352 2515 2457 2567 vita
2507 2513 2851 2566 invisibilium
2883 2528 2986 2567 non
3024 2513 3349 2567 dubitamus.
3381 2513 3639 2583 Quisquis
3665 2521 3847 2567 autem

2260 2605 2312 2657 in
2340 2607 2434 2657 bac
2460 2603 2775 2657 credulitate
2798 2603 2972 2657 adhuc
2996 2603 3196 2657 solidus
3226 2619 3330 2657 non
3370 2614 3470 2669 est,
3504 2604 3675 2658 debet
3705 2618 3837 2672 pro-

2260 2697 2346 2748 cul
2374 2692 2536 2748 dubio
2568 2693 2831 2763 majorum
2860 2695 3016 2749 dictis
3050 2695 3209 2750 ﬁdem
3240 2697 3500 2763 praebere,
3524 2695 3722 2765 eisque
3739 2695 3849 2765 jam

2259 2801 2357 2857 per
2401 2786 2657 2854 Spiritum
2698 2772 2949 2859 sanctum
2998 2786 3344 2842 invisibilium
3408 2790 3848 2860 experimentum

2267 2875 2583 2929 habentibus
2608 2875 2851 2940 credere,
2883 2891 3006 2946 qma
3040 2888 3092 2931 et
3119 2878 3315 2932 stultus
3343 2888 3426 2931 est
3480 2894 3616 2943 puer
3646 2880 3691 2931 si
3736 2893 3850 2930 ma-

2268 2973 2404 3018 trem
2437 2965 2558 3018 ideo
2592 2965 2823 3018 mSIimet
2866 2967 2933 3020 de
2984 2966 3104 3021 ltite
3155 2968 3391 3034 mentiri,
3420 2968 3541 3036 quia
3570 2968 3688 3037 ipse
3721 2966 3849 3020 nihil

2267 3058 2408 3111 aliud
2438 3072 2597 3126 quam
2622 3058 2868 3111 tenebras
2892 3072 2951 3112 ca
2963 3059 3128 3112 rceris
3157 3060 3392 3128 agnovit.

570 3185 754 3245 ὀστις
796 3183 850 3239 δὲ
891 3185 1051 3252 ἀκμὴν
1097 3183 1147 3234 ἐν
1175 3188 1236 3254 τῇ
1266 3180 1581 3251 πληροφορίᾳ
1614 3176 1778 3244 ταύτῃ
1824 3170 2160 3247 ἑδραιωμένος
2199 3169 2290 3225 οὐκ
2326 3170 2355 3225 ἕ
2359 3193 2493 3233 στιν,
2521 3173 2698 3243 ὀφείλει
2726 3172 2902 3226 ἑαυτὸν
2931 3172 3051 3227 ἄνευ
3090 3173 3368 3246 δισταγμοῦ
3395 3182 3500 3232 τοῖς
3531 3181 3634 3228 τῶν
3653 3172 3846 3228 τελείων

576 3277 768 3355 ἀνδρῶν
814 3276 980 3347 λόγοις
1018 3274 1145 3345 πρὸς
1191 3272 1361 3325 πίστιν
1403 3266 1681 3330 ἐπιδοῦναι,
1730 3273 1840 3325 τοῖς
1882 3261 1976 3321 ἤδη
2011 3264 2181 3317 λοιπὸν
2208 3262 2290 3317 διὰ
2309 3271 2398 3318 τοῦ
2425 3265 2573 3337 ἁγίου
2602 3265 2895 3335 πνεύματος
2923 3275 3021 3320 τῶν
3058 3266 3288 3341 ἀοράτων
3318 3267 3343 3303 δ
3368 3273 3457 3325 τήν
3484 3276 3666 3341 πεῖραν
3692 3264 3852 3335 ἔχου-

579 3395 655 3437 σι,
677 3374 760 3424 καί
786 3373 953 3428 αὐτοῖς
989 3374 1292 3423 πιστεῦσαι.
1326 3366 1543 3422 Μάτκιος
1582 3362 1680 3432 γὰρ
1710 3360 1882 3412 λοιπὸν
1912 3360 2053 3412 ὲστιν
2078 3359 2255 3416 ἐκεῖνος
2280 3355 2305 3409 ὁ
2333 3364 2479 3419 παῖς,
2505 3359 2585 3410 ἐὰν
2610 3356 2691 3411 διὰ
2719 3363 2872 3411 τοῦτο
2898 3362 3015 3429 περὶ
3040 3365 3129 3413 τοῦ
3153 3360 3312 3430 φωτὸς
3333 3363 3526 3427 νομίζει
3546 3363 3638 3416 τήν
3666 3357 3852 3411 ἑαυτοῦ

576 3464 774 3536 μητέρα
801 3459 1107 3531 ψεύδεσθαι,
1144 3456 1227 3512 διὰ
1255 3458 1308 3509 τὸ
1331 3455 1507 3507 ίκεῖνον
1538 3450 1693 3523 μηδὲν
1718 3452 1888 3524 ἕτερον
1917 3452 2200 3519 γινώσκειν,
2231 3450 2275 3500 εἰ
2300 3451 2369 3519 μὴ
2395 3447 2452 3500 τὸ
2473 3454 2564 3505 τῆς
2590 3447 2813 3518 φυλακῆς
2846 3445 3051 3508 σκότος.

649 3569 814 3613 ΠΕΤΡ.
845 3556 1069 3631 ’Δρέσκει
1096 3550 1287 3627 σφόδρα
1316 3546 1341 3602 ὃ
1369 3550 1549 3618 λέγεις.
1584 3556 1638 3597 ‘O
1666 3543 1719 3597 δὲ
1762 3546 1830 3596 τὰ
1867 3542 2058 3614 ἀόρατα
2098 3564 2151 3610 μι

2348 3541 2516 3593 Pera.
2561 3540 2745 3593 Placet
2773 3542 2927 3593 valde
2971 3541 3110 3609 quod
3141 3540 3293 3593 dicis.
3326 3539 3431 3594 Sed
3460 3542 3548 3609 qui
3580 3556 3701 3594 esse
3728 3538 3855 3593 invi-

580 3649 837 3704 πιστεύων
866 3633 989 3698 εἶναι
1019 3641 1283 3712 ἀσφαλῶς.
1321 3636 1401 3691 ὅτι
1438 3634 1661 3694 ἄπιστός
1698 3636 1855 3686 ἐστιν.
1892 3630 2069 3689 Ὀστις
2113 3628 2166 3683 δέ

583 3738 806 3795 ἄπιστος
835 3737 1102 3808 ὑπάρχει,
1139 3734 1187 3783 ἐν
1217 3726 1289 3799 τῷ
1320 3729 1587 3801 πράγματι
1624 3722 1747 3796 ὅπερ
1802 3721 2060 3787 διστάζει,
2111 3717 2173 3773 οὗ

587 3835 729 3892 ζητεῖ
754 3830 950 3889 πίστιν,
982 3821 1105 3875 ἀλλὰ
1134 3820 1486 3889 πληροφορίαν.

1217 3915 1400 3957 sema
1413 3942 1428 3956 .
1461 3903 1525 3955 ις’.

842 3993 958 4050 Ὀτι
988 3992 1104 4049 ἄνευ
1135 3996 1359 4052 πίστεως
1390 3992 1505 4047 οὐδὲ
1537 3993 1561 4047 ὁ
1592 3992 1811 4051 ἄπιστος
1838 3997 1919 4066 ζῇ.

665 4095 998 4140 ΓΡΗΓΟΡιΟΣ.
1032 4085 1207 4155 Τολμῶ
1238 4081 1291 4135 δὲ
1325 4082 1481 4154 λέγειν
1511 4081 1587 4136 ὅτι
1633 4078 1751 4134 ἄνευ
1795 4086 2019 4138 πίστεως
2060 4075 2176 4132 οὔτε

594 4176 855 4235 ὁᾶπιστος
994 4174 1107 4226 Ἐάν
1132 4174 1230 4245 γὰρ
1271 4166 1356 4225 τὸν
1405 4169 1621 4224 ἄπιστον
1668 4171 1919 4243 ἐρωτῆσαι
1966 4170 2176 4231 θελήσω,

594 4275 708 4323 τίνα
733 4269 952 4340 πατέρα,
983 4265 1010 4323 ἦ
1041 4266 1150 4318 τίνα
1179 4266 1373 4337 μητέρα
1398 4261 1539 4332 ἴχει;
1573 4261 1801 4332 παρευθύ
1833 4261 2177 4333 ἀποκρίνεται,

601 4362 803 4419 ἐκεῖνον,
837 4358 1070 4411 κάκείνην.
1097 4352 1302 4405 ⁸Οντινα
1332 4352 1480 4405 πάλιν
1512 4351 1593 4403 ἐὰν
1615 4352 1863 4421 ἀνακρίνω
1885 4351 1926 4400 εἰ
1949 4350 2184 4417 γινώσκει

600 4450 723 4503 πότε
754 4448 1048 4517 συνελήφθη,
1078 4446 1108 4504 ἡ
1140 4448 1224 4499 ἐὰν
1265 4447 1510 4518 ἐθεώρησε
1540 4444 1663 4496 πότε
1694 4444 1933 4513 ἐγενννζθη;
1956 4439 2091 4493 οὐδὲν
2129 4440 2182 4506 ἐκ

600 4547 793 4598 τούτων
819 4542 991 4597 ἑαυτὸν
1016 4548 1217 4612 γνῶναι,
1241 4540 1269 4595 ἡ
1292 4538 1571 4591 θεάσασθαι
1608 4534 1840 4605 ὁμολογεῖ
1846 4576 1860 4599 ,
1894 4533 2018 4589 πλὴν
2045 4529 2184 4600 ὅμως

604 4639 683 4689 καὶ
725 4632 853 4704 ὅπερ
897 4634 987 4684 οὐκ
1018 4628 1116 4684 οἶδε
1155 4632 1402 4683 πιστεύει·
1448 4630 1622 4680 ἐκεῖνον
1650 4624 1703 4679 δέ
1732 4625 1931 4697 πατέρα
1962 4624 2185 4678 κάκείνην

605 4728 799 4803 μητέρα
824 4726 1106 4794 ἐσχηκέναι
1132 4721 1309 4775 ἑαυτὸν
1340 4718 1455 4773 ἄνευ
1486 4717 1771 4789 δισταγμοῦ
1800 4721 2076 4788 μαρτυρεῖ.

2280 3628 2454 3683 sibilia
2488 3644 2592 3682 non
2623 3631 2814 3696 credit,
2866 3630 3107 3697 profecto
3140 3632 3371 3684 inﬁdelis
3420 3641 3534 3695 est;
3594 3632 3683 3700 qui
3736 3645 3856 3683 vero

2280 3722 2515 3775 intidelis
2545 3731 2651 3787 est,
2683 3723 2733 3774 in
2783 3738 2848 3776 eo
2876 3722 3013 3791 quod
3047 3723 3275 3788 dttbitat,
3307 3722 3463 3777 fidem
3493 3738 3603 3777 non
3651 3721 3855 3791 quierit,

2276 3815 2371 3869 sed
2406 3815 2685 3869 rationem.

2900 3904 3126 3960 CAPUT
3168 3907 3232 3961 ll.

2564 3996 2714 4059 Quod
2740 3998 2849 4049 sine
2874 3999 2975 4066 ﬁde
3000 4016 3159 4068 neque
3189 4000 3411 4067 inﬁdelis
3428 4002 3580 4053 vivat.

2351 4089 2671 4143 Gaeconws.
2714 4099 2735 4125 θ
2778 4092 3051 4143 Audenter
3082 4092 3223 4154 dico,
3255 4094 3376 4159 quia
3409 4097 3523 4145 sine
3561 4092 3665 4146 ﬁde
3696 4103 3860 4158 neque

2283 4181 2520 4234 inﬁdelis
2549 4180 2696 4232 vivit.
2724 4180 2851 4232 Nam
2884 4181 2928 4233 si
2961 4182 3207 4234 eumdem
3242 4182 3505 4235 inlidelem
3534 4178 3856 4250 percunctari

2286 4271 2531 4337 voluero,
2563 4286 2719 4338 quem
2755 4281 2957 4337 patrem
3010 4272 3093 4324 vel
3124 4287 3279 4339 quam
3331 4279 3559 4325 matrem
3601 4267 3856 4330 habuerit,

2285 4363 2525 4430 protinus
2561 4364 2928 4430 respondebit,
2953 4363 3098 4416 illum
3124 4373 3284 4430 atque
3312 4363 3475 4415 illam.
3504 4362 3675 4430 Quem
3700 4361 3740 4414 si
3766 4367 3860 4411 sta-

2287 4457 2379 4507 tim
2415 4455 2686 4521 requit-atn
2712 4465 2966 4507 utrumne
2995 4455 3203 4507 noverit
3228 4455 3439 4522 quando
3468 4462 3759 4520 conceptus
3775 4449 3857 4508 Sil.

2288 4550 2370 4603 vel
2402 4550 2593 4601 viderit
2623 4547 2832 4615 quando
2862 4556 3041 4611 natus,
3076 4547 3203 4599 nihil
3249 4546 3435 4599 borum
3477 4562 3534 4601 se
3576 4545 3656 4599 vel
3685 4555 3858 4603 nosse,

2289 4641 2371 4692 vel
2394 4640 2592 4693 vidisse
2623 4638 2896 4701 fatebitur,
2916 4648 2970 4691 et
3001 4648 3176 4691 tamen
3197 4640 3338 4707 quod
3371 4654 3476 4691 non
3498 4637 3649 4700 vidit,
3673 4630 3853 4687 credit.

2288 4729 2421 4784 Nam
2466 4731 2612 4782 illum
2670 4738 2879 4797 patrem
2932 4730 3185 4797 illamque
3235 4740 3293 4783 Se
3345 4727 3597 4782 habuisse
3644 4733 3856 4779 matrem

2291 4821 2491 4888 abSqllC
2518 4820 2847 4873 dubitatione
2879 4830 3121 4873 testatur.

673 4938 839 4982 ΠΕΤΡ.
870 4924 1126 4994 Ὀμολογῶ
1158 4927 1227 4990 μή
1252 4923 1513 4992 γινώσκειν
1537 4937 1598 4989 με
1634 4917 1729 4974 ἕως
1756 4920 1846 4967 τοῦ
1877 4920 1963 4967 νῦν
1999 4909 2080 4966 ὅτι
2110 4933 2151 4963 κι

2261 4931 2269 4970 μ
2367 4912 2536 4965 Pera.
2572 4911 2766 4965 Fateor
2795 4914 2914 4978 quia
2949 4926 3088 4965 nunc
3118 4926 3287 4980 usque
3337 4910 3534 4965 nescivi
3582 4903 3721 4980 quod
3750 4898 3859 4954 inli-

604 5022 630 5076 ὁ
662 5019 875 5077 ἄπιστος
898 5021 1069 5071 πίστιν
1098 5012 1236 5083 ἔχει.

676 5124 918 5169 [‘PllI‘OP.
948 5108 1175 5180 Ἔχουσι
1204 5109 1291 5175 μὲν
1322 5102 1407 5158 οὖν
1432 5105 1513 5156 καί
1538 5103 1582 5155 οἱ
1615 5098 1825 5154 ἄπιστοι
1852 5102 2053 5161 πίστιν,
2084 5096 2187 5151 ἀλλ’

608 5207 697 5260 εἴθε
727 5212 797 5266 εἰς
820 5207 902 5259 τὸν
932 5204 1074 5266 Θεὸν,
1098 5201 1255 5266 ἣνπερ
1278 5196 1362 5251 έάδ
1390 5195 1628 5266 ἀσφαλῶς
1659 5196 1942 5253 ἐκέκτηντο,
1976 5187 2191 5244 ἄπιστοι

607 5296 730 5352 εῖναι
754 5299 841 5349 οὐκ
863 5291 1024 5361 εἶχον.
1049 5290 1129 5345 Ἐκ
1158 5293 1347 5345 τούτου
1376 5288 1429 5343 δὲ
1456 5290 1526 5347 εἰς
1552 5292 1638 5345 τήν
1664 5294 1755 5347 τῆς
1784 5288 2010 5346 πίστεως
2037 5287 2191 5356 χάριν

682 5492 705 5518 ⁸
738 5482 859 5547 Ms.,
890 5483 938 5533 ἐν
970 5483 1141 5551 τούτῳ
1170 5487 1241 5549 τῷ
1272 5478 1446 5549 κόσμῳ
1470 5478 1777 5549 γεννηθέντες
1803 5475 1847 5529 οἱ
1879 5472 2155 5551 ἄνθρωποι.

685 5553 710 5588 δ
739 5551 858 5611 MS.,
889 5559 980 5608 την
1007 5560 1209 5619 γνῶσιν.

689 5634 708 5658 α
747 5621 990 5687 Plerique
1014 5614 1201 5673 Norm.
1230 5628 1284 5671 et
1305 5616 1423 5670 Val.
1456 5617 1566 5683 CL,
1600 5614 1843 5673 nullus...
1871 5617 2190 5686 experiamu-

617 5704 722 5745 (tutt
751 5697 901 5741 tenet.

687 5759 710 5799 ⁴
744 5758 859 5812 Duo
878 5757 1105 5827 Tlteod.,
1141 5758 1244 5811 Itast:
1274 5756 1498 5820 inﬁrma.

2293 5005 2429 5060 dolis
2461 5010 2677 5060 haberet
2706 5008 2887 5061 (idem.

2367 5101 2605 5155 Gnaeos.
2647 5098 2665 5137 ί
2702 5101 2907 5153 Habent
2936 5099 3100 5153 etiam
3149 5099 3394 5154 infideles
3436 5098 3613 5162 ﬁdem,
3645 5087 3735 5145 sed
3762 5084 3859 5139 uti-

2299 5211 2419 5247 nant
2455 5195 2504 5246 in
2564 5196 2753 5247 Deum.
2800 5194 2967 5259 Quam
3023 5194 3067 5246 si
3113 5195 3293 5259 utique
3324 5192 3598 5249 baberent,
3633 5174 3862 5237 inﬁdeles

2304 5300 2407 5337 non
2425 5291 2627 5339 essent.
2647 5282 2751 5337 Sed
2777 5280 2968 5335 biocin
2991 5296 3084 5335 sua
3109 5281 3329 5349 perﬁdia
3355 5272 3702 5349 redarguendi
3723 5274 3857 5324 sunt.

2376 5482 2400 5509 ο
2430 5470 2594 5525 Iidem
2647 5469 2890 5533 Codices,
2934 5467 3207 5521 evidenter.
3252 5465 3380 5532 Qua:
3431 5475 3558 5517 vero
3588 5457 3670 5510 bic
3717 5453 3865 5533 docet

2304 5552 2522 5596 sanctus
2550 5540 2859 5609 Gregorius,
2879 5526 3006 5605 'jam
3048 5537 3114 5590 ab
3146 5526 3382 5609 Arnobio
3411 5544 3597 5609 magna
3629 5541 3693 5580 ex
3728 5526 3865 5590 Ιιθτίθ

2303 5613 2443 5666 dicta
2466 5622 2515 5665 et
2543 5604 2798 5678 occupata
2834 5604 2968 5662 libro
3000 5607 3235 5678 secundo
3266 5606 3386 5658 adv.
3420 5604 3636 5678 Gentes.

2382 5682 2398 5720 ί
2436 5682 2549 5734 Duo
2566 5667 2782 5736 Comet.
2812 5696 2875 5734 ac
2898 5680 3068 5743 Prat.,
3093 5677 3278 5729 habent
3310 5686 3459 5730 etiam
3486 5667 3632 5739 iit/ui.
3680 5677 3738 5715 ηε
3766 5667 3864 5711 te“

2306 5765 2375 5807 est
2402 5753 2579 5821 ﬁdem.
