3934 6364
135 382 209 439 5‘29
1309 378 1415 431 DIA
1430 375 1761 433 LOthlllTM
1803 373 2000 429 LIBER
2045 373 2130 427 IV.

184 491 402 545 (lesson.
447 491 589 544 Cum
641 491 835 545 Paulus
879 490 1021 545 dicat
1054 506 1066 542 :
1105 489 1194 543 Est
1225 491 1359 542 enim
1411 490 1537 554 ﬁdes
1568 502 1681 555 spc-
1713 494 1757 545 Δ

135 583 375 633 tenderent
400 581 691 634 substantia
709 597 896 645 rerum,
928 584 1281 649 argumentum
1309 594 1407 629 non
1434 592 1685 646 apparen-

134 672 235 724 tittm
262 668 448 737 (Hebr.
482 685 562 738 ιι,
597 668 675 739 1),
710 671 809 724 hoc
838 669 1102 724 veraciter
1130 668 1323 721 dicitur
1348 667 1513 731 cretii,
1546 665 1685 733 quod

135 776 218 815 non
246 760 376 813 valet
433 760 633 815 videri.
691 759 821 815 Nam
852 758 996 813 credi
1021 758 1132 827 jam
1186 771 1290 811 non
1341 763 1514 823 potest
1546 755 1685 823 quoi

135 850 279 905 videri
307 858 504 918 potest.
541 850 614 905 Ut
643 860 818 904 tamen
849 859 897 902 te
920 847 1151 902 breviter
1184 855 1208 883 ⁸
1232 846 1481 899 reducam
1514 844 1581 897 ad
1613 850 1686 905 te,

135 945 255 998 nulla
284 941 505 996 visibilia
535 943 635 997 nisi
665 958 757 1013 per
780 940 1061 995 invisibilia
1092 940 1356 995 videntur.
1389 938 1526 990 Ecce
1549 936 1689 989 enim

137 1042 305 1087 cuncta
333 1046 594 1098 corporea
622 1032 807 1085 oculus
836 1030 908 1084 tui
941 1028 1179 1098 corporis
1224 1027 1434 1095 aspicit,
1470 1040 1569 1080 nec
1600 1035 1681 1078 ta-

138 1138 243 1176 men
275 1122 380 1190 ipse
406 1134 705 1189 corporeus
733 1121 916 1174 oculus
939 1120 1137 1189 aliquid
1166 1132 1481 1187 corporeum
1534 1116 1685 1170 vide-

136 1224 225 1276 ret,
270 1214 365 1265 nisi
411 1212 553 1267 hunc
585 1227 673 1266 res
700 1212 1008 1280 incorporea
1037 1211 1102 1264 ad
1144 1210 1426 1264 videndum
1456 1217 1690 1261 acueret.

134 1304 250 1355 Nam
296 1302 417 1357 tolle
470 1312 707 1357 mentem
755 1317 874 1370 qute
905 1315 1012 1354 non
1062 1300 1290 1361 videtur,
1321 1308 1382 1352 etv
1429 1300 1694 1351 incassum

137 1404 267 1462 patet
296 1393 473 1446 oculus
506 1393 597 1461 qui
633 1393 867 1446 videbat.
900 1391 1167 1446 Subtrahe
1194 1391 1423 1444 animam
1457 1390 1693 1457 corpori,

134 1493 392 1537 remanent
420 1484 606 1552 procul
648 1483 810 1536 dubio
851 1483 991 1536 oculi
1024 1482 1075 1534 in
1107 1496 1329 1549 corpore
1363 1480 1389 1518 ι»
1420 1482 1610 1549 aperti.
1642 1480 1697 1534 Si

137 1574 289 1641 igitur
312 1590 396 1641 per
442 1589 504 1628 se
533 1573 804 1638 videbant,
848 1588 943 1628 cur
988 1572 1296 1626 discedente
1350 1574 1524 1625 anima
1568 1570 1696 1624 nihil

133 1665 340 1718 vident?
368 1663 501 1718 llinc
545 1678 675 1733 ergo
702 1664 891 1734 collige
935 1665 1057 1733 quia
1089 1664 1197 1731 ipsa
1229 1677 1438 1731 quoth
1467 1661 1692 1715 visibilis

138 1769 240 1807 non
292 1755 388 1808 nisi
419 1770 514 1822 per
544 1754 826 1808 invisibilia
880 1754 1143 1807 videntur.
1176 1751 1443 1807 Ponatnus
1486 1765 1698 1821 quoque

3272 377 3372 429 550

1856 496 2089 537 ΙῚῚΙΓΟΡ.
2134 483 2205 537 Ἐν
2236 492 2307 556 τῷ
2347 486 2430 539 τὸν
2464 487 2709 557 μακάριον
2749 485 2937 538 Παῦλον
2965 486 3117 559 λέγειν
3151 486 3230 541 ὅτι
3269 490 3380 543 ἐστὶ

1790 581 1985 642 πίστις,
2016 578 2345 647 ἐλπιζομένων
2386 577 2677 636 ὑπόστασις
2708 578 3042 650 πραγμάτων,
3072 576 3293 648 ἔλεγχος
3325 582 3382 633 ού

1789 666 2122 735 βλεπομένων,
2165 665 2354 720 δίκαιον
2400 667 2446 719 ἐν
2486 668 2649 735 τούτῳ
2678 667 2912 739 ὑπάρχει
2948 667 3007 720 τὸ
3055 670 3384 725 πιστευθῆναι

1789 757 1870 807 καὶ
1899 753 2023 827 ὅπερ
2047 756 2346 828 θεωρηθῆναι
2389 758 2443 809 ού
2480 754 2715 811 δύναται.
2751 754 2885 810 Ἐπεὶ
2918 757 3085 810 λοιπὸν
3107 755 3217 811 ούδέ
3254 756 3381 826 ὅπερ

1790 844 2050 918 θεωρεῖται
2086 846 2417 903 πιστευθῆναι
2446 844 2677 899 δύναται.
2713 841 2886 919 Ὀμως
2914 847 3039 899 κατά
3078 847 3134 900 τὸ
3170 844 3382 900 δυνατόν

1792 956 1894 998 μοι,
1931 933 1997 989 δι’
2040 935 2205 1005 ὀλίγον
2240 957 2298 989 σε
2338 937 2460 1011 πρὸς
2492 937 2703 990 σεαυτὸν
2748 938 3057 1012 ἑπιστρέφω,
3105 935 3249 990 οὐδέν
3287 945 3385 990 τῶν

1796 1025 2058 1101 ὁρωμένων
2085 1024 2201 1079 ἄνευ
2227 1034 2326 1080 τῶν
2369 1027 2594 1101 ἀοράτων
2618 1028 2900 1101 θεωρεῖται.
2930 1025 3054 1081 Ἰδού
3082 1029 3181 1099 γάρ
3219 1031 3387 1079 πάντα

1794 1117 1857 1168 τά
1887 1118 2154 1183 σωματικά
2183 1115 2209 1169 ό
2234 1116 2475 1186 ὀφθαλμός
2503 1123 2594 1170 τοῦ
2621 1120 2857 1186 σώματος
2886 1118 3086 1192 θεωρεῖ.
3110 1119 3211 1171 Ούκ
3246 1111 3305 1170 ἂν
3332 1114 3384 1170 δέ

1795 1224 1845 1257 τι
1884 1206 2172 1277 σωματικὸν
2202 1204 2226 1257 ό
2254 1206 2406 1263 αὐτὸς
2438 1212 2528 1259 τοῦ
2555 1208 2796 1276 σώματος
2843 1207 3082 1277 ὀφθαλμὸς
3120 1208 3383 1269 θεάσηται,

1798 1297 1881 1349 ἐάν
1910 1301 1978 1365 μή
2007 1303 2187 1348 τοῦτον
2210 1301 2420 1372 πρᾶγμα
2444 1298 2716 1365 ἀσώματον
2744 1302 2914 1369 κινήσῃ
2947 1299 3073 1370 πρός
3104 1300 3159 1351 τό
3196 1299 3383 1350 θεάσα-

1800 1387 1933 1441 σθαι.
1959 1382 2185 1458 Ἐπαρον
2207 1389 2306 1459 γάρ
2334 1387 2419 1441 τὸν
2445 1387 2683 1458 λογισμὸν
2705 1388 2789 1441 τὸν
2810 1393 2879 1457 μη
2911 1389 3268 1460 θεωρούμενον,
3301 1390 3385 1441 καί

1801 1479 1867 1535 εἰς
1897 1474 2103 1550 ἄκαιρον
2138 1477 2162 1530 ό
2204 1478 2447 1549 ὀφθαλμῖς
2476 1479 2720 1546 ἀνέῳκται
2747 1480 2771 1533 ὁ
2802 1481 3063 1549 θεώμενος.
3092 1482 3386 1553 Παρέπαρον

1800 1571 1888 1623 τήν
1911 1566 2093 1636 ψυχὴν
2121 1566 2172 1622 ἐκ
2210 1574 2300 1622 τοῦ
2338 1571 2597 1637 σώματος,
2631 1573 2713 1623 καί
2740 1573 3054 1639 άπμένουσι
3092 1570 3310 1627 δηλονότι
3339 1571 3384 1622 οί

1803 1656 2037 1729 ὀφθαλμοὶ
2066 1659 2116 1709 ἐν
2143 1665 2213 1726 τῷ
2243 1660 2447 1727 σώματι
2474 1662 2796 1732 ἀνεῳγμέναι.
2825 1661 2935 1713 Ἐάν
2965 1656 3056 1713 οὖν
3095 1659 3157 1713 δι’
3194 1660 3386 1713 ἑαυτῶν

1803 1748 2104 1821 ἐθεώρησαν,
2136 1746 2265 1803 διατί
2300 1750 2723 1825 ύποχωρησάσης
2762 1759 2853 1809 τῆς
2890 1748 3071 1820 ψυχῆς
3100 1749 3238 1804 οὐδὲν
3266 1752 3385 1803 θεω-

138 1853 259 1898 ante
280 1845 454 1898 oculos
473 1846 665 1899 mentis
684 1844 930 1897 :editicari
954 1842 1192 1909 domum,
1222 1842 1507 1897 immensas
1533 1844 1697 1895 moles

1813 1845 2003 1894 οοῦσιν.
2035 1837 2118 1891 Ἐκ
2144 1842 2329 1895 τούτου
2361 1844 2524 1897 τοίνυν
2546 1839 2879 1906 κατανόησον,
2912 1840 2988 1897 ὅτι
3016 1843 3143 1896 αύτά
3174 1843 3237 1895 τά
3257 1841 3387 1916 ὁρώ-

138 1934 319 1995 Ιενπὶ.
345 1933 575 2001 pendere
604 1947 821 2003 magnas
852 1939 902 1986 in
934 1931 1194 1986 machinis
1215 1932 1525 1996 columnas;
1556 1930 1697 1998 quis,

132 2037 314 2091 (ιιιωεο
335 2032 403 2087 te,
430 2024 533 2076 hoc
560 2037 696 2090 Opus
740 2033 1007 2090 operatur,
1061 2036 1255 2090 corpus
1307 2020 1518 2074 visibile
1547 2020 1691 2090 quod

133 2114 251 2167 illas
281 2113 444 2168 moles
473 2115 718 2167 manibus
751 2113 929 2177 trahit,
959 2127 1026 2167 an
1053 2112 1335 2167 invisibilis
1366 2114 1541 2166 anima
1574 2125 1693 2179 utne

133 2202 360 2258 viviﬁcat
410 2204 644 2272 corpus?
702 2202 852 2257 Tolle
893 2204 1032 2258 enim
1077 2202 1217 2271 quod
1250 2217 1356 2255 non
1386 2201 1597 2255 videtur
1646 2201 1698 2253 in

130 2309 370 2361 corpore,
416 2304 471 2349 et
523 2310 647 2349 mox
688 2294 975 2348 immobilia
1020 2302 1299 2348 remanent
1344 2303 1534 2347 cuncta
1584 2304 1701 2359 qua:

132 2388 332 2442 moveri
384 2387 735 2450 videbantur,
779 2386 1003 2441 visibilia
1059 2399 1281 2453 corpora
1340 2383 1699 2436 metallorum.

132 2480 242 2546 Qua
268 2493 336 2533 ex
356 2493 415 2531 re
443 2478 777 2547 pensandum
802 2485 883 2532 est
911 2476 1033 2546 quia
1068 2477 1120 2531 in
1146 2476 1246 2530 hoc
1270 2489 1479 2543 quoque
1506 2473 1702 2526 mundo

132 2571 328 2624 vistbili
377 2569 505 2622 nihil
537 2567 640 2621 nisi
692 2582 785 2637 per
812 2579 1112 2621 creaturam
1144 2566 1464 2620 inviSthitetn
1495 2564 1700 2631 disponi

133 2670 332 2725 potest.
378 2659 507 2712 Nam
536 2660 674 2713 sicut
725 2660 1061 2728 omnipotens
1119 2658 1259 2711 Deus
1307 2657 1593 2725 aspiratnlo
1624 2656 1702 2709 vel

134 2748 405 2815 implendo
430 2765 491 2804 ea
519 2764 640 2821 qum
669 2751 877 2805 ratione
907 2750 1227 2815 subsistunt,
1279 2757 1335 2803 et
1364 2749 1617 2813 viviﬁcat,
1651 2758 1703 2802 et

134 2847 316 2896 movet
333 2841 646 2905 invisibilia;
671 2842 741 2894 ita
765 2842 877 2909 ipsa
899 2855 1110 2910 quoque
1132 2839 1414 2895 invisibilia
1439 2838 1704 2909 implendo

139 2938 360 2985 movent
405 2938 566 3002 atque
596 2941 619 2970 ο
648 2931 915 2987 viviﬁcant
939 2931 1174 2986 carnalia
1224 2942 1446 2999 corpora
1475 2944 1592 2998 qua:
1616 2929 1701 2982 .vi-

139 3020 345 3074 dentur.

209 3306 373 3363 Ρετιι.
410 3304 550 3370 istis,
578 3304 764 3370 fateor,
785 3302 812 3342 (ι
829 3303 1233 3376 allegationibus
1258 3305 1486 3360 libenter
1510 3305 1706 3370 victus,

133 3413 299 3467 prope
328 3396 473 3450 nulla
518 3396 628 3465 jam
660 3410 781 3452 esse
831 3397 942 3452 haec
975 3396 1201 3451 visibilia
1227 3397 1543 3452 existimare
1566 3411 1712 3450 com-

135 3490 324 3557 pellor,
349 3489 438 3557 qui
471 3489 616 3555 prius
646 3488 699 3541 itt
730 3502 815 3541 me
869 3488 1248 3542 inﬁrmantium
1282 3503 1565 3557 personam
1596 3503 1713 3541 sus-

134 3577 356 3643 cipiens,
407 3577 473 3629 de
524 3575 883 3631 invisibilibus
907 3576 1233 3631 dubitabam.
1289 3579 1473 3646 itaque
1502 3577 1719 3647 placent,

139 3677 323 3720 cuncta
353 3680 474 3734 qua!
517 3665 682 3730 dicis;
728 3668 821 3721 sed
850 3674 1025 3721 tamen
1055 3669 1194 3723 sicut
1218 3667 1380 3722 vitam
1433 3669 1626 3723 anima:
1657 3669 1709 3722 in

138 3770 354 3825 corpore
382 3756 648 3810 manentis
690 3771 756 3812 ex
786 3767 932 3812 motu
962 3760 1201 3826 corporis
1245 3773 1494 3826 agnosco,
1530 3760 1603 3813 ita
1635 3761 1713 3812 vi.

140 3856 237 3901 tam
268 3848 464 3902 anima:
494 3857 612 3916 post
659 3860 877 3915 corpus,
930 3850 1133 3917 apertis
1186 3850 1504 3918 quibusdam
1555 3852 1713 3905 rebus

138 3941 527 4006 attestantibus,
557 3953 881 4011 cognoscere
911 3942 1091 4011 cupio.

205 4115 445 4171 Gnaeos.
490 4116 599 4171 llac
643 4116 700 4171 in
730 4130 788 4173 re
818 4117 861 4172 si
893 4132 989 4173 cor
1013 4128 1252 4187 paratum
1280 4128 1385 4173 tua:
1413 4118 1713 4173 dilectionis

139 4207 375 4274 itsvenio,
430 4211 482 4263 in
508 4209 825 4280 allegatioue
858 4210 1078 4267 minime
1106 4212 1309 4267 laboro.
1342 4212 1712 4282 Nunquidnam

140 4300 305 4351 sancti
336 4298 564 4366 apostoli
595 4306 652 4354 et
680 4312 941 4370 martyres
972 4300 1173 4356 Christi
1207 4310 1523 4371 praesentem
1552 4304 1712 4356 vitam

140 4390 495 4458 despicerent,
522 4398 577 4444 et
605 4392 655 4444 in
686 4401 912 4445 mortem
967 4395 1144 4448 carnis
1174 4395 1378 4447 animas
1435 4403 1714 4463 ponerent,

148 4482 244 4535 nisi
275 4484 559 4536 certiorem
586 4484 884 4538 animarum
912 4485 1074 4539 vitam
1099 4487 1352 4556 subsequi
1380 4487 1614 4542 scirent?
1637 4487 1713 4542 Tu

1804 1951 1947 2001 μενα,
1977 1934 2023 1985 εἰ
2046 1936 2115 2000 μη
2154 1929 2235 1985 διά
2263 1939 2360 1986 τῶν
2403 1934 2631 2007 ἀοράτων
2662 1934 2716 1985 ού
2746 1935 3067 2008 θεωροῦνται.
3098 1939 3271 2001 Θῶμεν
3301 1925 3387 1985 οὖν

1802 2022 2011 2077 ἐνώπιον
2040 2032 2137 2080 τῶν
2168 2027 2419 2098 ὀφθαλμῶν
2445 2033 2535 2081 τοῦ
2575 2028 2679 2088 νοὸς
2709 2026 3085 2099 οἰκοδομηθῆναι
3110 2023 3264 2090 οἶκον,
3304 2027 3389 2077 καί

1803 2116 1851 2163 ἐν
1873 2114 2093 2185 πλείστῳ
2122 2116 2271 2189 βάρει
2306 2124 2481 2170 τοῦτον
2515 2115 2739 2186 ύψῶσαι,
2772 2120 3040 2189 μεγίστους
3069 2115 3121 2170 δέ
3145 2119 3309 2174 κίονας
3338 2117 3388 2167 ὲν

1802 2212 1913 2263 τοῖς
1934 2205 2212 2276 μαγγάνοις
2243 2210 2509 2276 κρεμίσαι.
2544 2210 2632 2266 Τίς
2662 2209 2847 2269 τοίνυν,
2891 2210 3017 2262 αἰτῶ
3047 2227 3126 2261 σε.
3159 2209 3215 2261 τὸ
3244 2205 3390 2279 ἔργον

1803 2304 1951 2352 τοῦτο
1980 2298 2263 2370 ἐργάζεται,
2313 2299 2371 2353 τὸ
2402 2306 2553 2368 σῶμα
2579 2301 2634 2354 τὸ
2683 2298 2948 2373 ὁρώμενον,
2992 2297 3114 2372 ὅπερ
3156 2300 3286 2353 αὐτά
3325 2302 3391 2355 τά

1803 2389 1939 2459 βάρη
1969 2397 2083 2447 ταῖς
2106 2393 2293 2461 χερσὶν
2318 2386 2464 2465 αἴρει,
2490 2388 2519 2448 ἣ
2545 2391 2575 2447 ἡ
2605 2390 2822 2466 άόρατις
2848 2388 3000 2459 ψυχὴ
3024 2392 3051 2446 ἡ
3075 2393 3391 2451 ζωοποιοῦσκ

1803 2480 1861 2534 τὸ
1882 2486 2064 2551 σῶμα;
2089 2476 2319 2557 ’Ἐπαρον
2342 2480 2439 2551 γάρ
2461 2480 2520 2534 τό
2543 2484 2612 2547 μὴ
2635 2480 2974 2553 θεωρούμενον
2999 2481 3048 2531 ἐν
3070 2487 3141 2551 τῷ
3167 2482 3388 2549 σώματι,

1803 2576 1887 2625 καί
1916 2573 2098 2632 εὶθέως
2140 2574 2348 2629 ἀκίνητα
2375 2574 2714 2641 άπομένουσιν
2747 2572 2951 2626 ἅπαντα
2984 2572 3147 2624 ἐκεῖνα
3171 2578 3270 2625 τῶν
3301 2593 3392 2641 με-

1803 2663 1991 2718 τάλλων
2037 2666 2102 2717 τά
2141 2665 2393 2732 σώματα,
2445 2660 2578 2736 άπερ
2629 2663 2894 2731 κινούμενα
2939 2661 3257 2735 ἐθεωροῦντο.
3305 2658 3390 2715 Ἐκ

1803 2758 1981 2808 τούτου
2013 2749 2098 2807 οὖν
2123 2753 2453 2816 κατανόησον,
2485 2750 2561 2808 ὅτι
2589 2749 2705 2806 ἄνευ
2752 2759 2843 2806 τοῦ
2873 2753 3151 2820 κτίσματος
3178 2756 3267 2804 τοῦ
3302 2751 3391 2803 άο-

1804 2845 1984 2919 ράτου,
2014 2842 2153 2897 οὐδέν
2192 2845 2241 2896 ἐν
2268 2845 2434 2914 τούτῳ
2472 2850 2544 2915 τῷ
2573 2843 2746 2913 κόσμῳ
2777 2849 2849 2913 τῷ
2880 2840 3113 2915 ὁρωμένῳ
3148 2840 3393 2899 διοινηθῆ·

1806 2956 1888 2986 ναι
1917 2932 2148 2989 δύναται.
2178 2935 2414 3009 Καθάπερ
2434 2934 2530 3008 γάρ
2554 2932 2579 2987 ό
2606 2931 2991 3001 παντοδύναμος
3020 2932 3142 2989 Θεὸς
3171 2932 3393 3000 ἐμπνέων

1807 3027 1885 3077 καὶ
1912 3023 2114 3099 πληρῶν
2143 3022 2309 3077 πάντα
2334 3026 2395 3076 τά
2416 3021 2623 3080 δικαίως
2650 3022 3019 3092 συνιστάμενα,
3053 3027 3290 3082 ζωοποιεῖ
3310 3022 3394 3072 καὶ

1807 3121 1935 3169 κινεῖ
1966 3115 2032 3167 τά
2069 3113 2283 3186 ἀόρατα,
2325 3112 2488 3173 οὕτως
2517 3115 2647 3168 αὐτὰ
2682 3115 2746 3167 τά
2782 3113 2979 3186 ἀόρατα
3009 3110 3277 3183 πληροῦσι,
3309 3112 3393 3162 καὶ

1742 3228 1787 3291 C
1816 3210 2025 3270 κινοῦσι,
2057 3205 2138 3255 καὶ
2168 3206 2433 3276 σκφίζουσι
2464 3204 2529 3258 τά
2551 3202 2778 3276 ὁρώμενα
2804 3205 3040 3272 σώματα.

1888 3301 2061 3349 ΠΕΤΡ.
2094 3292 2344 3364 ὀμολογῶ
2388 3291 2572 3356 ἡδέως,
2606 3301 2696 3362 τοῦ
2745 3292 2934 3365 δεσμοῦ
2981 3296 3162 3350 τούτου
3206 3295 3398 3353 άπολν-

1814 3390 1934 3450 θεὶς,
1960 3384 2116 3455 μηδὲν
2136 3383 2258 3439 εἶναι
2278 3388 2438 3441 ταῦτα
2465 3385 2524 3437 τά
2550 3382 2711 3456 ὁρατά
2731 3384 3047 3456 λογίσασθαι,
3094 3383 3237 3446 ὅστις
3271 3385 3397 3459 πρό·

1812 3500 1957 3556 τερον
1984 3480 2040 3534 τὸ
2070 3487 2168 3533 τῶν
2195 3480 2473 3532 νοσούντων
2503 3477 2781 3551 πρόσωπον
2809 3479 2879 3539 εἷς
2909 3476 3124 3547 ἐμαυτὸν
3155 3476 3397 3542 ἀναδεξά-

1814 3591 1986 3641 μενος,
2017 3574 2135 3649 περὶ
2165 3580 2263 3626 τῶν
2308 3571 2534 3646 ἀοράτων
2577 3568 2857 3633 ἐδίσταζον.
2904 3569 3202 3643 ’Δρέσκουσε
3234 3573 3397 3625 τοίνυν

1813 3665 1982 3718 πάντα
2024 3662 2156 3737 ἅπερ
2200 3663 2375 3735 λέγεις·
2420 3664 2521 3717 ἀλλ’
2544 3656 2629 3715 οὖν
2659 3662 2880 3734 καθάπερ
2910 3665 2999 3717 τήν
3031 3664 3161 3723 ζωήν
3187 3669 3276 3719 τῆς
3299 3660 3397 3730 ψυ-

1816 3765 1920 3829 χῆς
1946 3755 2019 3811 ἔτι
2048 3757 2097 3810 ἓν
2126 3764 2197 3827 τῷ
2234 3759 2434 3825 σώματι
2473 3757 2663 3815 ταύτης
2693 3754 3058 3825 ὑπαρχούσης,
3093 3756 3144 3807 ἐκ
3172 3762 3269 3809 τῶν
3309 3762 3398 3808 τοῦ

1816 3852 2052 3919 σώματος
2082 3846 2398 3921 διαγινώσκω
2433 3847 2744 3915 κινημάτων,
2785 3844 2941 3905 οὕτως
2971 3847 3127 3903 αὐτῆς
3156 3852 3243 3902 τιζν
3274 3848 3403 3906 ζωὴν

1814 3942 1897 3994 καὶ
1930 3942 2061 4009 μετὰ
2097 3945 2186 3997 τήν
2216 3939 2267 3991 ἐκ
2308 3943 2400 3993 τοῦ
2440 3940 2676 4005 σώματος
2717 3934 2914 4000 ἔξοδον,
2956 3943 3175 4008 ᾳανερῶν
3202 3956 3403 4008 μαρτυο

1815 4030 2039 4104 ρούντων
2062 4030 2380 4102 πραγμάτων
2403 4024 2673 4101 διαγνῶναι
2701 4027 2949 4096 ἐπιθυμῷ.

1885 4130 2119 4173 ΓΡΙῙΓΟΡ.
2155 4118 2228 4171 Ἐν
2256 4120 2418 4184 τούτῳ
2444 4115 2515 4188 τῷ
2539 4118 2823 4192 πράγματι,
2854 4118 2935 4169 ἐὰν
2963 4114 3163 4183 ἑτοίμην
3190 4114 3400 4189 καρδίαν

1818 4210 1866 4262 ἕν
1890 4218 1958 4279 τῷ
1983 4217 2073 4270 τῆς
2110 4216 2203 4268 σῆς
2238 4206 2444 4281 ἀγάπης
2483 4215 2506 4244 °
2545 4205 2714 4278 δεσμῷ
2745 4204 2959 4279 εὕροιμι,
3004 4208 3288 4273 πέπεισμαι
3327 4200 3404 4259 ὅτι

1818 4299 1957 4355 οὐδὲν
1998 4302 2251 4354 κοπιάπω.
2301 4301 2358 4353 Οἶ
2402 4298 2534 4371 άγιοι
2576 4296 2852 4351 ἀπόστολοι
2892 4298 2974 4348 καὶ
3013 4296 3266 4370 μάρτυρες
3312 4299 3401 4347 τοῦ

1817 4399 2070 4467 Χριστοῦ.
2107 4394 2149 4445 εἰ
2188 4398 2256 4461 μή
2303 4390 2642 4463 αἱρετωτέραν
2677 4383 2803 4441 εἶναι
2844 4391 2932 4445 τήν
2973 4383 3408 4440 ἐπακολουθοῦσαν

1820 4487 1950 4544 ζωήν
1998 4490 2096 4536 τῶν
2145 4483 2334 4555 ψυχῶν
2377 4483 2663 4551 ἐγίνωσκον,
2712 4487 2821 4541 πῶς
2850 4484 2942 4538 τήν
2978 4485 3249 4551 παροῦσαν
3277 4483 3407 4542 ζωήν

143 4587 265 4627 vero
290 4572 403 4640 ipse
428 4574 635 4641 inquies
663 4575 784 4642 quia
817 4576 975 4628 vitam
1007 4576 1201 4629 animo:
1228 4576 1281 4630 in
1330 4592 1557 4646 corpore
1592 4592 1704 4634 ma-

1822 4573 2203 4630 ἔϐδελύσσοντο,
2239 4576 2323 4626 καί
2357 4574 2405 4625 ἐν
2434 4581 2506 4643 τῷ
2530 4580 2619 4631 τῆς
2646 4570 2831 4646 σαρκὸς
2871 4571 3061 4636 θανάτῳ
3100 4570 3192 4627 τάς
3222 4568 3406 4639 ψυχάς

142 4666 309 4717 uentis
338 4678 406 4716 ex
441 4663 677 4717 motibus
719 4664 961 4733 corporis
985 4667 1271 4735 agnoscis;
1302 4677 1358 4722 et
1383 4682 1508 4722 ecce
1541 4669 1591 4721 hi
1626 4669 1713 4736 qui

143 4754 339 4806 animas
367 4756 420 4806 iu
449 4762 674 4809 mortem
700 4764 1020 4823 posuerunt,
1047 4764 1203 4825 atque
1232 4756 1527 4811 animarum
1558 4759 1715 4812 vitam

143 4853 490 4911 postntnrtetn
508 4846 686 4900 carnis
703 4860 822 4901 esse
834 4846 1193 4912 crediderunt,
1210 4848 1529 4917 qu0tidianis
1558 4849 1719 4920 384

149 4938 415 4991 miraculis
457 4947 759 4992 coruscant.
816 4939 897 4994 Ad
939 4940 1198 4996 exstincta
1248 4957 1476 5011 namque
1526 4956 1711 4997 eorum

144 5040 359 5095 corpora
390 5030 630 5082 viventes
659 5030 785 5097 aegri
810 5033 1050 5096 veniunt,
1108 5042 1161 5086 et
1200 5041 1482 5098 sanantur;
1518 5034 1717 5101 perjuri

144 5121 373 5181 veniunt,
404 5129 460 5172 et
486 5120 754 5173 daemonio
793 5132 1068 5189 vexantur,
1113 5125 1426 5178 daemoniaci
1481 5126 1718 5193 veniunt,

141 5220 193 5260 ct
236 5210 559 5276 liberantur;
590 5212 785 5279 leprosi
816 5215 1057 5280 veniunt,
1111 5226 1164 5271 et
1219 5217 1575 5282 tunndantur;
1626 5216 1722 5271 de—

209 5355 230 5378 ι
259 5346 472 5400 Primus
501 5346 737 5412 Gcmet.,
762 5348 1000 5400 reducam
1023 5364 1053 5401 a
1082 5358 1147 5403 te.

204 5413 228 5451 δ
260 5416 552 5471 Secondus
582 5418 814 5482 Gentet.,
847 5418 1026 5483 operti.

205 5486 537 5541 cSecundus
583 5488 801 5541 Carnot.
857 5497 911 5540 et
960 5487 1087 5553 Lyr.
1141 5502 1261 5541 cum
1316 5488 1448 5553 pler.
1510 5486 1722 5549 Norm.,

128 5558 316 5623 sensi/5.
332 5567 448 5611 aut.
470 5558 729 5613 German.
754 5567 806 5611 et
827 5555 1088 5611 secundus
1109 5557 1338 5622 Tbeod.,
1360 5573 1565 5611 sensum
1594 5555 1722 5607 vivi-

127 5630 300 5687 ﬁrnnt.
345 5628 465 5682 Val.
494 5627 583 5682 Cl.
616 5641 669 5682 et
714 5629 917 5696 primus
943 5626 1183 5694 Carnot.,
1232 5630 1418 5681 sensim
1446 5626 1719 5693 viui/iram.

132 5696 343 5749 Tertius
374 5698 623 5763 Carnot.,
657 5716 806 5751 sensu
834 5698 1018 5764 vivi/ie.

190 5764 216 5800 ³
243 5766 307 5820 In
325 5770 605 5821 veteribus
619 5769 744 5822 Mss.
771 5769 852 5822 hic
875 5779 929 5821 et
946 5769 1067 5822 alibi
1092 5765 1718 5837 legitur,alligationibus,

370 5862 650 5922 PATBOL.
708 5863 804 5924 LX
826 5863 1018 5924 κίνει.

1828 4666 2050 4730 ἐτίθονν;
2101 4669 2165 4719 σὺ
2206 4664 2259 4719 δὲ
2299 4662 2451 4721 αὑτός
2494 4663 2668 4733 λέγεις,
2719 4660 2799 4715 ὅτι
2837 4666 2923 4717 την
2954 4664 3081 4723 ζωήν
3108 4668 3197 4719 τῆς
3226 4659 3409 4729 ψυχῆς

1826 4760 2077 4830 μενούσης
2100 4760 2256 4818 αὐτῆς
2279 4760 2326 4811 ἐν
2353 4764 2424 4829 τῷ
2453 4758 2673 4825 σώματι,
2698 4754 2749 4806 ἐκ
2777 4760 2875 4806 τῶν
2896 4759 2984 4808 τοῦ
3007 4755 3247 4821 σώματος
3279 4776 3407 4811 κινη-

1827 4854 2002 4921 μάτων
2036 4851 2396 4920 ἐπιγινὼσκεις.
2429 4845 2550 4900 Ἰδού
2592 4848 2671 4899 καὶ
2701 4841 2857 4910 οὗτοι,
2886 4844 3085 4903 οἵτινες
3106 4845 3196 4903 τάς
3226 4842 3410 4915 ψυχάς

1827 4945 1872 4996 ἐν
1893 4952 1963 5014 τῷ
1989 4945 2182 5010 θανάτῳ
2214 4938 2414 5002 ἔθηκαν,
2453 4940 2824 4997 πιστεύσαντες
2848 4937 3107 5007 ὑπάρχειν
3137 4940 3268 5000 ζωην
3296 4944 3410 4994 ταῖς

1828 5033 2034 5106 ψυχαῖς
2078 5035 2206 5087 μετά
2232 5032 2313 5087 τὸν
2357 5040 2444 5090 τῆς
2487 5031 2671 5102 σαρκός
2710 5030 2942 5092 θάνατον,
2985 5029 3212 5096 θαύμασι

1826 5127 2171 5199 καθημερινοῐς
2220 5125 2682 5194 ἐξαστράπτουσιν.
2730 5122 2815 5179 Εἰς
2841 5118 2940 5194 γάρ
2970 5120 3034 5173 τά
3068 5118 3411 5193 νεκράμύτῶν

1822 5221 2039 5287 σώματα
2080 5221 2262 5281 ζῶντες
2287 5213 2542 5288 ἆρῤωστοι
2586 5211 2849 5290 ἔρχονται,
2881 5215 2961 5266 καί
2999 5212 3181 5270 ἰάσεως
3210 5215 3412 5281 τυγχόι⁴

1826 5348 2141 5417 alligatione,
2175 5355 2278 5417 etc.
2332 5345 2502 5417 ΠηιιιξΔ
2534 5344 2819 5417 Zacharias
2852 5356 3007 5417 voces
3055 5342 3150 5417 has
3180 5339 3410 5417 reddidit

1830 5410 2166 5488 p‘cr'daaptoﬁ,
2193 5416 2386 5484 δεσμῷ.
2421 5413 2580 5488 Infra,
2614 5414 2777 5488 nulla,
2815 5424 2866 5465 ut
2899 5414 3103 5488 opinor,
3131 5410 3407 5488 Itttt'c_allc-

1826 5481 2017 5557 gutioni
2047 5481 2191 5557 ratio
2212 5481 2427 5557 olis'is'tt't.
2454 5483 2865 5557 QuibusAGrmca
2898 5481 3009 5536 blnc
3038 5481 3359 5557 respondent
3386 5496 3398 5531 :

1829 5552 1938 5612 οὐδὲ
1952 5561 2043 5627 μία
2059 5560 2126 5615 ὡς
2143 5552 2302 5628 οἶμαι.
2320 5556 2565 5628 ἀπολογία
2582 5562 2653 5628 τῷ
2664 5552 2838 5624 δεσμῷ
2854 5559 3016 5628 τούτῳ
3029 5553 3409 5617 ὑπολέλειπται,

1829 5624 2199 5685 ΙιιιὶσύίηειιΙυ,
2222 5627 2335 5676 huic
2362 5624 2666 5693 alligatioui.

1903 5707 1926 5734 °
1966 5698 2088 5762 Ms.,
2119 5694 2290 5769 δεσμῷ
2318 5695 2469 5766 εὕρω.

2903 5868 2977 5936 ιι
