3934 6344
578 331 672 390 551
1784 330 2020 385 SANCTI
2061 331 2150 386 GR

2268 332 2384 387 )mt
2429 333 2634 388 MAGNI
3696 346 3780 399 δε,

573 464 767 502 νουσιν.
798 442 1045 520 Ἐπίορκοι
1074 445 1336 522 ἔρχονται,
1381 465 1462 497 και
1496 445 1592 496 ὑπὸ
1633 441 1862 515 δαίμονος
1900 451 1920 474 θ’
1955 444 2156 514 ῥίπτον-

2268 444 2504 496 lcrunlnr
2536 444 2750 507 mortui,
2789 453 2839 497 ct
2873 446 3212 499 suscitantur.
3250 447 3409 499 Pensa
3443 447 3603 516 itaque
3633 467 3783 511 eorum

571 559 676 592 ται.
706 543 1084 609 Δαιμονιοῦντες
1111 537 1375 608 ἔρχονται,
1411 537 1489 586 καί
1517 535 1812 606 λυτροῦνται
1848 539 1933 586 τοῦ
1977 532 2154 602 δαίμο-

572 651 674 690 νος.
711 634 900 705 Λεπροί
928 629 1208 708 ἔρχονται,
1251 629 1329 680 καί
1359 629 1730 700 καθαρίζονται.
1763 628 1934 693 Νεκροῖ
1970 627 2154 694 ἀπογέ-

572 740 766 793 ρονται,
799 723 882 772 καὶ
905 721 1218 774 ἀνίστανται.
1254 716 1567 772 Κατανόησον
1595 717 1761 768 τοίνυν
1787 721 1897 772 πῶς
1926 719 2079 776 ζῶσιν
2102 716 2151 767 αί

573 808 749 877 ψυχαί
790 812 954 862 αὐτῶν
993 812 1096 863 ἐκεῖ
1132 808 1253 862 ἔνθα
1277 813 1447 871 ζῶσιν,
1491 803 1556 858 ὧν
1587 804 1755 860 ἐνθάδε
1784 807 1931 877 νεκρά
1959 807 2023 859 τά
2055 807 2153 858 σώ-

572 922 712 967 ματα
747 901 795 954 ἐν
834 902 1094 961 τοσούτοις
1123 903 1342 972 θαύμασι
1387 904 1560 962 ζῶσιν.
1589 898 1702 951 Ἐὰν
1733 900 1898 952 τοίνυν
1939 903 2028 955 τὴν
2069 905 2158 957 τῆς

578 989 755 1060 ψυχῆς
784 996 934 1056 ζωήν,
958 995 1009 1046 ἐν
1030 1000 1100 1061 τῷ
1123 995 1325 1062 σώματι
1355 990 1545 1048 ταύτης
1571 991 1841 1058 μενούσης,
1868 989 1922 1040 ἐκ
1950 997 2039 1046 τῆς
2064 995 2160 1041 τῶν

2264 534 2455 586 anima:
2490 536 2717 600 qualiter
2753 536 2930 587 vivunt
2970 537 3076 589 illic
3109 538 3193 587 ubi
3227 538 3423 603 vivunt,
3475 556 3676 607 quorum
3720 547 3790 602 hic

2259 634 2466 677 mortua
2511 641 2732 702 cirppra
2786 628 2836 678 in
2889 636 2965 679 tot
3013 627 3282 680 miraculis
3327 629 3524 683 vivunt.
3565 632 3616 685 Si
3659 635 3792 702 igitur

2259 715 2421 765 vitam
2452 715 2646 768 anima:
2702 717 2965 770 manentis
3018 718 3068 770 in
3117 733 3338 786 corpore
3376 719 3703 788 deprehendis
3739 744 3790 782 ex

2260 815 2404 858 motu
2437 808 2822 873 membrorum,
2865 825 2959 862 cur
3000 825 3105 864 non
3141 811 3421 879 perpendis
3453 813 3605 865 vitam
3633 817 3791 870 animai

2262 909 2378 964 post
2405 913 2621 967 corpus,
2646 900 2804 954 etiam
2841 915 2932 969 per
2977 915 3096 954 ossa
3121 910 3322 955 mortua
3372 902 3423 955 in
3455 903 3631 958 virtute
3657 907 3793 960 mira-

2262 991 2537 1044 culorum?

575 1081 732 1149 μελῶν
770 1087 1012 1142 κινήσεως
1055 1080 1440 1155 καταλαμϐάνῃ,
1489 1080 1619 1135 διατί
1665 1081 1722 1131 ού
1771 1086 2027 1137 κατανοεῖς
2061 1084 2148 1136 τήν
2192 1083 2321 1141 ζωὰν
2386 1088 2477 1142 τῆς
2505 1080 2683 1151 ψυχῆς
2725 1085 2852 1152 μετά
2877 1089 2966 1141 τὴν
2993 1091 3080 1138 τοῦ
3112 1086 3348 1153 σώματος
3378 1082 3558 1149 ἔξοδον,
3601 1086 3675 1142 διὰ
3723 1098 3796 1150 τῆς

574 1184 675 1230 τῶν
701 1177 967 1247 θαυμάτων
998 1175 1277 1248 δυνάμεως,
1323 1182 1413 1234 τῆς
1443 1175 1491 1227 ἐν
1519 1181 1624 1232 τοῖς
1653 1186 1839 1249 νεκροῖς
1871 1172 2059 1229 ίστέοις
2096 1173 2369 1243 γινομένης.

647 1276 813 1319 IIETP.
847 1264 970 1318 Ούδέ
999 1270 1110 1334 μία,
1140 1266 1205 1325 ὡς
1227 1261 1388 1337 οἶμαι,
1428 1262 1672 1333 ἀπολογία
1692 1269 1762 1333 τῷ
1791 1259 1962 1329 δεσμῷ
1992 1263 2157 1329 τούτῳ

578 1351 951 1420 ὑπολέλειπται,
984 1357 1129 1412 ἡνίκα
1161 1358 1240 1408 καί
1268 1353 1350 1407 διὰ
1373 1354 1685 1428 πραγμάτων
1709 1351 1971 1423 ὁρωμένων
1998 1351 2152 1419 ἀναγο

577 1447 825 1514 καζόμεθα
850 1452 1123 1500 πιστεῦσαι
1151 1443 1279 1517 ὅπερ
1308 1446 1604 1518 θεωροῦμεν.

1204 1541 1418 1588 ΚΕΦΛΛ.
1463 1536 1528 1586 Ζ’.

959 1632 1074 1702 Περί
1104 1628 1330 1701 ὁράσεως
1367 1625 1534 1690 ἐξόδου
1563 1625 1761 1694 ψυχῆς.

646 1727 982 1771 ΓΡΗΓΟῙἾΟΣ.
1012 1720 1199 1790 Ὀλίγον
1228 1719 1461 1788 ἀνωτέρω
1497 1711 1724 1789 εῗρηκας,
1758 1713 1834 1768 ὅτι
1862 1712 2155 1767 τελευτῶντί

577 1830 695 1873 τινι,
731 1807 1068 1877 ἐξερχομένην
1100 1809 1256 1860 αὑτοῦ
1281 1810 1369 1862 τήν
1394 1803 1575 1872 ψυχήν
1599 1805 1701 1872 ’.ύχ
1746 1801 1992 1873 ἑώρακας,
2025 1804 2156 1855 ὥστε

578 1901 658 1952 καί
687 1906 840 1953 τοῦτο
885 1900 1004 1952 αὐτὸ
1044 1904 1279 1965 πταῖσμα
1316 1897 1574 1968 ὑπῆρχεν,
1611 1892 1690 1948 ὄτι
1731 1901 2040 1960 σωματικοῖς
2070 1893 2157 1965 όφ-

576 1990 783 2061 θαλμοῖς
817 1990 1022 2043 ἀθέατον
1051 1993 1266 2062 πρᾶγμα
1302 1986 1584 2039 θεάσασθαι
1614 1984 1880 2047 ἐζήτησας·
1917 1984 2026 2036 ἐπεί
2053 1989 2161 2043 τοῖς

578 2090 766 2153 νοεροῖς
812 2080 1077 2149 ὀφθαλμοῖς
1117 2079 1290 2132 πολλοὶ
1325 2084 1422 2131 τῶν
1460 2077 1714 2149 ἡμετέρων
1755 2075 1921 2129 πίστει
1965 2077 2160 2149 καθαρᾷ

580 2176 664 2227 καί
697 2173 948 2244 εἰλικρινεῖ
967 2169 1185 2224 διαθέσει
1209 2168 1421 2227 ἑαυτούς
1458 2169 1845 2238 ἰκκαθάραντες,
1880 2167 2158 2238 ἐξερχομέ-

578 2285 668 2323 νας
697 2263 877 2332 ψυχὰς
916 2262 967 2313 ἐκ
1003 2267 1092 2314 τοῦ
1137 2261 1374 2332 σώματος
1414 2257 1650 2317 πολλάκις
1694 2257 1984 2309 ἐθεάσαντο.
2014 2253 2159 2308 ’Ὅθεν

581 2375 666 2421 μοι
692 2360 778 2405 νῦν
805 2353 1063 2422 ἀναγκαὶν
1087 2351 1323 2423 ὑπάρχει
1343 2347 1674 2421 διηγήσασθαι
1701 2353 1809 2405 πῶς
1834 2346 2162 2418 ἐξερχόμεναι

581 2444 756 2514 ψυχαὶ
788 2444 1076 2500 ἐθειέθησαν,
1125 2444 1207 2494 καί
1252 2441 1392 2494 πόσα
1432 2440 1614 2492 ἐκεῖναι
1657 2440 1707 2491 ἐν
1750 2445 1822 2509 τῷ
1860 2438 2163 2509 ἐξέρχεσθαι

580 2531 738 2592 αὑτάς
766 2533 1046 2586 ἐθεάσαντο.
1078 2529 1237 2585 Ὥστε
1263 2532 1639 2600 κυματίζουσαν
1659 2535 1746 2587 τήν
1773 2528 1976 2598 ψυχήν,
2000 2531 2160 2603 ἥνπερ

580 2622 855 2697 ὁλοκλήρως
884 2625 912 2680 ἡ
939 2622 1185 2691 ἀπολογία
1230 2629 1402 2676 πεῖσαι
1443 2622 1532 2673 οὑκ
1561 2618 1796 2682 ἠδυνήθη,
1828 2621 1892 2672 τὰ
1922 2617 2159 2691 ὑποδείγ-

579 2737 718 2783 ματα
748 2716 1010 2769 πείσουσι.

1212 2812 1424 2859 ΚΕΦΔΛ.
1468 2805 1534 2859 u’.

650 2902 767 2971 Περὶ
798 2896 962 2962 ἐξόδου
986 2905 1075 2958 τῆς
1107 2897 1288 2967 ψυχῆς
1316 2903 1572 2970 Γερμανοῦ
1595 2899 1876 2952 ἐπισκόπου
1902 2896 2090 2958 πόλεως

1258 2971 1482 3028 Καπύης.

647 3056 722 3109 Ἐν
753 3065 823 3126 τῷ
852 3056 1072 3134 δευτέρῳ
1094 3058 1272 3128 βιϐλίῳ
1299 3059 1491 3117 ταύτης
1519 3065 1609 3118 τῆς
1638 3069 1994 3133 πραγματείας
2023 3054 2160 3115 εἷπον
2187 3044 2233 3107 C

580 3154 698 3223 περὶ
724 3157 811 3204 τοὺ
834 3149 860 3188 δ
971 3155 1072 3223 ζωῇ
1104 3150 1473 3203 εὑλαϐεστάτου
1505 3148 1680 3225 ἀνδρὸς
1710 3147 2015 3211 Βενεδίκτου,
2041 3152 2160 3203 κίθ-

579 3246 644 3300 ὠς
682 3244 821 3319 παρά
866 3249 964 3296 τῶν
1004 3249 1204 3295 πιστῶν
1247 3242 1407 3294 αὑτοῦ
1449 3241 1686 3310 μαθητῶν
1724 3238 1898 3311 ἔγνων,
1937 3239 2015 3294 ὅτι
2069 3246 2162 3310 (ui-

579 3333 712 3384 κοθεν
757 3340 846 3390 τῆς
892 3331 1082 3390 πόλεως
1128 3340 1151 3367 ο
1199 3331 1401 3390 Καπύης
1446 3330 1703 3408 ὑπάρχων
1760 3335 2022 3404 Γερμανοῦ
2072 3337 2160 3384 τοῦ

577 3426 859 3480 ἐπισκόπου
899 3431 991 3482 τῆς
1031 3425 1185 3481 αὑτῆς
1219 3423 1412 3482 πόλεως
1442 3426 1530 3479 την
1559 3420 1738 3490 ψυχὴν
1767 3424 2083 3490 μεσονυκτίῳ
2117 3421 2164 3472 ἐν

580 3520 766 3589 σφαίρᾳ
794 3517 982 3588 πυρίνῃ
1028 3515 1129 3569 ὑπὸ
1174 3515 1393 3585 ἀγγέλων
1444 3512 1844 3582 βασταζομένην,
1891 3514 2054 3565 καὶέν
2090 3519 2163 3584 τῷ

577 3611 769 3682 οὐρανῷ
813 3606 1156 3680 ἀνερχομένην
1197 3606 1461 3659 ἐθεάσατο.
1489 3601 1673 3662 Ὀστις
1699 3607 1788 3660 τὴν
1814 3605 1964 3660 αὐτην
1984 3604 2164 3672 ψυχήν

576 3697 920 3768 ἀνερχομένην
960 3697 1266 3764 θεασάμενος
1307 3700 1398 3747 τοῦ
1429 3695 1536 3753 vei;
1565 3696 1652 3748 τὸν
1694 3694 1873 3746 κόλπον
1896 3692 2159 3754 ἀπλὼσας,

580 3790 647 3845 ὡς
664 3785 740 3840 ὅτι
768 3787 872 3839 ὑπὸ
894 3788 1008 3853 μίαν
1029 3791 1114 3838 τοῦ
1137 3785 1272 3842 ηλ-ίου
1291 3787 1487 3848 ἀκτῖνα,
1512 3784 1621 3838 ὅλον
1642 3785 1725 3838 τὸν
1747 3780 1931 3850 κόσμον
1957 3804 2162 3852 συναχ-

577 3879 720 3932 θέντα
745 3885 851 3936 τοῖς
877 3873 903 3910 ά
932 3884 1124 3948 νοεροῖς
1149 3876 1409 3946 ὀφθαλμοῖς
1439 3876 1701 3929 ἐθεάσατο.

1212 3976 1422 4019 ΚΕΦΑΛ.
1463 3964 1538 4017 (θ’.

751 4063 866 4132 Περί
895 4056 1061 4121 ἐξόδου
1090 4065 1180 4116 τῆς
1211 4056 1393 4125 ψυχῆς
1421 4055 1709 4106 Σπεκιὼσου
1737 4059 1990 4122 μοναχοῦ.

649 4150 787 4222 Παρὰ
816 4155 913 4202 τῶν
954 4148 1116 4200 αὐτῶν
1166 4147 1323 4200 τοίνυν
1353 4143 1586 4216 μαθητῶν
1621 4142 1775 4194 αὑτοῦ
1826 4139 2160 4212 διηγουμένων

575 4240 861 4310 μεμάθηκα,
892 4236 970 4292 ὅτι
996 4235 1086 4291 δύο
1117 4237 1327 4309 εὐγενεῖς
1351 4232 1551 4308 ἄνδρες,
1583 4235 1668 4287 καί
1688 4239 1779 4292 τήν
1804 4233 1832 4286 ἕ
1836 4235 1904 4297 ξω
1934 4243 1957 4270 θ
1985 4237 2160 4307 σοφίαν

576 4331 895 4399 ἐξησκημένοι
939 4331 1134 4400 γνήσιοι
1188 4324 1383 4396 ἀδελφοί
1452 4326 1810 4398 ὑπάρχοντες,
1865 4325 1890 4378 ὁ
1941 4328 2030 4396 μὲν
2087 4323 2158 4386 εἷς

2337 1263 2501 1316 Pera.
2547 1263 2721 1325 Nulla,
2782 1273 2836 1317 ut
2888 1264 3113 1333 opinor,
3171 1266 3294 1321 huic
3343 1266 3630 1336 allegationi
3685 1275 3797 1328 ratio

2261 1352 2489 1418 obsistit,
2522 1355 2572 1408 in
2598 1370 2698 1424 qua
2723 1371 2786 1411 ex
2818 1357 2974 1410 rebus
3017 1357 3313 1412 visibilibus
3343 1360 3574 1429 cogimur
3613 1363 3799 1421 credere

2261 1447 2396 1512 quod
2429 1462 2533 1500 non
2564 1447 2821 1503 videmus.

2860 1541 3088 1597 CAPUT
3129 1541 3237 1596 VII.

2691 1628 2766 1682 De
2794 1632 3078 1699 egressibus
3109 1633 3418 1686 animarum.

2336 1716 2660 1776 Caesonius.
2701 1721 2861 1774 Paulo
2917 1724 3165 1791 superius
3197 1710 3350 1794 (Cap.
3403 1723 3456 1792 ν)
3498 1733 3700 1794 questus
3737 1741 3801 1792 es,

2265 1813 2540 1866 morientis
2567 1811 2844 1880 cujusdam
2873 1814 3230 1882 egredientem
3262 1815 3497 1868 animam
3553 1823 3600 1868 te
3631 1831 3721 1870 non
3741 1819 3801 1871 vi-

2264 1905 2434 1968 disse;
2468 1903 2562 1957 sed
2597 1903 2695 1956 hoc
2718 1904 2889 1970 ipsum
2915 1903 3024 1971 jam
3056 1905 3225 1973 culpae
3256 1905 3374 1970 fuit,
3403 1905 3537 1974 quod
3564 1907 3802 1974 corporeis

2266 1995 2438 2049 oculis
2485 2009 2598 2047 rem
2653 1996 2834 2049 videre
2882 1996 3197 2050 invisibilem
3229 1997 3490 2064 quaesisti.
3522 1997 3645 2052 Nam
3675 2001 3801 2054 multi

2266 2095 2568 2140 nostrorum
2595 2087 2786 2140 mentis
2815 2085 3025 2139 oculum
3052 2085 3157 2139 tide
3180 2083 3312 2154 pura
3346 2095 3398 2140 et
3427 2087 3584 2141 ubere
3600 2092 3802 2142 oratione

2266 2177 2602 2241 inundantes,
2654 2179 2987 2245 egredientes
3017 2191 3052 2230 θ
3097 2191 3257 2232 carne
3305 2179 3508 2232 animas
3538 2177 3800 2246 frequenter

2264 2267 2534 2321 viderunt.
2574 2268 2726 2322 Unde
2761 2283 2898 2321 nunc
2925 2269 3052 2322 mihi
3085 2283 3306 2324 necesse
3363 2277 3444 2322 est
3489 2269 3566 2322 vel
3613 2269 3804 2337 qualiter

2263 2357 2597 2426 egredientes
2644 2360 2832 2413 anima:
2860 2361 2987 2412 visae
3042 2362 3168 2426 sint,
3206 2359 3286 2414 vel
3330 2369 3526 2429 quanta
3557 2361 3675 2428 ipsa:
3700 2362 3802 2414 dum

2263 2449 2652 2518 egrederentur
2683 2452 3198 2517 videtintenarrare,
3259 2463 3520 2522 quatenus
3565 2451 3799 2508 ﬂuctuanti

2267 2542 2464 2610 animo,
2491 2541 2630 2610 quod
2656 2544 2811 2611 plene
2836 2545 2968 2598 ratio
2994 2559 3101 2598 non
3123 2544 3282 2612 valet,
3307 2543 3545 2613 exempla
3561 2542 3800 2599 suadeant.

2338 3053 2390 3108 In
2414 3055 2649 3110 secundo
2669 3069 2899 3125 namque
2920 3055 3071 3124 hujus
3092 3058 3268 3124 operis
3291 3055 3432 3112 libro
3454 3055 3596 3125 (Cap.
3616 3053 3699 3122 35)
3710 3053 3798 3123 jam

2269 3145 2518 3214 pt'azl'atus
2540 3162 2658 3201 sum
2690 3149 2829 3216 Quod
2862 3150 2939 3200 vir
2971 3147 3288 3202 venerabilis
3322 3147 3658 3210 Benedictus,
3690 3144 3800 3196 sicut

2265 3251 2292 3287 a
2341 3237 2578 3293 ﬁdelibus
2604 3237 2719 3308 ejus
2749 3238 3019 3306 discipulis
3052 3239 3266 3307 agnovi,
3316 3238 3475 3307 longe
3523 3252 3549 3290 a
3591 3237 3805 3304 Capuana

2267 3328 2397 3382 urbe
2445 3329 2668 3396 positus,
2723 3327 2971 3384 Germani
3018 3329 3254 3396 ejusdem
3287 3329 3440 3382 urbis
3470 3326 3688 3396 episcOpi
3715 3324 3805 3376 ani-

2267 3432 2406 3471 mum
2437 3429 2592 3472 nocte
2619 3419 2795 3473 media
2825 3419 2877 3472 in
2909 3420 3067 3488 globo
3099 3420 3254 3488 igneo
3284 3418 3353 3470 ad
3389 3418 3577 3473 coelum
3619 3415 3728 3470 ferri
3753 3415 3806 3467 ab

2266 3510 2467 3580 angelis
2499 3511 2727 3578 aspexit.
2789 3511 2887 3578 Qui
2941 3512 3183 3572 eamdem
3213 3525 3432 3581 quoque
3471 3510 3807 3564 ascendentem

2266 3601 2496 3653 animam
2539 3600 2770 3664 intuens,
2827 3603 3020 3655 mentis
3063 3601 3237 3654 laxato
3283 3602 3411 3655 sinu
3443 3599 3585 3670 quasi
3611 3599 3698 3653 sub
3724 3612 3808 3650 uno

2266 3690 2397 3744 solis
2423 3689 2571 3745 radio
2599 3697 2850 3745 cunctum
2875 3691 2925 3744 in
2948 3693 3059 3744 suis
3080 3691 3248 3747 oculis
3270 3692 3556 3747 collectum
3586 3687 3809 3745 mundum

2265 3780 2414 3834 vidit.
2845 3849 2852 3854 ἢ

2850 3871 3072 3928 CAPUT
3116 3874 3251 3929 Vlll.

2504 3962 2579 4016 De
2599 3979 2800 4034 egressu
2829 3965 3014 4017 animm
3036 3974 3061 4011 8
3088 3963 3321 4034 Speciosi
3353 3964 3608 4019 monachi.

2338 4055 2549 4111 Eisdem
2575 4071 2786 4125 quoque
2815 4055 3089 4125 discipulis
3117 4056 3260 4110 illius
3291 4057 3631 4112 narrantibus
3657 4053 3812 4118 didici,

2262 4150 2384 4218 quia
2409 4150 2514 4203 duo
2532 4147 2737 4202 nobiles
2755 4148 2872 4210 viri.
2891 4158 3049 4217 atque
3071 4149 3429 4204 exterioribus
3449 4149 3630 4205 studiis
3652 4145 3819 4202 eruditi

2261 4240 2499 4311 germani
2528 4242 2747 4305 fratres,
2784 4255 3010 4311 quorum
3041 4255 3178 4296 unus
3209 4241 3516 4310 Speciosus,
3548 4242 3675 4295 alter
3701 4253 3810 4291 vero

2270 4330 2559 4400 Gregorius
2600 4331 2900 4400 dicebatur,
2931 4331 3048 4402 ejus
3071 4347 3130 4387 se
3155 4333 3353 4402 regula:
3380 4331 3410 4370 ιι
3433 4334 3484 4388 in
3514 4343 3688 4387 saneta
3712 4346 3819 4383 cou-

499 4426 505 4430 ’
573 4426 877 4484 Σπεκιῶσος,
912 4419 937 4470 ό
969 4417 1019 4472 δέ
1050 4418 1218 4491 ἕτερος
1260 4416 1530 4492 Γρηγόριος
1560 4416 1827 4487 λεγόμενοι,
1876 4424 1948 4489 τῷ
1975 4419 2159 4472 ἐκείνου

2273 4423 2576 4477 versatione
2609 4423 2965 4478 tradiderunt.
2997 4425 3142 4491 Quos
3173 4424 3312 4479 idem
3348 4424 3505 4480 Pater
3526 4420 3818 4479 venerabilis

573 4507 736 4564 κανόνι
775 4511 825 4562 ἐν
872 4516 932 4582 τῇ
981 4507 1101 4582 ἁγία
1142 4509 1432 4582 ἀναστροφῇ
1481 4509 1696 4568 ἑαυτούς
1739 4506 2158 4583 παραδεδώκασι.

575 4606 800 4663 Τούτους
826 4601 850 4656 ό
875 4600 1028 4662 αὑτός
1052 4603 1419 4660 εὑλαϐἐστατος
1449 4606 1616 4674 πατὴρ
1647 4603 1695 4654 ἐν
1723 4597 1793 4670 τῷ
1816 4602 2160 4675 μοναστηρίῳ,

576 4691 703 4766 ὅπερ
733 4693 944 4750 πλησίον
971 4701 1061 4752 τῆς
1103 4693 1416 4762 Τερρακινῶν
1445 4693 1637 4750 πόλεως
1668 4691 2006 4763 ᾠκοδόμησεν,
2039 4714 2162 4746 κατ·

573 4792 770 4841 οικῆσαι
817 4788 1106 4842 πεποίηκεν.
1140 4784 1201 4836 Οἶ
1236 4805 1363 4843 τινες
1405 4785 1587 4841 πολλὴν
1624 4787 1922 4859 περιουσίαν
1949 4786 2162 4857 χρημά-

572 4897 673 4928 των
704 4875 750 4926 ἐν
789 4882 859 4943 τῷ
911 4875 1082 4948 κόσμῳ
1123 4877 1289 4946 τούτῳ
1341 4875 1619 4932 ἐκέκτηντο·
1664 4875 1784 4928 ἀλλά
1823 4877 1996 4940 πάντα,
2031 4877 2162 4950 ὑπὲρ

573 4964 874 5038 λυτρώσεως
907 4971 1006 5020 τῶν
1044 4964 1236 5035 ψυχῶν
1280 4967 1445 5019 αὑτῶν
1468 5005 1480 5026 ,
1509 4971 1751 5032 πτωχοῖς
1794 4963 2160 5033 διανείμαντες,

573 5055 621 5106 ἐν
646 5062 716 5123 τῷ
759 5052 897 5127 αὑτῷ
926 5057 1248 5127 μοναστηρίῳ
1298 5051 1568 5122 διέμειναν.
1600 5051 1656 5105 '0
1693 5052 1745 5106 δέ
1787 5050 1855 5112 εἷς
1888 5054 1935 5116 ἐξ
1977 5055 2158 5117 αὑτῶν,

578 5146 859 5206 Σπεκιῶσός
893 5142 911 5182 ί
945 5168 1086 5217 φημι,
1131 5142 1213 5200 διὰ
1430 5147 1614 5220 χρείαν
1657 5149 1749 5197 τοῦ
1792 5149 2156 5218 μοναστηρίου,

578 5239 788 5294 πλησίον
805 5247 898 5296 τῆς
920 5238 1110 5298 πόλεως
1137 5235 1339 5297 Καπύης
1361 5237 1641 5294 ἀπεστάλη.
1665 5233 1750 5288 Ἐν
1773 5257 1869 5290 τινι
1898 5234 1950 5289 δέ
1973 5237 2158 5310 ἡμέρᾳ,

576 5327 601 5382 ό
629 5326 811 5383 τούτου
843 5327 1048 5400 ἀδελφὸς
1075 5328 1368 5403 Γρηγόριος,
1401 5331 1530 5397 μετά
1552 5335 1650 5381 τῶν
1675 5325 1896 5396 ἀδελφῶν
1925 5327 2006 5382 ἐπί
2034 5349 2156 5402 τρα-

645 5475 670 5540 _‘
714 5465 835 5540 liis"
861 5469 1166 5540 ράσσονται.

644 5536 672 5573 b
713 5537 838 5609 ἒβη
861 5536 937 5608 1τῷ
968 5539 1086 5609 rei?“

649 5614 671 5671 ἒ
717 5605 837 5671 MS.,
870 5605 1121 5670 κάτέο-ξής.

647 5670 671 5706 ιλ
863 5686 1050 5751 νοεροῖς
1077 5681 1346 5750 ὀνθαλμοῖς
1371 5688 1548 5751 νοερῶς
1580 5680 1746 5732 ἐθεάσ.

645 5758 663 5777 ⁸
702 5744 822 5813 MS»,
860 5744 1117 5810 πᾳίὸείανζ

2276 4513 2329 4566 in
2389 4514 2736 4578 monasterio,
2772 4514 2910 4583 quod
2957 4515 3106 4584 juxta
3167 4515 3607 4570 Terracinensem
3658 4511 3822 4566 urbem

2267 4612 2659 4670 construxerat,
2721 4604 2842 4658 fecit
2901 4605 3166 4660 habitare.
3221 4606 3321 4672 Qui
3383 4606 3575 4659 multas
3629 4601 3817 4672 quidem

2269 4695 2522 4761 pecunias
2550 4695 2601 4747 in
2631 4694 2728 4748 hoc
2757 4693 2955 4748 mundo
2987 4695 3357 4763 possederant,
3391 4695 3484 4749 sed
3505 4708 3684 4750 cuneta
3717 4705 3827 4760 pau-

2271 4785 2483 4852 peribus
2515 4799 2609 4852 pro
2661 4785 2956 4837 animarum
3008 4800 3222 4839 suarum
3281 4785 3648 4854 redemptione
3676 4778 3827 4847 largiti

2271 4883 2416 4939 sunt,
2447 4878 2567 4928 etin
2589 4874 2776 4929 eodem
2806 4878 3135 4931 monasterio
3160 4887 3588 4945 permanserunt.
3613 4874 3829 4939 Quorum

2272 4980 2427 5028 uuus,
2464 4963 2666 5018 scilicet
2715 4967 3023 5034 Speciosus,
3087 4968 3248 5040 385
3295 4968 3421 5022 dum
3478 4981 3574 5035 pro
3627 4965 3831 5018 utilitate

2272 5057 2576 5107 monasterii
2601 5057 2748 5122 juxta
2773 5057 3078 5126 Capuanatn
3106 5063 3287 5112 urbem
3318 5059 3512 5112 missus
3535 5055 3736 5120 fuisset,
3758 5051 3834 5106 die

2271 5146 2495 5213 quadam
2547 5145 2710 5202 frater
2762 5147 2880 5217 ejus
2956 5149 3244 5219 Gregorius
3299 5165 3418 5203 cum
3484 5146 3732 5201 fratribus
3779 5143 3832 5192 ad

2272 5250 2512 5290 incusant
2546 5238 2741 5293 sedens
2773 5249 2929 5309 atque
2950 5253 3298 5306 convescens,
3333 5254 3427 5310 per
3455 5239 3694 5308 spiritum
3719 5234 3834 5287 sub-

2271 5329 2476 5383 ieVultlS
2520 5335 2746 5400 aspexit,
2793 5342 2848 5387 et
2889 5333 3019 5388 vidit
3063 5333 3298 5402 Speciosi
3347 5332 3588 5403 germani
3618 5329 3695 5384 sui
3731 5329 3834 5380 ani-

2351 5475 2368 5511 ί
2403 5475 2530 5552 31s.,
2562 5477 2630 5536 ὥς
2659 5497 2778 5552 φασι
2809 5473 2891 5552 δ.ιᾴ
2922 5497 3086 5552 χρη...
3117 5477 3366 5552 liaman
3557 5542 3600 5552 __
3691 5540 3720 5552 η

2346 5553 2369 5590 8
2400 5545 2527 5613 Ejus
2558 5542 2800 5598 meminit
2831 5542 3096 5613 Mart'yrol.
3132 5546 3315 5609 Rotn.,
3351 5543 3524 5598 Idibus
3555 5542 3743 5596 Martii.

2348 5612 2369 5648 ιι
2399 5608 2605 5693 Primus
2626 5615 2845 5667 Carnot.
2872 5624 2927 5668 et
2955 5608 3178 5679 uterque
3202 5616 3427 5681 Theod.,
3461 5617 3511 5667 in
3536 5620 3722 5665 sancta:
3743 5608 3839 5660 vim

2272 5696 2673 5737 COIHH’.)‘SI.IIHHIB.
