3934 6342
544 359 648 418 539

546 494 744 565 λεχθείς
771 492 956 567 Πρόϐος
985 493 1135 566 λέγει.
1157 491 1335 554 Ὀστις
1365 494 1417 547 ἓν
1442 489 1547 563 ὅσῳ
1577 498 1637 565 τῇ
1678 490 1809 564 κλίνῃ
1838 496 1930 545 τοῦ
1965 491 2130 559 κειμέ-

543 604 629 636 νου
678 585 989 652 παρίστατο,
1050 581 1294 636 ἐθεάσατο
1348 580 1521 653 αἴφνης
1576 577 1761 653 ἄνδρας
1811 582 1950 639 τινάς
1997 580 2125 652 πρός

542 675 688 727 αὐτόν
735 673 1218 747 προσερχομένους,
1270 671 1450 730 στολάς
1494 670 1671 729 λευκάς
1726 671 2122 740 ἠμφιεσμένους,

543 764 717 821 οἵτινες
750 768 822 830 τῷ
850 763 976 832 φωτί
1019 767 1107 815 τοῦ
1153 762 1432 834 προσώπου
1464 759 1632 812 αὐτῶν
1661 762 1748 815 τήν
1790 757 2124 831 λαμπρότητα

543 860 641 906 τῶν
668 852 876 922 ἱματίων
905 849 1261 923 ὑπερέϐαλλον.
1294 848 1373 901 Ἐκ
1393 856 1483 907 τῆς
1504 849 1774 919 ἀστραπῆς
1796 841 1880 898 οὖν
1909 855 1999 904 τῆς
2036 845 2123 897 a6-

542 952 640 997 τῶν
678 941 1036 1017 λαμπρότητος
1086 943 1289 1010 πληγείς
1336 939 1543 1005 όπαῖς,
1578 942 1735 1011 φωνήν
1758 938 2121 1011 προσενέγκας,

549 1037 747 1108 κράζειν
776 1034 985 1106 ἤρξατο,
1016 1035 1147 1092 τίνες
1177 1034 1347 1085 ἐκεῖνοι
1374 1032 1705 1103 ύπάρχουσι.
1744 1036 1815 1100 Τῇ
1859 1025 1911 1080 δέ
1939 1028 2125 1080 τούτου

544 1136 673 1199 φωνῇ
712 1127 900 1201 Προϐος
943 1124 967 1179 6
1006 1126 1283 1183 ἐπίσκοπος
1314 1122 1689 1195 συνταραχθείς
1727 1118 2123 1191 εἰσερχομένους

540 1216 724 1272 αὐτούς
753 1213 987 1287 ἑωρακὼς
1015 1210 1231 1270 τούτους
1254 1213 1462 1281 ἐπέγνω.
1488 1211 1571 1263 τὸν
1604 1208 1655 1263 δὲ
1681 1209 1929 1280 κράζοντα
1966 1205 2125 1260 παῖδα

544 1302 856 1374 παρακαλεῖν
902 1301 1105 1371 ἤρξατο,
1155 1300 1329 1369 λέγων’
1360 1304 1435 1356 Μή
1486 1297 1660 1368 φοξοῦ,
1708 1293 1785 1349 ὅτι
1823 1294 1952 1369 πρός
1996 1314 2056 1362 με
2102 1293 2126 1345 6

550 1390 686 1463 ἅγιος
715 1391 1057 1455 Ἰουϐενάλιος,
1105 1392 1189 1443 καί
1229 1389 1253 1443 6
1285 1389 1425 1460 ἅγιος
1464 1388 1761 1459 Ἐλευθέριος
1791 1386 1835 1438 οἱ
1868 1385 2125 1457 μάρτυρες

546 1476 701 1536 ἦλθον.
734 1486 950 1538 Ἐκεῖνος
980 1477 1032 1532 δέ
1056 1486 1146 1539 τῆς
1176 1478 1414 1536 τοιαύτης
1444 1478 1694 1534 ὀπτασίας
1732 1482 1756 1509 ⁸
1789 1475 1845 1527 τὸ
1889 1474 2125 1544 νεούργη-

544 1590 615 1637 μα
646 1573 715 1637 μὴ
756 1570 933 1641 φέρων,
965 1565 1136 1640 δρόμῳ
1168 1560 1451 1637 ταχυτάτῴ
1499 1564 1596 1627 ἔξω
1624 1572 1721 1617 τῶν
1765 1564 1928 1636 θυρῶν
1955 1558 2122 1631 ἔφυγε.

542 1660 656 1724 Περὶ
686 1655 738 1710 δέ
767 1656 831 1709 ὧν
863 1657 1132 1721 ἐθεάσατο,
1165 1665 1236 1724 τῷ
1267 1659 1431 1729 πατρί
1455 1660 1537 1707 καὶ
1574 1662 1682 1713 τοῖς
1719 1656 1907 1727 ἰατροῖς
1943 1652 2124 1721 ἐμήνυ-

1759 356 1999 413 ΞΑΜΣΤΙ
2037 354 2359 412 GREGORII
2402 353 2610 410 MAGNI

2158 476 2203 532 Α
2234 467 2325 535 qui
2371 465 2616 520 eumdem
2677 476 2886 531 quoque
2954 460 3240 516 candorem
3292 462 3543 529 vestium,
3572 462 3789 516 vultuum

3691 351 3787 406 3i0

2235 574 2448 612 suorum
2479 557 2596 611 luce
2625 557 2923 608 vincebant.
2953 551 2971 590 τ
2999 554 3114 621 Qua
3136 554 3437 621 splendoris
3465 556 3618 609 etiam
3646 556 3793 609 clari-

2234 655 2341 699 tate
2372 645 2664 714 perculsus,
2690 643 2904 712 quinam
2937 641 3013 695 illi
3044 651 3244 707 essent,
3275 644 3471 695 emissa
3496 644 3648 711 cmpit
3668 656 3795 697 voce

2232 736 2484 789 clamare.
2518 734 2628 800 Qua
2653 747 2781 786 voce
2813 734 2971 787 etiam
3019 732 3219 786 Probus
3248 733 3537 800 episcOpus
3574 748 3795 786 commo-

2232 834 2337 891 tus,
2371 825 2631 878 intrantes
2660 838 2752 878 eos
2780 824 2996 893 aspexit
3022 834 3074 877 et
3110 826 3341 893 agnovit,
3371 835 3528 893 atque
3556 825 3792 879 eumdem

2232 914 2543 967 stridentem
2576 913 2981 982 vagientemquc
3033 928 3255 981 puerum
3304 916 3569 970 consolari
3618 914 3798 983 coepit,

2233 1003 2414 1057 dicens
2438 1022 2451 1054 :
2477 1003 2588 1056 Noli
2622 1004 2830 1067 timere,
2857 1004 2951 1067 ﬁli,
2983 1004 3103 1072 quia
3132 1003 3197 1057 ad
3232 1018 3317 1059 me
3339 1016 3557 1059 sanctus
3582 1005 3801 1061 Juvena-

2234 1094 2299 1147 lis
2328 1102 2380 1147 et
2407 1102 2625 1148 sanctus
2680 1094 3020 1147 Eleutherius
3074 1105 3335 1164 martyres
3392 1104 3660 1150 venerunt.
3712 1095 3805 1149 Ille

2235 1197 2410 1239 autem
2444 1194 2607 1240 tantae
2638 1185 2860 1240 visionis
2915 1186 3201 1240 novitatem
3255 1201 3357 1241 non
3409 1189 3600 1254 terens,
3648 1204 3803 1242 cursu

2234 1279 2443 1331 concito
2466 1288 2615 1331 extra
2654 1277 2796 1329 t‘ores
2826 1276 2977 1346 fugit,
3010 1287 3169 1346 atque
3198 1291 3292 1331 eos
3317 1293 3449 1347 quos
3489 1280 3687 1333 viderat
3714 1293 3806 1346 pa-

2237 1369 2301 1422 tri
2329 1384 2391 1423 ac
2423 1369 2644 1423 medicis
2675 1369 2954 1421 nuntiavit.
3004 1368 3105 1434 Qui
3161 1369 3368 1421 roncite
3394 1368 3806 1433 descenderunt;

2233 1461 2325 1515 sed
2354 1476 2550 1528 aegrum
2584 1474 2739 1528 quem
2791 1460 3116 1528 reliquerant
3156 1457 3269 1527 jam
3316 1459 3619 1513 defunctum
3657 1460 3812 1512 inve—

2235 1561 2449 1617 nerunt,
2483 1552 2602 1620 quia
2638 1551 2711 1604 illi
2743 1565 2863 1606 eum
2895 1565 3075 1605 secum
3106 1550 3359 1617 tulerant,
3392 1567 3616 1619 quorum
3650 1549 3815 1605 visio-

2236 1663 2357 1701 nem
2386 1663 2517 1716 puer
2549 1646 2687 1701 terre
2715 1662 2818 1699 non
2853 1644 3043 1713 patuit,
3077 1646 3164 1714 qui
3196 1646 3278 1699 bic
3308 1646 3582 1700 remansit.

542 1764 649 1797 σενι
682 1747 873 1807 Οἷτινες
903 1751 1164 1818 συντόμως
1202 1747 1548 1812 κατελθόντες,
1596 1750 1681 1802 τὸν
1730 1743 1996 1819 ἆρρωστον
2023 1785 2037 1809 ,
2074 1740 2125 1797 ὃν
2166 1743 2450 1802 κατέλιπον,
2480 1743 2687 1796 θανέντα
2710 1741 2881 1794 λοιπόν
2917 1737 3085 1814 εὖρον.
3108 1737 3252 1792 Ὀθεν
3280 1738 3443 1804 δῆλον,
3509 1738 3587 1797 ὅτι
3640 1740 3819 1794 ἐκεῖνοι

544 1832 689 1895 αὐτόν
721 1845 829 1910 μεθ’
861 1842 1052 1895 ἑαυτῶν
1096 1842 1308 1915 ἐπῆραν,
1338 1838 1405 1894 ὧν
1435 1845 1524 1898 τὴν
1577 1841 1684 1894 θέαν
1728 1840 2000 1908 ύπενέγκαι
2046 1837 2131 1890 ούκ
2167 1834 2384 1894 ἠδυνήθη
2413 1832 2437 1888 ό
2465 1831 2637 1888 ἐνθάδε
2659 1834 2932 1901 ἀπομείνας
2958 1840 3100 1890 παῖς.

1059 1934 1217 2004 391
1250 1941 1477 1988 KEeAA.
1508 1933 1595 1987 1Δ’.

540 2026 657 2099 Περὶ
684 2032 773 2085 τῆς
796 2025 1100 2085 τελειώσεως
1132 2025 1325 2108 rem;
1355 2027 1664 2109 μοναστρίας
1704 2023 1949 2096 θυγατρός
1989 2029 2123 2092 Συμ-

1088 2116 1268 2165 μαχου
1300 2116 1566 2169 πατρικιου
1578 2135 1591 2147 .

613 2202 726 2257 Ἐπί
746 2203 942 2263 τούτοις
968 2203 1082 2258 ούδέ
1105 2211 1258 2260 τοῦτο
1281 2206 1737 2277 παρασιωπηθῆναι
1759 2204 1943 2260 δίκαιον
1968 2203 1995 2241 δ
2026 2207 2127 2277 κρί-

541 2314 632 2357 νω,
664 2289 786 2368 ὅπερ
815 2316 902 2363 μοι
922 2294 1199 2368 πρόσωπον
1228 2295 1466 2364 μέγιστον
1499 2297 1578 2347 καί
1606 2295 1786 2349 πιστόν
1810 2302 1871 2364 τῇ
1900 2292 2124 2366 διηγήσει

544 2384 828 2454 ἐγνώρισεν.
858 2378 1031 2454 Ἔλεγε
1059 2386 1157 2456 γάρ
1175 2424 1189 2446 ,
1223 2381 1300 2437 ὅτι
1348 2385 1397 2435 ἐν
1423 2390 1525 2442 τοῖς
1551 2390 1649 2437 τῶν
1680 2384 1878 2436 Γότθων
1907 2392 2121 2455 καιροῖς,

540 2469 709 2524 ]’άλλα
727 2476 809 2529 τίς
833 2471 1161 2541 εὐγενεστάτη
1188 2472 1308 2547 κόρη
1333 2471 1527 2531 ταύτης
1549 2480 1638 2531 τῆς
1658 2472 1873 2536 πόλεως,
1905 2473 2124 2549 θυγάτηρ

545 2559 863 2634 ύπάρχουσα
893 2563 1177 2632 Συμμάχου
1204 2570 1290 2617 τοῦ
1321 2562 1526 2616 ὑπάτου
1551 2565 1633 2616 καί
1654 2566 1946 2636 πατρικίου,
1978 2564 2026 2615 ἐν
2056 2571 2125 2635 τῷ

541 2656 632 2708 τῆς
652 2652 885 2710 νεότητος
909 2652 1066 2710 αὐτῆς
1098 2652 1289 2725 χρόνῳ,
1322 2650 1464 2724 ἀνδρί
1493 2661 1514 2688 ο
1545 2649 1912 2724 παραδοθεῖσα,
1936 2651 2023 2704 ἕνα
2044 2654 2123 2703 καὶ

541 2740 686 2809 μόνον
709 2742 933 2797 ἐνιαυτόν
964 2748 1274 2809 συζήσασα,
1319 2746 1498 2800 τούτου
1538 2746 1937 2804 τελευτήσαντος
1982 2750 2125 2818 χήρα

538 2829 726 2900 γέγονε.
756 2831 953 2887 Ταύτην
985 2830 1037 2885 δὲ
1061 2833 1091 2889 ἡ
1120 2834 1253 2902 ἀκμὴ
1294 2842 1383 2892 τῆς
1423 2833 1673 2896 νεότητος,
1719 2837 1800 2886 καὶ
1826 2836 1854 2890 ἠ
1883 2840 1973 2887 τοῦ
2004 2836 2123 2886 κόσ-

538 2937 637 2984 μου
669 2919 932 2988 ἐπιθυμία,
964 2923 1045 2972 καί
1069 2927 1161 2975 τοῦ
1191 2922 1409 2975 πλούτου
1432 2923 1461 2977 ἡ
1490 2918 1514 2954 ί¹
1542 2922 1727 2984 ἀπάτη,
1768 2924 1896 2996 πρὸς
1928 2922 1983 2976 τό
2010 2920 2124 2974 δευ-

537 3007 705 3079 τέροις
727 3009 1099 3083 προσομιλῆσαι
1126 3011 1304 3080 γάμοις
1341 3010 1631 3073 ἐξεκαλεῖτο.
1665 3011 1807 3065 Ἀ)λά
1840 3011 1969 3068 αὕτη
1997 3012 2121 3080 μάλ-

538 3095 619 3148 λον
662 3096 906 3161 ἐξελέξατο
944 3107 1298 3165 πνευματικοῖς
1325 3098 1509 3169 γάμοις
1532 3107 1602 3168 τῷ
1641 3107 1749 3168 Θεῷ
1794 3101 2117 3171 συναφθῆναι,

539 3184 715 3244 οἵτινες
743 3186 844 3239 ἀπὸ
872 3189 1075 3246 πένθους
1119 3184 1374 3259 ἄρχονται
1399 3230 1413 3251 ,
1465 3192 1546 3241 καί
1588 3193 1657 3249 εἰς
1706 3192 1880 3263 χαράν
1932 3193 2123 3243 αἰώνιον

2709 1929 2867 1999 392
2909 1927 3135 1984 CAPUT
3186 1927 3322 1983 xm.

2529 2060 2607 2113 De
2646 2060 2864 2115 transitu
2895 2069 2920 2107 ε
2960 2058 3124 2114 Galla:
3161 2060 3365 2114 ancilla:
3403 2060 3518 2114 Dei.

2304 2195 2507 2249 Interea
2539 2208 2712 2263 neque
2761 2193 2862 2246 hoc
2893 2192 3159 2247 silendum
3186 2193 3414 2246 arbitror
3444 2189 3471 2228 ιι
3510 2191 3648 2260 quod
3678 2192 3820 2247 mibi

2231 2301 2576 2357 personarum
2627 2285 2866 2354 gravium
2919 2292 3079 2353 atque
3133 2283 3364 2337 ﬁdelium
3416 2292 3501 2337 est
3554 2283 3824 2337 relatione

2229 2384 2577 2444 compertum.
2605 2374 2899 2428 Gothorum
2924 2387 3152 2436 namque
3181 2372 3515 2439 temporibus
3539 2370 3687 2426 Galla
3725 2372 3825 2425 ltu-

2226 2467 2312 2543 jus
2341 2466 2485 2520 urbis
2530 2465 2858 2519 nobilissima
2909 2465 3081 2533 puella
3138 2463 3445 2533 Symmachi
3476 2464 3711 2518 consulis
3756 2477 3825 2518 ac

2231 2558 2432 2626 patricii
2463 2555 2587 2619 ﬁlia,
2622 2555 2760 2608 intra
2788 2554 3162 2608 adolescentia:
3194 2562 3431 2621 tempora
3466 2554 3661 2607 marito
3696 2564 3822 2607 tra-

2229 2651 2361 2713 dita,
2417 2648 2468 2701 in
2515 2647 2668 2700 unius
2700 2646 2823 2698 anni
2880 2643 3051 2713 spatio
3101 2644 3217 2714 ejus
3248 2655 3328 2698 est
3361 2658 3531 2698 morze
3578 2645 3832 2699 viduata.

2228 2739 2395 2806 Quam
2420 2738 2566 2803 dum,
2593 2736 2833 2791 fervente
2858 2735 3039 2789 mundi
3070 2736 3243 2803 e0pia,
3277 2736 3340 2789 ad
3368 2734 3668 2789 iterandum
3705 2736 3835 2787 tha-

2231 2831 2426 2882 lamum
2483 2838 2535 2881 et
2586 2843 2714 2892 epes
2766 2836 2818 2881 et
2848 2821 2978 2880 aetas
3004 2834 3280 2891 vorarent,
3315 2826 3475 2895 elegit
3504 2826 3678 2894 magis
3710 2825 3836 2894 spi-

2228 2918 2468 2974 ritalibus
2497 2916 2694 2986 nuptiis
2724 2916 2959 2984 cupulari
2994 2915 3125 2979 Deo,
3157 2916 3207 2968 in
3241 2916 3433 2982 quibus
3462 2929 3490 2967 a
3521 2915 3672 2968 luctu
3695 2913 3848 2968 inci-

2230 3012 2389 3078 pitur,
2415 3011 2507 3065 sed
2536 3010 2599 3063 ad
2630 3008 2819 3078 gaudia
2850 3020 3046 3061 aeterna
3082 3008 3409 3074 pervenitur,
3445 3022 3603 3075 quam
3623 3020 3825 3059 carna~

2228 3102 2363 3156 libus
2394 3101 2589 3169 nuptiis
2619 3099 2830 3167 subjici,
2855 3113 2975 3167 qua:
2999 3113 3027 3150 a
3066 3097 3245 3151 laetitia
3279 3112 3489 3166 semper
3522 3097 3823 3165 incipiunt,

2226 3205 2278 3249 et
2309 3194 2373 3246 ad
2405 3194 2563 3248 ﬁnem
2606 3206 2724 3246 cum
2785 3191 2927 3244 luctu
2986 3189 3233 3243 tendunt.
3297 3188 3429 3242 lluic
3474 3199 3649 3242 autem
3696 3204 3840 3241 cum

538 3272 922 3345 καταλήγουσιν,
947 3274 1074 3345 ἥπερ
1099 3286 1353 3349 σαρκικοῖς
1381 3281 1556 3351 γάμοις
1584 3279 1920 3354 ὑποταγῆναι,
1946 3282 2122 3340 οἵτινες

551 3362 562 3377 ἱ
622 3362 634 3377 \
702 3364 714 3379 ἱ
864 3366 874 3381 1
1002 3362 1029 3381 η
1330 3370 1342 3381 ι
1408 3367 1429 3381 ἢ
1446 3373 1452 3381 ι
1524 3366 1548 3375 *ν
1627 3372 1654 3381 η
1860 3375 1868 3381 ι
1963 3374 1972 3381 ι
2010 3371 2023 3381 ο

2233 3284 2381 3339 valde
2412 3285 2564 3352 ignea
2611 3279 2922 3349 conspersit)
2970 3280 3211 3347 Corporis
3268 3279 3485 3339 inesset,
3540 3289 3841 3345 coeperunt

2178 3358 2198 3381 -Ι

539 3362 641 3415 ἀπὸ
668 3364 967 3436 εὐφροσύνης
996 3362 1285 3438 ἄρχονται,
1322 3370 1371 3420 ἐν
1404 3367 1454 3421 δέ
1485 3366 1556 3437 τῷ
1584 3372 1712 3423 τέλει
1746 3375 1875 3441 μετά
1911 3371 2122 3433 πένθους

538 3453 860 3522 πορεύονται.
910 3453 1098 3524 Σφόδρα
1146 3455 1199 3508 δέ
1229 3460 1384 3516 αὐτῆς
1426 3454 1613 3530 θερμῆς
1659 3462 2014 3535 ὑπαρχούσης
2062 3472 2122 3536 τῇ

538 3550 826 3613 κατασκευῇ
854 3549 940 3594 τοῦ
971 3545 1226 3613 σώματος,
1256 3545 1471 3619 ἤρξαντο
1501 3546 1545 3598 οί
1574 3549 1735 3621 ἰατροί
1762 3552 1946 3621 λέγειν,
1977 3551 2051 3606 ὅτι
2081 3556 2123 3606 εί

539 3633 609 3694 μή
643 3631 712 3687 εἰς
743 3630 1043 3700 συμπλοκήν
1086 3629 1261 3704 ἀνδρὸς
1306 3634 1625 3707 ἐπιστρέψει,
1685 3644 1745 3709 τῇ
1803 3637 2121 3713 σφοδροτάτῃ

539 3722 696 3791 θέρμῃ
726 3728 816 3779 τῆς
861 3721 1058 3790 φύσεως
1096 3722 1257 3792 γένεια
1302 3724 1462 3793 μέλλει
1508 3726 1743 3801 ἐκφέρειν.
1777 3726 1938 3803 ’⁷Οπερ
1978 3733 2125 3801 μετέ-

539 3830 692 3865 πειτα
721 3813 805 3864 καί
831 3812 1048 3882 γέγονεν.
1098 3814 1218 3867 Ἀλλ’
1267 3816 1297 3871 ἡ
1340 3815 1461 3886 ἁγία
1501 3817 1655 3876 ἐκείνη
1692 3824 1814 3890 γυνή
1860 3819 1995 3875 οὐδὲν
2035 3831 2125 3882 τῆς

543 3900 724 3964 ἔξωθεν
755 3905 1125 3975 ἀσχημοσύνης
1165 3907 1444 3982 ἐφρόντισεν
1465 3950 1477 3969 ,
1508 3912 1618 3970 ἥτις
1647 3909 1785 3966 ἔνδον
1825 3914 2036 3983 νυμφίου
2066 3916 2124 3970 τὸ

544 3992 720 4053 κάλλος
748 3996 1027 4067 ἠγάπησεν.
1062 3996 1184 4052 Ούδέ
1214 4001 1270 4053 τὸ
1301 4000 1350 4051 ἐν
1379 4001 1505 4073 αὐτῇ
1552 4002 1763 4061 ἀκαλλὲς
1800 4004 2121 4076 ἠρυθρίασεν,

543 4083 667 4137 ἀλλά
694 4085 881 4153 μᾶλλον
911 4086 1070 4140 ἐκεῖνο
1096 4086 1279 4162 ᾐδέσθη
1302 4093 1358 4145 τὸ
1386 4095 1525 4167 παρά
1546 4098 1635 4146 τοῦ
1664 4094 1892 4165 οὐρανίου
1917 4097 2125 4164 νυμφίου

542 4178 611 4243 μὴ
648 4175 1001 4245 ἀγαπώμεν>ν.
1042 4183 1266 4253 Παρευθύ
1311 4179 1402 4237 οὖν
1440 4190 1529 4237 τοῦ
1550 4184 1847 4242 τελευτῆσαι
1875 4188 1960 4240 τόν
1996 4188 2125 4241 ταύ-

543 4284 635 4323 της
664 4266 907 4337 σύζυγον,
964 4269 1295 4327 ἀποϐαλοῦσα
1321 4276 1377 4328 τό
1419 4274 1657 4346 κοσμικόν
1703 4285 1911 4346 σχῆμα,
1945 4280 2015 4336 ε’ς
2041 4284 2129 4337 την

544 4360 635 4408 τοῦ
669 4356 1055 4429 παντοδννάμου
1095 4358 1221 4416 Θεοῦ
1263 4363 1485 4419 δουλείαν
1539 4366 1719 4424 ἑαυτήν
1746 4365 2006 4424 ἐκδέδωκεν
2032 4409 2046 4431 ,
2079 4372 2129 4422 ἐν

544 4452 616 4512 τῷ
644 4450 966 4520 μοναστηρίῳ
993 4457 1065 4522 τῷ
1095 4447 1196 4505 ὄντι
1225 4456 1369 4524 παρά
1410 4460 1500 4512 τὴν
1531 4461 1621 4509 τοῦ
1663 4461 1910 4531 μακαρίου
1942 4460 2127 4531 Πέτρου

545 4540 630 4587 τοῦ
662 4535 944 4590 ἀποστόλου
976 4539 1257 4596 ἐκκλησίαν.
1297 4542 1482 4595 Ἐκεῐσε
1514 4540 1600 4596 οὖν
1637 4544 1717 4598 ἐπὶ
1750 4546 1957 4604 πολλούς
2002 4548 2131 4621 χρό-

543 4649 659 4690 νους
690 4630 737 4683 ἐν
765 4633 951 4704 ἀκακία
981 4633 1190 4703 καρδίας
1227 4639 1303 4689 καΞ
1351 4637 1569 4707 ἑπιμόνῳ
1601 4647 1875 4712 προσευχῇ
1896 4637 2125 4710 διήρκεσε

541 4719 801 4780 πλουσίως
844 4730 952 4780 τοῖς
1000 4721 1249 4791 δεομένοις
1293 4730 1383 4784 την
1425 4725 1757 4797 ἐλεημοσύνην
1786 4731 2122 4803 παρέχουσα.

539 4806 657 4861 Ὀτε
702 4806 757 4862 δὲ
784 4809 952 4864 λοιπὸν
986 4814 1072 4865 τόν
1100 4815 1296 4867 αἰώνιον
1322 4816 1498 4883 μισθόν
1540 4815 1564 4869 6
1602 4815 1978 4889 παντοδύναμος
2006 4820 2126 4879 Θεὸς

540 4904 651 4957 τοῖς
692 4899 883 4958 ταύτης
925 4902 1169 4972 καμάτοις
1211 4906 1583 4973 παρασχέσθαι
1613 4907 1799 4979 ὥρισε,
1838 4909 1860 4935 ι’
1892 4913 2126 4983 καρκίνιυ

542 4986 733 5056 ἐπλήγη
764 4989 904 5059 θηλῇ.
938 4989 1017 5044 Ἐν
1040 4990 1094 5045 δέ
1114 5000 1176 5065 τῇ
1205 5004 1466 5068 νυκτερινῇ
1498 4998 1698 5069 ἡσυχία
1728 4996 2014 5070 ἔμπροσθεν
2038 5010 2128 5061 τῆς

541 5081 702 5141 κλίνης
731 5083 891 5142 αὐτῆς
939 5083 1030 5137 διο
1075 5086 1283 5153 λυχνίαι
1336 5088 1519 5157 φαίνειν
1565 5089 1796 5159 ἦρξαντο.
1826 5100 1875 5142 ‘ll
1900 5093 2000 5165 γάρ
2042 5099 2127 5145 τοῦ

540 5177 704 5242 φωτὸς
725 5178 1001 5249 προσφιλής
1029 5179 1085 5230 ού
1108 5179 1258 5249 μόνον
1289 5181 1345 5232 τό
1385 5181 1552 5236 νοητόν
1585 5178 1782 5243 σκότος,
1819 5182 1936 5237 ἀλλά
1965 5188 2049 5237 καὶ
2077 5187 2128 5237 τό

617 5308 641 5373 ξι
821 5302 877 5351 τὸ
903 5300 1086 5373 ὅραμα.

616 5367 641 5404 ι’
672 5370 796 5442 lils.,
823 5367 1056 5442 ἡγούμαι.

619 5447 641 5515 °_
670 5439 790 5515 ﬁl»,
822 5439 1146 5515 ἁρμοσθεῖσα.

618 5508 642 5544 ά
673 5513 766 5582 MS.
780 5551 793 5574 ,
825 5508 1013 5582 ἀγάπη.

622 5581 797 5658 ξω»,
829 5581 1063 5658 καρκίνον
1096 5585 1257 5656 πληγή
1288 5586 1331 5637 ἐν
1363 5594 1435 5657 τῷ
1452 5589 1641 5645 ταύτης
1663 5585 1840 5656 μάσθω
1858 5586 2117 5658 ἐκρούσθη.

555 5655 600 5705 ἐν
622 5649 697 5707 δέ.
891 5649 901 5658 ’
1201 5649 1213 5656 ’
1408 5649 1417 5657 ’
1663 5649 1671 5656 ’
1913 5649 1921 5656 ’
2052 5655 2060 5661 ’

626 5721 653 5789 ί
692 5722 879 5784 Aliter,
912 5721 1013 5788 Qui
1040 5724 1322 5789 splendoris
1353 5742 1526 5780 eorum
1568 5727 1695 5779 (lar.

630 5786 653 5822 ⁸
683 5792 814 5861 Ejus
856 5786 1157 5848 cncomiqu
1204 5797 1400 5867 lrgeiu
1430 5798 1771 5867 Martyrolog.
1828 5796 2005 5861 llom.,
2056 5794 2122 5848 ad

2232 3367 2421 3425 medici
2453 3368 2651 3435 dicere,
2687 3368 2807 3435 quia
2838 3364 2940 3421 nisi
2978 3367 3042 3420 ad
3076 3363 3351 3435 amplexus
3385 3363 3558 3419 viriles
3590 3365 3841 3433 rediret,

2223 3467 2399 3519 calore
2430 3464 2594 3516 nimio
2624 3471 2807 3514 contra
2838 3467 3079 3513 naturam
3126 3458 3323 3513 barbas
3351 3466 3495 3511 esset
3546 3456 3847 3523 habitura,

2224 3557 2369 3626 quod
2398 3555 2467 3609 ita
2492 3569 2701 3624 quoque
2732 3562 2851 3622 post
2891 3550 3090 3605 factum
3133 3560 3234 3605 est.
3281 3549 3383 3605 Sed
3417 3559 3598 3603 sancta
3633 3552 3855 3605 mulier

2226 3645 2354 3701 nihil
2380 3645 2657 3700 exterioris
2699 3642 3057 3699 deformitatis
3116 3640 3312 3705 timuit,
3366 3657 3482 3710 quae
3536 3641 3850 3695 interioris

2227 3738 2407 3807 Sponsi
2448 3734 2682 3806 speciem
2712 3734 2931 3797 amavit,
2964 3747 3063 3787 nec
3094 3733 3261 3786 verita
3314 3742 3391 3786 est
3422 3736 3465 3784 si
3496 3731 3596 3785 hoc
3649 3732 3706 3785 in
3750 3734 3857 3786 illa

2228 3829 2534 3892 fcetlaretur,
2570 3826 2709 3896 quod
2736 3842 2765 3880 a
2795 3827 3003 3880 ctelesti
3034 3840 3232 3895 sponso
3262 3827 3315 3879 in
3348 3840 3409 3880 ea
3455 3840 3559 3879 non
3609 3839 3862 3881 amare-

2229 3930 2329 3975 tur.
2360 3920 2481 3974 lllox
2506 3934 2631 3986 ergo
2663 3926 2719 3972 ut
2757 3917 2874 3988 ejus
2915 3919 3140 3973 maritus
3170 3917 3450 3974 defunctus
3475 3926 3580 3981 est,
3612 3919 3866 3988 abjocto

2229 4009 2469 4064 saeculari
2527 4008 2853 4072 habitu,<ad
2913 4007 3296 4075 omnipotentis
3326 4006 3420 4061 Dei
3471 4006 3483 4043 ί
3542 4010 3867 4063 servitium

2228 4114 2348 4155 sese
2377 4099 2516 4169 apud
2545 4098 2684 4153 beati
2710 4098 2854 4152 Petri
2884 4098 3108 4166 apostoli
3163 4098 3445 4152 ecclesiam
3495 4104 3873 4154 monasterio

2232 4190 2467 4255 tradidit,
2496 4190 2675 4258 ibique
2702 4189 2881 4243 multis
2908 4190 3064 4242 annis
3095 4189 3423 4257 simplicitati
3454 4190 3643 4243 cordis
3668 4202 3877 4261 atque

2231 4280 2455 4335 orationi
2481 4279 2683 4347 dedita,
2741 4280 2888 4349 larga
2946 4279 3310 4349 indigentibus
3357 4281 3879 4352 eleemosynarum

2232 4386 2392 4441 Opera
2426 4370 2706 4441 impendit.
2754 4371 2998 4440 Cumque
3048 4374 3387 4440 omnipotens
3448 4373 3590 4427 Deus
3626 4391 3871 4442 peren—

2234 4480 2353 4517 nem
2381 4465 2489 4532 jam
2526 4464 2826 4519 mercedem
2858 4463 3084 4519 reddere
3107 4464 3224 4533 ejus
3255 4464 3525 4519 laboribus
3549 4466 3884 4524 decrevis-

2236 4567 2337 4621 set,
2366 4556 2545 4610 cancri
2574 4556 2749 4610 ulcere
2777 4555 2828 4608 in
2864 4556 3097 4609 mamilla
3132 4570 3382 4623 percussa
3414 4568 3514 4610 est.
3546 4557 3886 4615 Nocturno

2237 4657 2409 4700 autem
2443 4656 2683 4715 tempore
2710 4659 2833 4702 autc
2863 4648 3057 4702 lectum
3100 4646 3218 4717 ejus
3246 4649 3350 4703 duo
3380 4649 3730 4705 candelabra
3775 4655 3885 4707 Iu-

2234 4755 2355 4795 ccre
2379 4752 2787 4804 consueverant,
2813 4742 2936 4808 quia
2988 4741 3235 4796 videlicet
3275 4744 3441 4797 amica
3502 4744 3671 4810 lucis,
3742 4762 3890 4803 non

2232 4829 2401 4882 solum
2434 4830 2719 4897 spiritales,
2759 4830 2853 4884 sed
2896 4832 3055 4884 etiam
3085 4833 3394 4898 corporales
3426 4835 3693 4889 tenebras
3722 4838 3895 4893 odio

2236 4919 2482 4973 habebat.
2524 4920 2651 4987 Qua:
2686 4921 2810 4972 dom
2843 4933 3001 4975 nocte
3047 4922 3271 4989 quadam
3302 4938 3368 4976 ex
3401 4926 3497 4977 hac
3526 4926 3745 4980 eadem
3784 4929 3899 4996 ja-

2232 5018 2371 5062 cerel
2407 5009 2713 5063 inﬁrmitate
2738 5009 2976 5077 fatigata,
3008 5010 3139 5063 vidit
3169 5011 3381 5065 beatum
3424 5011 3654 5067 Petrum
3707 5033 3900 5084 apo-

2235 5099 2429 5151 stolum
2463 5099 2601 5153 inter
2630 5112 2851 5171 utraque
2895 5102 3212 5156 candelabra
3260 5117 3385 5159 ante
3414 5121 3571 5160 suum
3634 5108 3903 5169 lectum

2237 5191 2652 5253 ronsistentcm;
2690 5211 2787 5246 nec
2833 5194 3108 5261 perterrita
3163 5196 3355 5261 timuit,
3387 5197 3479 5259 sed
3519 5213 3589 5253 ex
3649 5216 3907 5261 amore

2241 5308 2442 5383 diem_5
2474 5310 2738 5365 Octobris.
2773 5310 2971 5383 Eadem
3000 5325 3125 5383 esse
3146 5312 3379 5364 creditur
3402 5314 3467 5366 ad
3496 5329 3674 5383 quam
3731 5334 3909 5373 sau-

2238 5390 2353 5449 ctus
2385 5381 2691 5449 Fulgentius
2719 5382 2951 5447 scripsit.
2989 5381 3061 5432 De
3082 5380 3267 5435 viduis.

2233 5520 2265 5570 α
2300 5447 2335 5570 [1f
2378 5447 2585 5505 Primus
2615 5450 2852 5517 Carnot.,
2876 5453 3012 5519 quod
3034 5452 3157 5503 mihi
3200 5468 3529 5519 personarum
3556 5456 3796 5512 civium
3837 5464 3917 5529 fio

2269 5536 2295 5571 e
2317 5536 2442 5573 tum.

2340 5539 2442 5573 ιιιιι.

2318 5588 2332 5626 ί
2380 5594 2559 5654 Becc.,
2592 5592 2882 5658 obsequium
2904 5592 2965 5663 in
2998 5591 3226 5644 Ecclesia
3257 5592 3387 5644 bruti
3427 5592 3578 5647 Petri
3609 5604 3917 5663 apostoli

2235 5664 2555 5784 :le‘jont'crtit
2576 5680 2593 5728 ,'
2620 5664 2781 5731 ibique
2804 5662 2974 5717 multis
2998 5663 3143 5718 anuis
3170 5663 3390 5732 simplici
3412 5667 3593 5733 corde,
3618 5673 3917 5727 orationi

2274 5749 2297 5785 ι
2338 5743 2425 5786 ita.
