4010 6360
188 331 282 388 3M

1439 318 1881 376 DIALOGORUM
1926 317 2123 374 LIBER
2162 318 2253 373 IV.
2298 354 2301 355 ν

3367 316 3472 373 542

189 459 405 501 sumens
430 441 710 497 audaciam
740 438 1053 504 exsultavit,
1094 439 1250 508 eique
1280 438 1417 494 dixit
1449 456 1463 491 :
1497 439 1634 505 Quid
1666 450 1769 504 est,

1906 440 2118 498 εἰσθητὸν
2147 441 2218 500 εἰς
2241 446 2393 510 μῖσος
2420 434 2578 509 εἶχεν.
2610 436 2691 491 Ἐν
2725 442 2818 507 μιᾷ
2850 435 2901 491 δέ
2930 438 3069 491 νυκτί
3101 438 3388 497 κατάκοπος
3418 439 3472 492 ἐκ

193 539 413 594 Domine
444 536 543 598 tui,
569 534 786 589 dimissa
816 541 941 587 sunt
966 532 1093 585 mihi
1128 541 1343 600 peccata
1374 532 1532 585 mea?
1564 532 1656 585 Cui
1686 531 1775 586 ille

194 625 563 697 benignissimi
608 634 667 678 ut
697 631 782 678 est
809 623 1010 688 vulttts,
1055 622 1312 676 inclinato
1357 624 1531 690 capite
1573 621 1781 685 annuit,

196 700 417 774 dicens:
456 716 683 769 Dimissa
717 731 732 779 ;
762 713 907 768 veni.
958 710 1062 768 Sed
1105 712 1225 781 quia
1256 713 1543 781 quamdam
1592 711 1787 765 sancti-

199 810 486 864 monialem
524 807 773 861 feminam
818 806 870 858 in
916 804 1103 858 eodem
1137 804 1463 858 monasterio
1495 818 1605 872 pra:
1632 811 1788 856 cxte-

200 903 273 955 ris
300 899 577 968 diligebat,
613 897 759 964 illico
790 895 943 949 Galla
973 894 1247 964 sulijunxit
1276 911 1291 951 :
1326 894 1477 964 Rogo
1508 904 1565 949 ut
1586 902 1611 930 α
1636 908 1791 949 soror

204 992 490 1047 Benedicta
521 1005 729 1045 mecum
762 989 958 1042 veniat.
1013 987 1109 1041 Cui
1152 988 1240 1042 ille
1271 987 1551 1056 reapondit
1585 1002 1600 1041 :
1651 987 1789 1053 Non,

202 1084 295 1139 sed
355 1081 445 1137 illa
481 1081 602 1134 talis
633 1079 814 1133 veniat
852 1089 1065 1141 tecum;
1121 1077 1236 1132 bare
1266 1092 1397 1133 vero
1425 1093 1588 1147 quam
1635 1078 1792 1146 petis,

200 1173 289 1226 die
316 1171 422 1225 erit
447 1168 724 1238 trigesimo
754 1178 1027 1222 secutura.
1054 1166 1150 1221 llis
1180 1168 1361 1238 itaque
1385 1167 1634 1236 expletis,
1664 1168 1797 1221 visio

202 1262 428 1330 apostoli
457 1258 761 1314 assistentis
790 1266 845 1313 et
888 1257 1245 1325 colloquentis
1292 1258 1341 1311 ei
1372 1257 1547 1311 ablata
1580 1267 1682 1311 est.
1729 1258 1797 1311 At

204 1353 291 1407 illa
324 1352 571 1420 protinus
604 1356 811 1403 cuncta:
854 1346 1291 1416 congregationis
1319 1346 1512 1400 accivit
1542 1344 1788 1413 lllatrem,

202 1443 363 1512 eique
387 1439 516 1511 quid
544 1438 765 1502 viderit,
788 1437 983 1506 quidve
1006 1437 1263 1501 audierit,
1312 1436 1586 1490 indicavit.
1614 1435 1800 1490 Tertio

202 1543 381 1587 autem
411 1531 503 1585 die
529 1544 652 1584 cum
693 1543 755 1583 ea
785 1542 905 1596 qua:
932 1526 1076 1597 iussa
1123 1526 1296 1581 fuerat
1321 1540 1511 1581 sorore
1551 1524 1798 1579 defuncta

203 1635 317 1689 est;
350 1625 442 1677 illa
472 1637 601 1677 vero
626 1637 785 1691 quam
816 1621 931 1687 ipsa
964 1629 1278 1689 poposcerat
1300 1618 1386 1673 die
1413 1628 1495 1673 est
1519 1619 1798 1687 trigesimo

199 1718 512 1771 subsecuta.
545 1713 696 1780 Quod
723 1714 917 1768 factum
949 1725 1088 1765 nunc
1118 1725 1287 1780 usque
1317 1710 1367 1763 in
1397 1709 1587 1764 eodem
1612 1724 1797 1762 mona-

1888 539 1979 592 τῆς
2007 533 2165 591 αὐτῆς
2187 532 2444 590 ἀσθενείας
2485 530 2681 599 κειμένη
2706 573 2721 595 ,
2758 529 2840 584 τὸν
2884 530 3122 601 μακάριον
3154 530 3340 601 Πέτρον
3388 530 3474 583 τόν

1889 622 2178 676 ἀπόστολον
2209 622 2259 674 ἐν
2283 623 2423 692 μέσῳ
2456 628 2555 675 τῶν
2592 621 2888 691 ἀμφοτέρων
2926 619 3151 689 λυχνιῶν
3194 617 3480 693 ἔμπροσθεν

1888 720 1979 767 τοῦ
2005 714 2268 789 κραϐάτου
2299 715 2457 773 αὐτῆς
2500 713 2703 767 ἑστῶτα
2748 708 3012 765 ἐθεάσατο.
3050 718 3073 746 θ
3116 707 3351 770 Μηδολως
3379 708 3480 765 δει-

1890 803 2121 859 λιάσασα
2146 804 2175 863 ἦ
2199 804 2488 877 φοϐηθεῖσα,
2512 804 2696 875 μᾶλλον
2725 801 2778 857 δέ
2806 803 2859 856 ἐκ
2879 808 2969 855 τοῦ
2998 799 3155 857 πόθου
3184 802 3481 876 παρρησίαν

1891 892 2141 959 λαϐοῦσα,
2173 895 2536 967 ἀγαλλιωμένη,
2562 892 2689 966 πρὸς
2711 891 2865 946 αὐτόν
2894 887 3022 946 εἷπε⁸
3054 893 3115 944 Τί
3156 891 3300 953 ἐστι,
3343 894 3483 965 κύριέ

1896 1006 2013 1058 μου,
2037 1007 2155 1041 συνε
2168 986 2481 1060 χωρὴθησάν
2516 1004 2601 1055 μοι
2626 983 2676 1036 αί
2715 982 2966 1055 ἁμαρτίαι
2992 994 3121 1051 μου;
3152 981 3280 1053 Πρὸς
3310 981 3368 1038 ἢν
3392 984 3485 1035 αὐ-

1896 1080 2005 1143 τός,
2035 1074 2054 1113 ί
2080 1079 2252 1149 ἀγαθῷ
2288 1079 2548 1151 προσώπῳ
2578 1075 2741 1134 καθώς
2768 1076 2851 1128 καί
2878 1069 3135 1149 ὑπάρχει,
3162 1076 3251 1130 τήν
3274 1071 3486 1142 κεφαλήν

1897 1167 2085 1232 κλίνας,
2135 1165 2335 1234 ἔνευσε,
2387 1166 2558 1238 λέγων·
2606 1165 3058 1239 Συνεχωρίιθησαν,
3116 1163 3237 1217 ἐλθέι
3293 1162 3346 1216 ἰι
3396 1159 3487 1218 οὖν

1900 1258 2058 1312 Γάλλα
2087 1259 2367 1332 ἱερωτάτην
2390 1259 2503 1311 τινά
2536 1264 2567 1301 F
2591 1256 2785 1314 θηλείαν
2814 1256 2863 1308 ἐν
2884 1262 2956 1325 τῷ
2982 1256 3122 1323 αὐτῷ
3161 1257 3488 1328 μοναστηρίῳ

1900 1351 2031 1424 ὑπὲρ
2060 1352 2154 1409 τάς
2182 1350 2361 1409 λοιπάς
2389 1350 2668 1423 ἀγαπῶσα,
2710 1350 3019 1420 προσέθετο,
3050 1348 3288 1420 λέγουσα⁶
3320 1357 3487 1422 Παραο

1901 1442 2039 1495 καλῶ
2055 1438 2139 1494 ἵνα
2182 1443 2212 1498 ἡ
2255 1438 2438 1510 ἀδελφή
2468 1438 2726 1494 Βενέδικτα
2754 1440 2863 1509 μετ’
2894 1440 3018 1507 ἐμοῦ
3064 1436 3206 1509 ἔλθη.
3255 1442 3404 1500 Αὐτὸς
3439 1441 3491 1496 δε

1901 1531 2029 1601 πρὸς
2058 1532 2210 1588 αὐτὴν
2238 1530 2504 1606 ἀπεκρίθη,
2534 1530 2707 1602 λέγων·
2735 1531 2892 1601 Οὐχί,
2924 1528 3029 1583 ἀλλ’
3050 1532 3080 1587 ἡ
3111 1528 3273 1596 δεῖνα,
3304 1533 3491 1605 ἀρτ’ως

1903 1618 2025 1692 ἔλθῃ
2055 1622 2185 1689 μετά
2214 1640 2331 1674 σου.
2380 1619 2515 1677 Δύτη
2567 1618 2621 1674 δὲ
2665 1620 2725 1678 ἢν
2776 1622 2964 1684 αἰτεῖς,
3012 1620 3144 1688 μετά
3183 1627 3490 1694 τριακοστήν

1909 1712 2095 1786 ὂμέραν
2133 1710 2456 1767 ἀκολουθήσει
2505 1730 2609 1763 σοι.
2665 1710 2868 1763 Τούτων
2917 1710 3086 1763 τοίνυν
3131 1708 3412 1781 ῥηθέντων,
3462 1713 3492 1770 ἡ

201 1806 375 1862 sterio
402 1813 585 1857 manet
615 1802 775 1873 393
802 1800 1174 1867 memorabile,
1201 1801 1383 1868 sicque
1408 1799 1509 1853 hoc
1536 1813 1563 1850 a
1597 1813 1799 1864 prame-

1908 1800 2091 1876 ὅρασις
2130 1806 2221 1856 τοῦ
2251 1799 2539 1855 ἀποστόλου
2582 1806 2673 1853 τοῦ
2703 1806 3043 1873 παρεστῶτος
3078 1802 3157 1852 καί
3190 1804 3494 1871 συντυγχά-

200 1896 459 1951 dentibus
501 1892 531 1931 ιι
586 1893 846 1947 Matribus
896 1890 1148 1945 traditum
1200 1903 1420 1943 narrare
1475 1887 1584 1942 illic
1625 1888 1799 1943 solent

201 1987 473 2042 subtiliter
524 1986 766 2053 iuniores
818 2000 939 2054 qua:
995 1997 1136 2040 nunc
1190 1993 1315 2037 sunt
1362 1982 1799 2038 sanctimoniales

201 2080 461 2150 virgines,
490 2094 553 2133 ac
574 2080 618 2133 si
644 2078 737 2132 illo
761 2078 813 2133 in
847 2087 1088 2147 tempore
1111 2077 1236 2131 huic
1265 2085 1371 2130 tam
1401 2075 1592 2147 grandi
1625 2074 1794 2128 mira-

196 2173 324 2225 culo
348 2180 402 2225 ct
431 2170 567 2239 ipsa:
589 2169 910 2224 adfuissent.

1903 1910 2072 1950 νοντος
2127 1891 2255 1965 αὐτῇ
2301 1888 2451 1964 ἤρθη.
2480 1886 2671 1945 Ἐκείνη
2720 1887 2774 1943 δέ
2817 1890 2992 1950 εὐθέως
3036 1894 3127 1947 τὴν
3179 1890 3373 1965 μητέρα
3402 1899 3495 1950 τῆς

1903 1984 2140 2041 συνοδίας
2176 1979 2632 2055 προσκαλεσαμένη
2673 1979 2875 2035 ἅπαντα
2904 1982 3031 2055 αὐτῇ
3073 1979 3205 2057 ἅπερ
3252 1982 3495 2037 ἐθεάσατο

1904 2077 1986 2128 καί
2007 2075 2219 2130 ἀκήκοεν
2248 2074 2485 2143 ἐμήνυσε.
2517 2079 2588 2143 Τῇ
2613 2069 2667 2125 δέ
2692 2074 2840 2146 τρίτῃ
2871 2072 3035 2146 ἡμέρᾳ
3072 2071 3180 2140 ἅμα
3218 2081 3280 2145 τῇ
3311 2071 3494 2144 ἀδελφῇ

1907 2162 1934 2201 ¹³
2020 2162 2284 2221 ἐκελεύσθη
2314 2163 2443 2236 πρὸς
2468 2162 2637 2236 κύριον
2667 2160 2989 2234 ἐξεδήμησεν.
3036 2166 3205 2220 Ι·ῖγείνη
3244 2161 3295 2216 δὲ
3334 2165 3496 2236 ἥνπερ

196 2266 329 2324 αὐτὸ
358 2268 608 2337 ᾐτήσατο,
638 2270 701 2336 τῇ
720 2268 1003 2335 τριακοστῇ
1039 2256 1053 2295 ί
1084 2260 1247 2333 ἡμέρᾳ
1272 2261 1331 2314 τό
1368 2264 1461 2313 τοῦ
1502 2258 1616 2328 βίου
1661 2257 1801 2315 τέλος
1840 2253 2060 2319 ἐδέξατο.
2091 2261 2252 2308 Τοῦτο
2291 2251 2346 2308 δέ
2392 2253 2443 2310 ἐν
2487 2262 2560 2327 τῷ
2591 2255 2726 2323 αὐτῷ
2767 2254 3087 2327 μοναστηρίῳ
3127 2255 3364 2328 πραχθὲν
3407 2256 3499 2327 μέ-

197 2379 302 2433 χρι
339 2362 432 2413 τοῦ
460 2362 549 2409 νῦν
785 2352 1213 2423 μνημονευόμενον
1242 2349 1478 2419 διαμένει.
1511 2350 1648 2424 Παρά
1684 2348 1782 2421 γὰρ
1820 2354 1918 2401 τῶν
1940 2341 2357 2418 προοδευκουσῶν
2386 2342 2511 2412 (sic)
2545 2344 2772 2416 μητέρων
2800 2344 2964 2397 ἐκεῖσε
2995 2342 3302 2418 παραδοθένν
3331 2343 3496 2406 οὕτως

197 2454 291 2505 ἐπὶ
332 2451 524 2504 λεπτοῦ
568 2446 855 2519 διηγοῦνται
904 2445 1356 2499 αὐτόθιοοίκοῦσαι
1399 2441 1615 2501 νεάνιδες
1673 2444 1803 2515 ἱεραί
1840 2440 2079 2513 παρθένοι
2120 2438 2498 2511 ὑπάρχουσαι,
2547 2437 2615 2495 ὡς
2656 2432 2739 2489 ὅτι
2778 2434 2827 2486 ἐν
2865 2436 3034 2504 ἐκείνῳ
3072 2442 3145 2508 τῷ
3173 2444 3334 2510 καιρῶ
3361 2454 3498 2514 παρ-

194 2546 355 2599 οῦσαι
382 2542 441 2595 τό
468 2546 663 2595 τοιοῦτο
692 2539 929 2610 μέγιστον
969 2537 1141 2605 θαῦμα
1173 2534 1467 2588 ἐθεάσαντο.

804 2626 1031 2683 CAPUT
1056 2626 1195 2680 XIV.

574 2722 649 2777 De
677 2722 899 2776 transitu
926 2720 1131 2777 Servuli
1154 2718 1447 2790 paralytici.

276 2814 387 2871 Sed
417 2814 561 2868 inter
587 2813 700 2868 inec
746 2813 1024 2868 sciendum
1071 2821 1154 2866 est
1182 2810 1306 2879 quia
1340 2824 1486 2877 stupe
1516 2805 1797 2861 animabus

194 2902 528 2957 exeuntibus
548 2901 863 2966 electorum,
885 2910 912 2939 α
934 2900 1165 2954 dulcedo
1193 2898 1331 2954 solet
1356 2897 1529 2952 laudis
1560 2896 1799 2951 coalestis

193 3008 513 3062 erumpere,
546 3000 604 3045 ut
635 2991 763 3046 dttm
785 2992 930 3051 illam
957 2992 1185 3045 libenter
1211 2989 1455 3055 audiunt,
1489 2986 1767 3043 dissolutio
1781 3020 1797 3028 --

194 3099 325 3139 nem
366 3083 546 3137 carnis
573 3082 641 3137 ab
664 3082 841 3136 anima
890 3082 1095 3137 sentire
1144 3080 1365 3133 minime
1395 3079 1798 3149 permittantur.

194 3178 425 3235 Undeiu
447 3176 699 3231 llomiliis
728 3190 939 3245 quoque
972 3175 1242 3243 Evangelii
1281 3173 1390 3241 jam
1418 3186 1671 3226 narrasse
1708 3185 1792 3224 me

194 3269 424 3324 memini
458 3269 684 3340 (Homil.
712 3268 802 3337 15)
830 3269 971 3338 quod
997 3270 1047 3321 in
1078 3284 1138 3320 ca
1182 3266 1388 3336 porticu
1411 3282 1527 3335 qua:
1550 3265 1800 3320 euntibus

193 3365 267 3418 ad
296 3363 590 3418 ecclesiam
623 3362 764 3417 beati
795 3361 1089 3415 Clementis
1137 3367 1220 3414 est
1250 3358 1431 3428 pervia
1456 3398 1472 3424 ,
1534 3357 1630 3411 fuit
1678 3358 1799 3426 qui-

2523 2622 2736 2672 ΚΕΦΔΛ.
2781 2623 2840 2670 ιε
2857 2653 2870 2667 .

2055 2712 2171 2783 Περὶ
2198 2716 2290 2769 τῆς
2317 2707 2629 2767 τελειώσεως
2658 2706 2938 2779 Σερϐούλου
2968 2706 3334 2779 παραλυτικοῦ.

1980 2802 2067 2853 Καὶ
2104 2805 2257 2855 τοῦτο
2304 2796 2358 2853 δὲ
2401 2803 2649 2872 γνώριμον
2676 2806 2890 2856 ποιῆσαι
2935 2798 3203 2871 ἀναγκαῖον
3240 2798 3499 2874 ὑπάρχει,

1909 2887 1990 2943 ὄτι
2012 2889 2245 2950 πολλάκις
2278 2896 2379 2943 τῶν
2404 2888 2595 2959 ψυχῶν
2623 2899 2727 2943 τῶν
2751 2887 2990 2943 ἐκλεκτῶν
3018 2889 3359 2959 ἐξερχομένων
3387 2891 3401 2938 l
3449 2892 3505 2945 ἐκ

1904 2984 1995 3035 τοῦ
2026 2983 2285 3043 σώματος,
2315 2975 2451 3039 αἶνος
2502 2980 2551 3031 ἐν
2592 2986 2705 3038 τοῖς
2728 2979 2961 3051 οὐρανοῖς
2987 2979 3310 3045 ἐπιτελεῖται,
3338 2980 3425 3033 ἵνα
3452 2982 3504 3034 ἐν

1910 3069 2019 3141 ὅσῳ
2068 3075 2250 3127 τούτου
2297 3070 2451 3132 ἡδέως
2499 3071 2553 3125 αἱ
2592 3070 2768 3139 ψυχαί
2808 3072 3168 3141 ἐπακροῶνται,
3198 3076 3286 3128 τὴν
3312 3072 3365 3124 ἐκ
3408 3082 3497 3132 τῆς

1908 3165 2094 3238 σαρκιὶς
2129 3160 2360 3217 διάλυσιν
2387 3166 2457 3231 μή
2498 3157 2778 3214 αἴσθωνται
2827 3166 2937 3218 πῶς
2965 3160 3321 3228 ὑπομένουσιν.
3353 3158 3499 3216 ’Ὅθεν

1903 3254 2022 3326 περὶ
2064 3252 2252 3305 τούτου
2300 3252 2381 3303 καὶ
2418 3252 2468 3303 ἐν
2496 3256 2616 3309 ταῖς
2645 3249 2856 3314 ὁμιλίαις
2891 3256 2981 3303 τοῦ
3012 3251 3296 3321 εὑαῃελίου
3324 3251 3499 3325 διηγή-

1904 3352 2098 3405 σασθαι
2128 3352 2403 3421 μέμνημαι.
2431 3347 2507 3403 Ἐν
2532 3350 2633 3423 γάρ
2656 3355 2728 3415 τῷ
2758 3345 2781 3383 ¹ί
2810 3347 3001 3417 ἐμϐόλῳ
3046 3357 3118 3417 τῷ
3149 3351 3495 3424 ἀπερχομένῳ

192 3457 350 3521 dam,
381 3452 409 3493 δ
442 3454 704 3511 Servulus
730 3453 964 3518 nomine,
996 3452 1149 3522 eujus
1180 3462 1232 3508 te
1263 3466 1474 3521 quoque
1500 3467 1606 3505 non
1630 3453 1799 3506 ambi-

1908 3451 1958 3503 ἐν
1984 3456 2047 3522 τῇ
2073 3448 2312 3522 ἐκκλησίᾳ
2327 3455 2432 3503 -τοῦ
2455 3450 2705 3522 μακαρίου
2734 3448 3005 3516 Κλήμεντος
3034 3447 3247 3522 ὑπῆρχέ
3277 3471 3351 3509 τις
3373 3455 3504 3507 κατά

195 3564 265 3615 go
296 3546 649 3613 meminisse,
681 3548 767 3617 qui
795 3548 1012 3616 quidem
1036 3561 1245 3624 pauper
1272 3546 1453 3610 rebus,
1482 3544 1575 3599 sed
1596 3545 1804 3599 meritis

195 3639 351 3694 dives
380 3647 521 3705 erat,
550 3653 711 3708 quem
740 3639 895 3708 longa
919 3638 1179 3708 aegritudo
1207 3638 1545 3692 dissolverat.
1579 3634 1716 3690 Nam
1739 3651 1804 3689 ex

196 3744 308 3800 quo
332 3728 491 3783 illum
520 3729 661 3783 scire
692 3728 981 3798 potuimus,
1015 3745 1182 3797 usque
1210 3730 1274 3783 ad
1301 3728 1461 3782 ﬁnem
1492 3728 1613 3783 vita:
1645 3741 1802 3797 para-

204 3821 411 3890 lyticus
436 3817 671 3887 jacebat.
715 3818 854 3885 Quid
894 3819 1066 3873 dicam
1098 3817 1220 3888 quia
1262 3829 1407 3874 stare
1435 3834 1540 3873 non
1574 3826 1801 3888 puterat,

205 3907 298 3980 qui
330 3924 610 3977 nunquam
650 3908 703 3962 in
733 3909 871 3963 lecto
891 3923 1114 3978 surgere
1132 3910 1213 3962 vel
1238 3910 1301 3962 ad
1335 3908 1628 3964 sedendum
1663 3910 1804 3963 vale-

198 4004 314 4069 bat,
352 4016 626 4070 nunquam
656 4015 871 4054 manum
895 4015 1047 4054 suam
1080 4000 1144 4052 ad
1173 4014 1234 4051 os
1260 3999 1479 4065 ducere,
1532 4014 1804 4067 nunquam

204 4110 267 4150 se
300 4093 480 4164 potuit
505 4092 573 4146 ad
615 4092 753 4146 latus
782 4091 924 4145 aliud
955 4091 1263 4145 declinare?
1311 4090 1443 4145 lluic
1471 4089 1539 4144 ad
1571 4091 1810 4146 servien-

196 4184 328 4237 dum
364 4192 541 4237 mater
564 4197 685 4237 cum
710 4181 873 4236 fratre
904 4183 1111 4245 aderat,
1171 4189 1227 4235 et
1251 4181 1510 4251 quidquid
1538 4195 1603 4238 ex
1660 4182 1810 4238 elee-

200 4291 429 4347 mosyua
456 4274 718 4343 potuisset
744 4274 1007 4343 accipere,
1046 4272 1147 4327 hoc
1174 4289 1363 4328 eorum
1400 4274 1648 4329 manibus
1679 4290 1810 4343 piu-

203 4368 430 4437 peribus
467 4367 747 4435 erogabat.
793 4366 1140 4434 Nequaquam
1175 4367 1382 4421 litteras
1408 4377 1657 4432 noverat,
1712 4368 1809 4423 sed

202 4460 510 4528 Scriptura:
531 4474 699 4513 sacra:
726 4457 939 4513 sibimet
976 4457 1202 4512 Codices
1229 4467 1459 4523 emerat,
1513 4471 1564 4513 et
1596 4460 1813 4530 religio-

200 4569 292 4608 sos
322 4565 574 4621 quosque
596 4550 648 4605 iu
675 4549 1087 4618 hospitalitatem
1115 4550 1441 4619 suscipiens,
1494 4552 1591 4604 bos
1623 4567 1808 4607 coram

203 4660 260 4698 se
288 4643 541 4697 studiose
570 4642 747 4711 legere
774 4640 1026 4695 faciebat.
1080 4640 1409 4712 Factumque
1437 4654 1521 4699 est
1553 4655 1605 4699 ut
1655 4643 1807 4713 juxta

205 4735 429 4789 modum
479 4748 635 4787 suum
682 4733 840 4801 plene
886 4747 1092 4786 sacram
1146 4736 1477 4803 Scripturam
1530 4735 1805 4805 disceret,

1906 3554 1997 3607 τήν
2028 3548 2142 3603 ὀδόν
2169 3550 2547 3619 κατακείμενος,
2578 3546 2787 3623 ὀνόματι
2805 3548 3101 3620 Σέρϐουλος,
3128 3546 3281 3628 ὅνπερ
3310 3551 3506 3624 ἀγνοεῖν

1909 3669 1966 3703 σε
1989 3651 2043 3702 οὐ
2061 3649 2340 3721 λογίζομαι.
2374 3645 2534 3709 Οὗτος
2560 3643 2667 3714 οὑν,
2700 3652 2745 3703 εἰ
2769 3652 2855 3703 καὶ
2881 3651 3101 3720 πτωχός
3127 3659 3237 3710 τοῖς
3264 3657 3507 3729 πράγμα-

1909 3758 1963 3791 σι
2001 3743 2093 3793 τοῦ
2130 3738 2243 3809 βίου
2275 3738 2579 3810 ἐτύγχανεν,
2614 3737 2717 3793 ἀλλ’
2746 3732 2832 3791 οὖν
2858 3746 2966 3799 τοῖς
3004 3738 3317 3813 δικιτιὼμασι
3345 3745 3501 3799 πλού·

1910 3849 2019 3888 σιος
2048 3830 2313 3902 ὑπῆρχεν.
2345 3819 2541 3883 Ἰ²οὗτου
2568 3826 2621 3882 δὲ
2651 3830 2709 3883 τὸ
2761 3836 2913 3898 σῶμα
2956 3831 3299 3906 πολυχρόνιος

1913 3924 2034 3973 στία
2064 3918 2368 3993 παρέλυσεν.
2412 3917 2491 3982 Ἐξ
2532 3915 2589 3971 οὑ
2617 3919 2716 3992 γάρ
2766 3920 2913 3974 αὐτόν
2960 3928 3141 3994 γνῶναι
3171 3922 3504 3995 ἠδυνήθημεν,

1910 4012 2076 4085 μέχρι
2118 4018 2209 4065 τοῦ
2252 4010 2424 4071 τέλους
2465 4018 2556 4071 τῆς
2586 4004 2904 4075 ζωῆςίαῦτοῦ
2935 4014 3277 4086 παραλυτικὸς
3323 4015 3503 4073 ἔκειτοο

1912 4102 1974 4151 Τί
2003 4098 2056 4153 δέ
2085 4100 2247 4172 λόγως
2278 4100 2530 4158 Παντελῶς
2560 4109 2746 4158 στῆναι
2784 4101 2873 4153 οὐκ
2923 4100 3160 4167 ἠδύνατο,
3204 4103 3322 4160 οὐτε
3370 4109 3418 4160 ἐν
3442 4119 3506 4172 τῇ

1913 4191 2048 4263 κλίνῃ
2076 4186 2234 4246 αὐτού
2264 4211 2389 4247 ποτε
2435 4192 2740 4245 ἀνακαθίσαι
2783 4188 3033 4261 ἴσχυσεν,
3076 4192 3186 4248 εὐδέ
3234 4216 3357 4249 ποτε
3413 4205 3504 4256 τήν

1916 4291 2073 4359 χεῖρα
2099 4284 2258 4338 αὐτοῦ
2308 4284 2356 4336 ἐν
2401 4290 2475 4356 τῷ
2516 4283 2740 4354 στόματι
2786 4285 3055 4357 άπενέγκαι
3101 4285 3341 4355 ἠδυνήθη,
3386 4289 3500 4344 οὐδέ

1914 4393 2037 4428 ποτε
2086 4374 2265 4428 ἑαυτὸν
2314 4369 2333 4410 Ῑ
2379 4376 2450 4433 εἰς
2492 4372 2665 4448 ἑτέραν
2714 4374 2939 4449 πλευράν
2985 4375 3204 4453 στρέψαι
3252 4376 3503 4450 ἴσχυσεν.

1914 4461 2089 4536 Τούτῳ
2140 4462 2367 4537 δέσπρός
2411 4464 2693 4541 ὑπηρεσίαν
2735 4466 2766 4522 ἡ
2810 4469 2977 4534 μήτηρ
3024 4470 3108 4520 καί
3150 4468 3321 4542 ἕτερος
3348 4472 3506 4525 αὐτοῦ

1915 4550 2124 4625 ἀδελφὸς
2144 4559 2484 4628 παρίσταντο.
2518 4552 2625 4608 Εῗτι
2654 4552 2709 4627 δέ
2731 4553 2831 4606 ἀπὸ
2868 4552 3197 4623 ἐλεημοσύνης
3239 4557 3508 4626 ἐλάμϐανε,

1915 4651 2068 4699 τοῦτο
2118 4645 2267 4699 πάλιν
2309 4642 2395 4699 διά
2442 4652 2544 4697 τῶν
2596 4649 2786 4717 χειρῶν
2818 4651 2854 4677 η’
2887 4644 3049 4698 αὐτοῦ
3108 4654 3214 4707 τοῖς
3267 4658 3507 4719 πτωχοῖς

1916 4734 2156 4790 διεδίδου.
2189 4739 2276 4790 Καὶ
2302 4737 2583 4809 γράμματα
2609 4738 2700 4806 μὲν
2728 4731 2960 4803 οὐδαμῶς
2990 4735 3223 4805 ἐγίνωσκε
3248 4780 3261 4804 ,
3291 4739 3505 4812 βίϐλους

202 4843 353 4890 cum,
383 4826 526 4879 sicut
549 4823 681 4889 dixi,
712 4824 919 4877 litteras
951 4822 1191 4877 funditus
1221 4824 1513 4892 ignoraret.
1545 4825 1799 4881 Studebat

1918 4824 1970 4881 δὲ
2000 4833 2091 4884 τῆς
2112 4825 2253 4900 ἱερᾶς
2277 4840 2475 4899 γραφῆς
2498 4825 2665 4895 ἐαυτῷ
2690 4824 2931 4899 ἠγόρασε.
2956 4829 3044 4880 Καί
3068 4825 3349 4900 δεχόμενος
3371 4833 3500 4908 πρὸς

204 4933 424 4987 semper
452 4919 504 4972 in
533 4917 721 4971 dolore
742 4917 940 4986 gratias
969 4931 1151 4984 agerc,
1215 4916 1424 4985 hymnis
1455 4917 1567 4971 Deo
1617 4928 1668 4973 et
1698 4921 1811 4973 lau-

206 5012 366 5067 dibus
396 5010 594 5064 diebus
622 5022 685 5062 ac
711 5008 959 5062 noctibus
990 5021 1199 5061 vacare.
1247 5006 1353 5062 Sed
1378 5022 1497 5062 cum
1521 5008 1634 5077 jam
1670 5020 1808 5065 tem-

278 5134 305 5161 ι
345 5120 515 5191 Cujits
541 5119 785 5191 meminit
816 5119 1090 5189 Martyrol.
1117 5119 1274 5191 Rom.
1301 5119 1390 5174 die
1418 5118 1450 5171 6
1483 5120 1625 5174 Maii.

278 5192 306 5231 ι’
342 5190 481 5246 Nota
508 5193 563 5244 in
593 5190 855 5259 Gregorio
900 5205 1103 5244 morem
1137 5190 1455 5245 hodiernum
1496 5191 1807 5259 appellandi

206 5262 671 5326 sanctimoniales,
706 5260 935 5314 maxime
958 5276 1077 5326 quae
1110 5270 1373 5327 provecta:
1396 5260 1506 5329 jam
1532 5271 1655 5315 sunt
1678 5272 1800 5316 mta-

209 5337 298 5398 tis,
323 5343 536 5386 matres.
562 5331 618 5384 In
660 5332 742 5384 bis
768 5330 995 5401 dialogis
1026 5332 1224 5396 sumius
1248 5332 1472 5401 legimus
1508 5333 1800 5387 monachos

214 5405 431 5457 Patrum
458 5402 612 5456 titulo
638 5402 940 5470 iusignitos,
968 5402 1201 5455 maxime
1222 5402 1315 5455 lib.
1334 5417 1393 5464 tt,
1417 5403 1557 5469 quod
1577 5403 1630 5456 in
1660 5415 1802 5457 IlUllS

208 5476 275 5529 ad
308 5474 570 5541 epistolas
599 5471 884 5540 aliquando
910 5471 1227 5526 illustraturi
1255 5488 1461 5525 sumus.

283 5556 306 5583 ε
335 5545 413 5598 Ita
450 5543 581 5597 Mss.
613 5556 824 5606 omnes,
848 5542 950 5596 etsi
973 5544 1211 5609 legamus
1244 5542 1296 5596 in
1323 5543 1576 5609 Exi-usis,
1625 5546 1799 5598 dulces

208 5616 372 5669 solent
396 5614 580 5666 laudes
601 5613 821 5682 scelestas
844 5629 1123 5682 erumpere,
1150 5621 1202 5664 ut
1229 5616 1351 5664 dum
1384 5615 1523 5667 illas.

279 5688 304 5722 ά
332 5685 536 5740 Eadem
565 5685 631 5736 de
656 5681 885 5737 Servulo
904 5681 1288 5750 compendiose
1316 5685 1562 5753 leguntur
1588 5686 1641 5740 iu
1665 5685 1804 5739 Mar-

216 5756 448 5827 tyrulog.
484 5754 620 5808 Rom
657 5796 670 5821 ,
701 5753 785 5808 dic
805 5754 875 5808 “3.5
903 5753 1234 5809 Decembris.

1914 4920 2183 4990 παροικίαν
2215 4918 2444 4977 εὐλαϐεῖς
2472 4937 2609 4977 τινας
2638 4915 2847 4991 ἄνδρας,
2896 4919 3112 4979 τούτους
3156 4924 3367 4977 ἐνώπιον
3401 4930 3499 4979 αὐ,

1914 5017 2007 5066 τοῦ
2037 5013 2396 5081 πεπονημένως
2424 5013 2703 5083 ἀναγνῶναι
2726 5010 2900 5064 ἐποίει.
2925 5013 3102 5083 Γέγονε
3132 5011 3186 5069 δέ
3216 5015 3350 5069 ὥστε
3378 5019 3508 5073 κατά

1994 5137 2016 5161 υ
2042 5126 2161 5190 Ms.,
2193 5122 2309 5194 μηδ’
2335 5122 2483 5185 ὅλως.

1994 5194 2012 5233 ί
2041 5200 2173 5270 δίδη.
2190 5197 2367 5270 ἱλαρῷ.
2660 5240 2687 5244 -

1990 5276 2013 5340 ξι
2151 5306 2165 5331 ,
2195 5268 2460 5340 παρθένον.

1989 5335 2015 5411 ξι
2042 5338 2165 5411 bis,
2194 5339 2225 5397 ἢ
2251 5335 2546 5411 ἐκελεύσθη.

1989 5408 2000 5482 ξ
2038 5408 2160 5482 δίδη
2192 5409 2357 5482 ἡμέρᾳ
2387 5410 2489 5463 ἀπὸ
2518 5414 2609 5482 τοῦ
2640 5409 2772 5477 βίον.

1988 5479 1999 5548 _l
2044 5478 2163 5542 Ms.,
2199 5480 2252 5531 ἐκ
2274 5478 2372 5532 τῶν
2395 5480 2670 5548 σωμάτων.

1986 5546 2007 5618 β
2120 5587 2128 5596 .
2142 5591 2153 5611 ,
2188 5549 2442 5618 ἐμϐούλῳ.

1994 5617 2002 5652 ¹
2045 5619 2163 5694 .ll_s.,
2196 5623 2267 5694 είς
2288 5617 2455 5693 ἕτερον
2483 5622 2654 5694 μέρος.

1988 5698 2024 5725 ιιι
2056 5690 2175 5753 Μδ.,
2207 5690 2386 5743 αὐτὼνζ
