3934 6354
148 345 227 400 3ιὸ
1358 338 1804 395 DIALOGORUM
1846 336 2045 393 LIBER
2088 338 2176 394 ιν.

3292 344 3396 398 516

145 448 375 506 vocabulo
403 446 599 503 medici
634 446 919 518 paralysin
943 454 1135 502 vocant
1165 446 1412 503 molestia
1442 449 1705 516 corporali

1820 470 1905 508 νας
1944 449 2101 509 αὐτὰς
2150 448 2339 517 ἀκούει,
2394 448 2501 504 ἀλλ’
2538 445 2624 503 οὐν
2668 450 2866 521 {mecm
2916 457 2997 507 καὶ
3047 460 3395 531 κατακρούων,

144 555 371 613 percussa
401 548 506 602 est,
543 540 840 606 multiSqtte
876 538 1031 591 anuis
1073 538 1127 590 in
1177 538 1376 592 lcetulo
1416 538 1707 599 decubans,

141 650 257 703 pene
280 632 429 686 enini
454 630 670 698 jacebat
692 630 1056 681 membrorum
1087 624 1266 680 ofﬁcio
1304 627 1578 688 destituta,
1613 641 1712 681 uee

140 738 298 780 tamen
326 724 444 777 lure
474 725 663 776 eadem
699 722 818 790 ejus
848 730 1077 774 mentem
1109 721 1173 772 ad
1196 719 1578 788 impatientiam
1611 722 1711 774 lla-

138 818 257 887 gella
288 815 672 885 perduxerant.
707 812 840 866 Nam
872 815 981 880 ipsa
1005 812 1052 864 ei
1093 811 1410 865 detrimenta
1444 813 1712 866 membro-

140 924 241 963 rum
270 907 411 960 facta
437 906 651 959 fuerant
695 905 1026 958 incrementa
1074 902 1357 967 virtutum,
1408 903 1528 969 quia
1563 910 1710 955 tanto

139 996 411 1052 sollicitius
440 995 507 1049 ad
557 1010 713 1047 usum
759 992 1014 1047 orationis
1046 1000 1381 1057 excreverat,
1440 999 1638 1057 quanto
1658 999 1712 1043 et

138 1088 267 1141 aliud
297 1086 574 1155 quodlibet
616 1099 780 1153 agere
808 1100 1140 1154 nequaquam
1174 1083 1399 1137 valebat.
1428 1083 1593 1137 Nocte
1616 1082 1712 1151 igi-

138 1192 215 1233 tur
256 1178 485 1247 quadam
545 1177 788 1232 eamdem
840 1175 1187 1247 Redemptam
1240 1191 1398 1245 quam
1465 1174 1710 1243 praefatus

134 1286 267 1336 sum,
295 1284 413 1337 qua:
448 1275 703 1337 utrasque
734 1266 1021 1335 discipulas
1051 1280 1177 1320 suas
1208 1265 1429 1318 liliarum
1464 1264 1583 1318 loco
1617 1281 1713 1316 utt-

136 1364 340 1427 triebat,
396 1361 631 1426 vocavit,
673 1360 859 1415 dicens
891 1376 905 1413 :
941 1359 1131 1423 Mater,
1166 1359 1306 1422 veni,
1341 1365 1531 1423 mater,
1566 1355 1705 1411 Veni.

134 1458 253 1523 Qua:
300 1472 426 1509 mox
458 1470 579 1511 cum
602 1455 704 1509 alia
754 1455 872 1524 ejus
903 1454 1265 1523 condiscipula
1291 1455 1541 1516 surrexit.
1573 1456 1712 1509 sicut

136 1552 366 1618 utrisque
398 1549 755 1604 referentibus
779 1556 837 1603 et
874 1546 1052 1601 nmltis
1090 1546 1277 1601 eadem
1307 1560 1394 1601 res
1414 1546 1628 1611 claruit,
1658 1555 1713 1601 et

136 1655 228 1707 ego
257 1654 471 1706 quoque
498 1638 690 1692 eodem
720 1647 959 1705 tempore
988 1636 1204 1706 agnovi.
1266 1635 1507 1707 Cumque
1539 1636 1711 1691 noctis

132 1728 301 1783 medio
324 1728 773 1795 lectulojacentis
803 1728 1142 1793 assisterent,
1170 1727 1349 1783 subito
1377 1729 1590 1783 cmlitus
1619 1729 1709 1783 lux

1813 537 2134 601 καλλωπίζων
2180 539 2265 591 οὐκ
2309 540 2602 609 ἀφίσταται·
2660 538 2763 593 ὅθεν
2807 562 2856 595 τι
2908 549 3133 597 τοιοῦτον
3184 551 3266 599 καί
3315 552 3397 599 ἐπὶ

1813 626 1974 698 ταύτῃ
2020 629 2237 699 γέγονεν.
2288 628 2372 682 Ἢν
2411 632 2507 703 γὰρ
2556 631 2839 704 προέφηιιεν
2880 630 3163 703 Ῥωμύλλαν
3213 642 3398 698 συνέϐη

1814 717 1952 785 νόσῳ
1982 726 2245 788 σωματικῇ
2275 727 2568 789 περιπεσῖν
2630 717 2817 795 ’Ἧνπερ
2861 722 3007 776 νόσον
3051 734 3111 798 τῇ
3165 726 3400 785 Ἑλληνίδι

1816 805 2052 877 διαλέκτῳ
2090 809 2135 860 οἱ
2169 811 2338 881 ἰατροί
2371 820 2391 845 (⁸
2425 810 2716 882 παράλυσιν
2744 814 3095 879 ὀνομάζουσιν.
3129 815 3243 869 ἰίπί
3280 824 3402 871 πο).-

1812 898 1928 960 λούς
1968 897 2021 953 δέ
2068 896 2289 972 χρόνους
2336 901 2384 952 ἐν
2432 909 2493 972 τῇ
2544 902 2675 975 κλίνῃ
2720 908 3047 973 κατακειμένη
3092 910 3145 961 ἐκ
3182 918 3271 969 τῆς
3302 918 3400 964 τῶν

1815 991 1972 1055 μελῶν
2002 988 2164 1048 αὐτῆς
2186 992 2471 1059 ὑπηρεσίας
2498 993 2726 1052 ἀκίνητος
2758 992 2999 1065 διέμενεν.
3030 1000 3100 1051 Οὐ
3130 1000 3218 1068 μέν
3245 1004 3398 1073 τοίγε

1812 1078 1899 1128 τον
1944 1077 2136 1137 ταύτης
2176 1077 2411 1149 λογισμὸν
2438 1080 2490 1134 αἱ
2526 1089 2617 1141 τῆς
2652 1082 2803 1137 νόσου
2840 1085 3087 1156 μάστιγες
3117 1091 3188 1148 εἷς
3210 1091 3401 1145 ἀνυπο-

1813 1172 2052 1239 μονησίαν
2080 1174 2435 1227 κατέσπασαν.
2461 1173 2600 1227 ’Λλλά
2622 1175 2807 1243 μᾶλλον
2831 1173 2983 1231 αὗται
3010 1180 3062 1232 αί
3105 1178 3275 1234 ὀδύναι
3300 1189 3400 1236 τῶν

1814 1259 1995 1327 μελῶν,
2028 1263 2277 1336 προσ-θήκη
2319 1262 2576 1332 δυνάμεως
2615 1266 2665 1318 έν
2699 1268 2825 1340 αὐτῂ
2863 1264 3118 1338 γεγόνασι.
3150 1269 3400 1343 Τοσούτῳ

1812 1353 1911 1423 γὰρ
1937 1350 2317 1426 σπουδαιοτέρα
2346 1356 2397 1407 ἐν
2422 1362 2485 1429 τῇ
2507 1358 2638 1430 εὐχῂ
2664 1359 2861 1429 γέγονεν
2881 1398 2897 1424 ,
2932 1357 3013 1413 ὅτι
3039 1363 3083 1413 εἰ
3112 1364 3194 1414 καὶ
3221 1364 3399 1420 ἠθέλη-

1814 1462 1901 1494 σεν
1930 1443 2101 1515 ἕτερόν
2145 1465 2194 1499 τι
2241 1454 2470 1507 ποιησαι,
2518 1446 2752 1518 οὐδαμῶς
2800 1448 3038 1508 ἠδύνατο.
3086 1453 3164 1506 Ἐν
3209 1461 3303 1524 μιᾷ
3346 1454 3399 1509 δέ

1813 1536 1957 1586 νυκτί
1983 1540 2073 1591 την
2112 1535 2490 1609 προρρηθεῖσαν
2528 1536 2853 1609 Ῥεδέμπταν,
2898 1544 3008 1601 ἥτις
3045 1546 3140 1603 τὰς
3186 1546 3401 1617 ἀμφοτέ·

1813 1648 1909 1699 ρας
1936 1629 2095 1689 αὐτῆς
2116 1632 2396 1705 μαθητρίας
2426 1632 2475 1685 ἐν
2504 1634 2638 1695 τάξει
2660 1636 2947 1708 θυγατέρων
2969 1638 3202 1709 ἀνέτρεφε
3229 1678 3243 1701 ,
3272 1642 3401 1715 πρὸς

1816 1716 1996 1773 ἑαυτήν
2023 1718 2253 1782 ἐκλλεσε,
2285 1718 2524 1790 λέγουσα·
2556 1721 2687 1775 Ἐλθέ
2707 1763 2721 1787 ,
2764 1732 2922 1798 μῆτερ
2939 1763 2954 1787 ,
2978 1726 3100 1778 ἐλθέ.
3127 1728 3322 1787 Εὐθέως
3347 1728 3402 1783 δέ

131 1822 316 1876 emissa
366 1837 527 1875 omne
579 1819 728 1874 illius
782 1821 987 1875 cellula:
1034 1822 1263 1889 spatium
1317 1822 1577 1891 implevit,
1656 1830 1712 1876 et

1820 1809 1910 1859 σύν
1938 1815 1999 1881 τῇ
2028 1805 2149 1882 ἄλλη
2178 1811 2337 1870 αὐτῆς
2380 1811 2634 1884 μαθητρίᾳ
2673 1812 2858 1869 ἀνέστη
2884 1850 2901 1876 ,
2947 1817 3027 1867 καί
3075 1816 3203 1890 πρὸς
3242 1820 3399 1875 αὐτὴν

132 1911 377 1980 splendor
405 1922 568 1964 tanta:
594 1910 857 1965 claritatis
877 1908 1115 1974 emicuit,
1173 1919 1231 1965 ut
1258 1912 1419 1967 corda
1453 1912 1710 1966 assisten-

132 2008 258 2056 tium
306 2002 664 2055 inaastimabili
716 2016 913 2071 pavore
958 2003 1377 2073 perstringeret,
1424 2012 1607 2071 atque,
1654 2012 1713 2057 ut

134 2102 244 2161 post
273 2093 402 2161 ipsa:
435 2094 759 2160 referebant,
793 2109 951 2147 omne
995 2093 1048 2147 iu
1079 2094 1158 2148 eis
1186 2109 1383 2161 corpus
1412 2094 1714 2163 obrigesce-

134 2193 229 2245 ret,
263 2191 319 2235 et
343 2184 393 2235 in
424 2183 610 2237 subito
641 2192 861 2253 stupore
893 2197 1253 2239 remanerent.
1284 2187 1456 2254 Crepit
1483 2201 1713 2256 namque

132 2272 277 2343 quasi
309 2272 580 2341 cujusdam
624 2289 830 2343 magna:
853 2275 1211 2329 multitudinis
1239 2276 1589 2343 inércdientis
1618 2293 1710 2333 so-

135 2364 269 2416 nitus
292 2362 486 2429 audiri,
519 2366 823 2434 ostiumque
852 2365 1061 2418 cellula:
1087 2366 1324 2432 concuti,
1376 2380 1440 2420 ac
1459 2368 1502 2420 si
1534 2367 1711 2437 ingre-

131 2454 385 2506 dientium
416 2453 568 2507 turba
598 2465 966 2523 premeretur;
1004 2464 1186 2525 atque,
1245 2465 1302 2510 ιιι
1331 2456 1600 2522 dicebant,
1633 2458 1714 2512 itt-

132 2545 382 2597 lrantiuin
406 2546 798 2599 multitudinem
824 2548 1151 2612 sentiebant,
1182 2547 1275 2603 sed
1310 2548 1584 2603 nimietate
1640 2548 1708 2602 ti-

128 2636 291 2689 moris
322 2645 376 2689 et
421 2634 637 2690 luminis
679 2635 838 2708 397
897 2638 1077 2692 videre
1122 2654 1229 2691 non
1264 2648 1528 2708 poterant,
1588 2639 1709 2708 quia

129 2744 311 2782 eamm
341 2729 524 2781 oculos
550 2739 604 2781 et
654 2745 819 2797 pavor
846 2731 1212 2799 depresserat,
1243 2740 1297 2786 et
1328 2732 1440 2798 ipsa
1469 2733 1598 2786 tanti
1632 2732 1704 2787 lu-

130 2824 288 2874 minis
310 2822 531 2873 claritas
558 2822 956 2876 reverberabat.
990 2831 1017 2859 ⁸
1062 2823 1229 2888 Quam
1264 2823 1435 2877 lucem
1469 2823 1713 2893 protinus

131 2927 209 2965 est
236 2913 357 2966 miri
404 2915 589 2967 odoris
635 2912 922 2980 fragrantia
962 2916 1265 2978 subsecuta,
1314 2917 1386 2970 ita
1435 2928 1488 2969 ut
1526 2930 1710 2971 earum

131 3007 363 3060 animum
394 3022 553 3074 quem
594 3008 683 3060 lux
720 3008 913 3061 emissa
956 3014 1221 3061 terruerat
1252 3009 1434 3061 odoris
1477 3009 1713 3064 suavitas

131 3096 415 3151 refoveret.
466 3096 573 3150 Sed
621 3113 742 3150 cum
792 3100 896 3149 vim
924 3097 1187 3152 claritatis
1219 3098 1365 3152 illius
1421 3099 1561 3155 ferre
1604 3116 1709 3154 non

1812 1899 2052 1971 ἀπῆλθον,
2083 1902 2241 1960 καθὼς
2269 1903 2561 1976 ἀμφοτέροιν
2600 1905 2768 1957 αὐτῶν
2807 1902 3148 1975 διηγουμένων
3186 1912 3270 1960 καί
3292 1907 3398 1961 ἑτέ·

1812 2014 1913 2067 ρων
1943 1994 2137 2047 πολλῶν
2162 1996 2221 2049 τὸ
2259 2000 2475 2069 πρᾶγμα
2519 1996 2867 2056 ἓδηλοποιηθη.
2914 2002 3068 2071 Κάγὼ
3100 2000 3153 2054 δέ
3181 2002 3228 2054 ἐν
3256 2004 3394 2069 αὐτῷ

1812 2077 1885 2149 τῷ
1906 2091 2064 2156 καιρῷ
2086 2090 2233 2139 τοῦτο
2252 2083 2473 2155 διέγνων.
2496 2084 2571 2139 Ἐν
2594 2084 2697 2155 ὅσῳ
2729 2083 2816 2141 οὖν
2836 2091 2966 2143 κατά
2995 2097 3050 2144 το
3070 2093 3398 2159 μεσονύκτιον

1812 2182 1874 2243 τῇ
1899 2176 2035 2245 κλίνῃ
2060 2186 2152 2237 τῆς
2169 2180 2394 2247 κειμένης
2420 2182 2752 2253 παρέστησαν
2768 2220 2782 2245 ,
2815 2180 2989 2251 αἴφνης
3015 2186 3281 2258 οὐρανόθεν
3303 2210 3400 2258 φω-

1813 2268 1901 2326 τὸς
1929 2270 2320 2331 ἀποσταλέντος.
2350 2272 2521 2327 πάντα
2542 2272 2697 2326 τόπον
2724 2282 2815 2332 τῆς
2841 2276 3009 2335 κέλλης
3036 2278 3220 2336 ἦκείνης
3244 2277 3399 2337 ἔπλη-

1815 2379 2000 2431 ρωσεν.
2033 2361 2271 2419 Τοσαύτη
2305 2360 2359 2417 δέ
2390 2365 2633 2433 ἀστραπὴ
2665 2371 2727 2437 τῇ
2759 2364 3079 2437 λαμπρότητι
3108 2373 3200 2421 τοῦ
3240 2371 3403 2439 φωτὸς

1814 2454 2001 2508 ἐκείνου
2029 2455 2326 2526 ἐξέλαμψεν,
2362 2460 2492 2511 ὥστε
2530 2460 2625 2517 τὰς
2667 2456 2876 2531 καρδίας
2920 2463 3019 2511 τῶν
3054 2460 3403 2529 παρεστώτων

1815 2545 1952 2614 φόϐῳ
1982 2545 2243 2609 ἐκπλῆξαι,
2276 2550 2357 2601 καί
2387 2548 2549 2606 καθώς
2592 2546 3082 2617 μετέπειτα’ἐκεῖναι
3119 2544 3398 2617 διηγοῦντο,

1813 2636 2026 2693 ἕκαστον
2053 2640 2201 2710 μέλος
2231 2648 2321 2694 τοῦ
2349 2644 2594 2710 σώματος
2622 2642 2785 2695 αὐτῶν
2821 2642 3083 2709 ἀπεπάγη.
3120 2636 3194 2691 Ἐν
3222 2640 3401 2698 ἐκπλή-

1814 2727 1886 2789 ξει
1914 2726 1966 2781 δὲ
1991 2731 2151 2783 αὐτῶν
2180 2730 2589 2799 ἁπομεινάντων,
2617 2731 2805 2803 ἤρξατο
2834 2727 2965 2799 ἦχος
3010 2731 3170 2799 μέγας
3222 2730 3401 2783 ἀκούε-

1820 2818 1939 2870 σθαι
1958 2860 1970 2878 ,
2004 2821 2072 2879 ὡς
2114 2819 2294 2872 πολλοῦ
2326 2820 2546 2878 πλήθους
2576 2820 2951 2891 εἰσερχομένου
2978 2858 2992 2881 ,
3017 2823 3219 2874 καὶτῶν
3239 2821 3401 2893 θυρῶν

1815 2918 1906 2965 τοῦ
1938 2912 2133 2965 κελλίου
2163 2910 2483 2981 δονουμένων,
2517 2914 2584 2971 ὡς
2606 2910 2681 2965 ὅτι
2711 2910 2868 2981 ὄχλος
2903 2911 3060 2970 πολύς
3098 2912 3403 2984 εἰσερχόμε-

1814 3022 1899 3062 νος
1940 3004 2134 3061 ταύτας
2186 3003 2417 3066 ἐξέθλιϐε,
2450 3005 2533 3058 καί
2571 3001 2743 3061 ἁπλῶς
2783 3002 2943 3060 καθὼς
2991 2999 3167 3071 ἔλεγον
3219 3001 3404 3059 πλῆθος

1816 3092 1938 3146 λαοῦ
1983 3091 2009 3129 ά
2060 3093 2418 3167 ετσερχόμενον
2463 3092 2727 3144 ύπενόουν.
2788 3098 2858 3159 Τῇ
2902 3088 2955 3143 δὲ
3002 3089 3260 3164 ὑπερϐολῇ
3313 3099 3401 3144 τοῦ

130 3197 371 3256 possent,
426 3192 594 3258 etlath
646 3188 833 3243 eadem
868 3188 1087 3241 Romula
1137 3189 1479 3243 assistentem
1510 3198 1563 3243 et
1604 3199 1709 3244 tre—

1820 3181 1978 3251 φόϐου
2199 3183 2283 3233 καί
2309 3188 2372 3253 τῇ
2397 3183 2638 3253 ἀστραπῇ
2668 3185 2757 3232 τοῦ
2805 3180 2964 3248 φωτὸς
2999 3179 3251 3251 θεωρῆσαί
3291 3201 3403 3234 τινα

129 3290 359 3333 mentem
420 3279 772 3348 Redemptam
840 3293 1057 3332 suorum
1122 3292 1333 3331 morum
1404 3279 1711 3347 magistram

129 3371 319 3425 blanda
348 3387 482 3426 voce
512 3373 803 3434 consolari,
833 3372 1016 3427 dicens
1041 3388 1052 3423 :
1104 3371 1218 3425 Noli
1250 3372 1462 3438 limere,
1519 3380 1713 3439 mater,

132 3479 229 3516 non
260 3467 467 3517 morior
498 3465 677 3519 modo.
711 3463 955 3533 Cumque
975 3468 1076 3519 hoc
1100 3464 1292 3519 crebro
1319 3462 1543 3529 diceret,
1590 3479 1717 3532 pau-

130 3555 271 3607 latim
306 3554 397 3609 lux
428 3572 545 3623 qua:
576 3555 755 3608 fuerat
778 3556 969 3611 emissa
994 3556 1261 3609 Subtracta
1290 3565 1402 3620 est,
1436 3555 1530 3609 sed
1561 3555 1606 3610 is
1627 3556 1715 3621 qui

132 3644 449 3698 subsecutus
472 3654 555 3699 est
582 3645 717 3700 odor
747 3647 1027 3701 remansit.
1063 3647 1259 3715 Sicque
1299 3646 1416 3700 dies
1448 3646 1717 3701 secundus

134 3746 178 3787 et
214 3738 407 3790 tertius
430 3738 659 3802 transiit,
687 3748 741 3790 ut
768 3753 982 3805 aspersa
1014 3738 1196 3792 ιιιιιοιίε
1222 3734 1509 3805 fragrantia
1539 3752 1717 3791 rema-

136 3838 301 3882 neret.
322 3829 495 3883 Nocte
525 3829 683 3898 igitur
704 3838 890 3898 quarta
924 3830 1170 3883 eamdem
1215 3828 1522 3895 magistram
1566 3843 1717 3881 suam

134 3918 321 3971 iterum
353 3919 599 3981 vocavit;
648 3934 754 3988 qua
798 3919 1064 3983 veniente,
1097 3919 1123 3956 δ
1156 3920 1278 3972 viati
1317 3935 1403 3971 um
1442 3920 1611 3985 petiit,
1667 3926 1722 3971 et

133 4012 354 4078 accepit.
389 4009 629 4065 Necdum
670 4027 797 4065 vero
824 4014 1011 4065 eadem
1048 4012 1364 4078 lledempta,
1392 4013 1473 4065 vel
1499 4010 1592 4065 illa
1618 4011 1719 4065 alia

134 4101 243 4166 eius
270 4101 538 4169 discipula
567 4117 597 4156 a
631 4103 826 4157 lectulo
845 4104 1075 4173 jacentis
1099 4105 1491 4170 abscesserant,
1522 4112 1576 4159 et
1595 4119 1722 4160 ecce

135 4194 307 4248 subito
336 4196 390 4247 in
434 4196 606 4263 platea
634 4206 758 4250 ante
810 4197 1053 4264 ejusdem
1106 4199 1314 4251 cellula:
1360 4202 1554 4251 usuum
1615 4198 1723 4251 duo

136 4287 281 4339 cliori
318 4288 661 4355 psallentium
692 4290 1070 4353 constiterunt,
1119 4299 1175 4343 et
1224 4291 1442 4344 sicutse
1475 4289 1725 4344 ilic-ebant

140 4392 296 4431 sexus
310 4394 377 4431 ex
410 4378 634 4433 vocibus
649 4380 990 4446 discret'isse,
1031 4380 1339 4448 psalmodia:
1368 4390 1557 4435 cautus
1577 4382 1726 4436 dice-

144 4472 262 4523 baut
289 4473 423 4540 viri,
470 4484 526 4529 et
565 4475 779 4527 fetniute
830 4474 1257 4544 respondebant.
1313 4475 1552 4543 Cumque
1600 4484 1726 4530 ante

1817 3272 1903 3323 οὐκ
1928 3269 2197 3329 ἠδύναντο.
2229 3270 2287 3321 Οἱ
2314 3271 2410 3344 γὰρ
2454 3269 2687 3339 ὀφθαλμοὶ
2723 3270 2888 3321 αὐτῶν
2920 3271 2999 3321 καί
3031 3269 3081 3320 ἐκ
3114 3275 3206 3323 τοῦ
3245 3270 3403 3341 φόϐου

1818 3360 2114 3434 ἐϐαροῦντο,
2142 3363 2224 3412 καί
2254 3359 2304 3412 ἔκ
2330 3368 2421 3419 τῆς
2443 3360 2695 3417 τοσαύτης
2724 3365 2813 3412 τοῦ
2842 3359 3002 3428 φωτὸς
3045 3358 3405 3431 λαμπρότητος

1818 3451 2227 3502 ἀπεσκοτοῦντο.
2275 3456 2357 3517 Τῷ
2396 3446 2450 3502 δέ
2490 3452 2615 3517 φωτὶ
2643 3449 2811 3517 ἐκείνῳ
2852 3448 3130 3516 θαυμαστὴ
3157 3444 3405 3522 ὄσφρησις

1819 3542 2028 3602 εὐωδίας
2056 3540 2397 3605 ἐπηκολούθει,
2427 3545 2561 3596 ὥστε
2590 3542 2681 3600 τὰς
2709 3542 2903 3596 τούτων
2930 3540 3136 3611 ψυχὰς,
3161 3538 3254 3596 κᾶν
3278 3547 3321 3596 εἰ
3349 3545 3406 3599 τὸ

1818 3639 1922 3703 φῶς
1952 3632 2215 3701 ἐφόϐησεν,
2260 3630 2362 3685 ἀλλ’
2398 3626 2483 3684 οὖν
2524 3633 2556 3689 ἡ
2592 3640 2682 3690 τῆς
2713 3628 2925 3688 εὐωδίας
2956 3627 3200 3705 ὄσφρησις
3222 3634 3405 3701 μᾶλλον

1821 3722 2174 3794 ἐψυχαγώγει.
2208 3720 2295 3780 Ὠς
2326 3720 2379 3775 δέ
2412 3726 2503 3778 τήν
2542 3728 2633 3775 τοῦ
2673 3721 2834 3789 φωτὸς
2861 3721 3041 3773 ἐκείνου
3072 3721 3409 3797 λαμπρότητα

1823 3815 2099 3881 ὐπενέγκαι
2131 3812 2217 3865 οὐκ
2244 3810 2519 3875 ἠδύναντο,
2550 3812 2737 3885 ἤρξατο
2765 3813 2794 3868 ἡ
2823 3816 2948 3869 αὐτή
2975 3809 3229 3881 Τωμύλλα
3259 3836 3409 3887 παρι-

1822 3906 2074 3976 σταμένην
2104 3907 2188 3958 καί
2212 3906 2500 3978 τρέμουσαν
2525 3902 2827 3973 Ῥεδέμπταν
2850 3910 2938 3963 τήν
2975 3912 3073 3960 τῶν
3097 3909 3223 3965 ἠθῶν
3248 3910 3410 3969 αὐτῆς·

1823 4001 2126 4058 διδάσκαλον
2156 4004 2482 4076 κολακευτικῇ
2510 4012 2643 4078 φωνῇ
2664 4006 3151 4077 παραμυθήσασθαι,
3174 4005 3407 4076 λέγουσα·

1824 4098 1901 4152 Μή
1921 4094 2099 4165 φοϐοῦ.
2117 4102 2298 4169 μῆτερ,
2322 4095 2406 4147 οὐκ
2430 4095 2735 4152 ἀποθνήσκω
2757 4091 2894 4169 ἄρτι.
2923 4091 2997 4148 Ἐν
3021 4093 3073 4148 δέ
3096 4102 3167 4165 τῷ
3195 4106 3410 4166 συχνῶς

1825 4199 1978 4248 τοῦτο
2007 4193 2162 4264 λέγειν
2192 4196 2368 4254 αὐτην,
2414 4192 2521 4246 κατ’
2558 4191 2716 4265 ὀλίγον
2760 4193 2818 4245 τὸ
2859 4198 2961 4261 φῶς
3007 4193 3161 4245 ἐκεῖνο
3200 4190 3324 4265 ὅπερ
3354 4192 3413 4251 ἦν

1831 4307 1856 4334 ⁸
1884 4297 2054 4353 αὐτόθι
2083 4298 2369 4352 ἀποσταλέν
2412 4296 2783 4369 ὑπεχώρησεν.
2828 4304 2877 4348 ‘ll
2911 4293 2965 4348 δέ
3009 4295 3414 4349 ἐπακολουθοῦσα

1830 4386 2012 4443 εὐωδία
2033 4389 2368 4457 ἐναπέμεινεν.
2394 4388 2642 4461 Δευτέρας
2663 4382 2844 4440 οὖνκαὶ
2868 4384 3044 4460 τρίτης
3070 4388 3259 4460 ἡμέρας
3281 4409 3414 4463 παρ-

1830 4482 2091 4545 ελθούσης,
2145 4482 2175 4538 η
2218 4488 2308 4540 τῆς
2351 4480 2706 4537 ἑκκενωθείσης
2743 4476 2947 4537 εὐωδίας
2996 4473 3242 4551 ὄσφρησις
3283 4480 3417 4530 οῐτω

145 4562 283 4617 fores
321 4563 534 4619 cellula:
556 4565 940 4620 exhiberentur
963 4566 1213 4622 caelestes
1227 4566 1514 4636 exsequiae,
1539 4578 1717 4624 sancta

1834 4571 2086 4646 διέμεινεν.
2116 4581 2187 4647 Τῇ
2223 4570 2276 4626 δέ
2315 4573 2533 4643 τετάρτῃ
2570 4567 2587 4606 τ
2620 4574 2710 4627 τὴν
2741 4570 2892 4626 αὐτὴν
2919 4566 3216 4622 διδάσκαλον
3258 4568 3419 4627 αὐτῆς

148 4654 223 4705 illa
256 4657 437 4708 anima
464 4670 627 4709 carne
660 4657 836 4710 soluta
884 4666 983 4712 est.
1041 4658 1153 4725 Qua
1184 4658 1248 4712 ad
1291 4660 1486 4714 emtum
1541 4660 1725 4727 ducta,

146 4754 334 4807 quanto
365 4745 519 4798 ebori
554 4747 891 4814 psallentium
920 4747 1082 4801 altius
1128 4748 1514 4811 ascendebant,
1576 4756 1725 4802 tanto

146 4834 297 4901 t-mpit
355 4835 649 4902 psalmodia
703 4836 874 4890 leuius
928 4836 1121 4900 audiri,
1178 4851 1456 4905 quousque
1504 4848 1557 4890 et
1589 4840 1731 4907 ejus-

148 4924 259 4976 dem
312 4928 622 4993 psalmodize
669 4931 901 4993 sonitus,
935 4937 989 4981 et
1012 4928 1194 4982 odoris
1216 4929 1455 4981 suavitas
1483 4929 1729 4998 elougata

153 5020 403 5072 finiretur.

216 5146 239 5171 ἰ
278 5137 538 5190 German.
574 5146 630 5192 et
658 5138 838 5205 Becc.,
868 5154 1023 5205 quam
1051 5136 1215 5191 lucem
1234 5136 1567 5191 suauissimus
1608 5140 1735 5192 odor

153 5224 186 5259 δέ
200 5218 339 5259 cutus
360 5217 454 5259 εει.

226 5278 251 5314 δ
294 5278 404 5330 Etsi
426 5278 694 5339 viaticum,
748 5279 800 5331 in
828 5277 1070 5331 conciliis
1090 5284 1145 5332 et
1172 5278 1223 5330 in
1266 5277 1617 5345 scriptoribus
1644 5294 1734 5333 ec-

154 5347 460 5401 cle~iasticis
488 5362 632 5416 stepe
655 5363 751 5414 pro
780 5348 1118 5403 abSqutione
1144 5347 1498 5415 intelligatur,
1545 5348 1628 5401 liie
1655 5362 1735 5402 ta-

153 5435 265 5470 men
307 5418 573 5485 significat
610 5417 1000 5471 Etteltaristiatn
1050 5433 1077 5469 a
1111 5419 1388 5472 morituris
1414 5421 1550 5471 smni
1598 5421 1735 5472 soli-

154 5497 276 5541 tam.
312 5488 585 5553 Viilecap.
621 5502 742 5553 sup.
801 5487 875 5541 De
927 5489 1122 5541 viatico
1176 5487 1440 5557 hujusque
1487 5491 1636 5541 vocis
1684 5491 1735 5543 itt

152 5572 349 5612 ratiotte
375 5558 599 5612 Nicmno
626 5558 1034 5625 significatione,
1085 5560 1308 5613 consule
1360 5558 1727 5612 doctis-intum

152 5627 577 5691 Tilletnontiuut,
612 5638 650 5679 t.
683 5643 732 5680 νι
756 5629 1120 5682 (Intnmentar.
1152 5628 1203 5681 in
1240 5628 1373 5681 Hist.
1424 5628 1733 5682 Ecclesiast.

156 5697 223 5751 De
251 5700 479 5752 concilio
508 5701 735 5757 Niceno,
767 5709 867 5750 art.
899 5697 985 5754 iii.
1033 5699 1229 5752 Eodem
1282 5714 1440 5750 sensu
1491 5715 1601 5767 quo
1650 5700 1737 5753 hic

154 5768 371 5838 intelligi
397 5771 561 5826 debet
576 5769 715 5836 apud
748 5769 1022 5824 Paulinum
1042 5772 1093 5825 iti
1122 5770 1236 5823 Vita
1257 5770 1422 5823 sancti
1448 5770 1734 5829 Ambrosii,

1834 4666 1983 4721 πάλιν
2008 4664 2261 4718 ὶκάλεσεν.
2287 4658 2553 4719 Ἐλθούσης
2578 4657 2631 4713 δέ
2670 4660 2851 4720 αὐτῆς,
2882 4656 3084 4715 δοθῆναι
3113 4662 3243 4731 αὐτῇ
3270 4678 3420 4710 συνο-

1836 4756 2067 4830 δοίπορον
2090 4754 2146 4808 τὸ
2175 4751 2468 4806 δεσποτικὸν
2495 4756 2646 4819 σῶμα
2672 4753 2918 4820 ᾐτήσατο,
2946 4748 3073 4822 ὅπερ
3104 4752 3186 4803 καί
3211 4747 3416 4803 ἔλαϐεν.

1838 4848 1908 4901 Οὐ
1936 4848 2024 4918 μέν
2049 4845 2127 4899 τοί
2151 4862 2207 4914 γε
2238 4842 2269 4899 vi
2298 4843 2430 4898 αὐτὴ
2455 4837 2751 4909 Ῥεᾶἑμπτα,
2783 4836 2898 4892 οὔτε
2944 4840 2974 4897 ἡ
3001 4836 3122 4895 ἄλλη
3148 4840 3303 4899 αὐτῆς
3330 4861 3421 4907 μα·

1838 4938 2019 5008 θήτρια
2039 4933 2139 4987 ἀπὸ
2164 4938 2253 4991 τῆς
2275 4928 2437 4987 κλίνης
2466 4934 2558 4987 τῆς
2587 4929 2808 4997 κειμένης
2836 4926 3210 5001 ὑπεχώρησαν.
3245 4925 3423 4994 Δῖφνης

1838 5024 1922 5080 ὧν
1951 5028 2000 5080 έν
2043 5033 2106 5098 τῇ
2147 5025 2360 5099 πλατείᾳ
2409 5022 2698 5097 ἔμπροσθεν
2727 5030 2825 5078 τῶν
2861 5024 3025 5097 θυρῶν
3073 5030 3165 5079 τοῦ
3211 5022 3421 5083 κελλίου,

1844 5160 1992 5199 nutu.
2030 5143 2120 5197 47.
2178 5141 2471 5194 Honoratus
2503 5139 2754 5195 Sacerdos
2808 5139 2926 5190 Iz'ccl
2956 5138 3048 5191 sia:
3077 5133 3422 5189 Vercellis...

1843 5217 1991 5269 tertio
2019 5229 2187 5267 vocem
2220 5213 2446 5266 vocantis
2469 5211 2754 5265 audivit...
2782 5210 2866 5278 qui
2908 5207 3218 5262 ducentiens
3244 5202 3427 5259 obtulit

1842 5293 2016 5339 δτι-’τεο
2066 5281 2431 5352 (Αιιιὶπο-ἰο)
2502 5280 2706 5333 Domini
2760 5295 3020 5352 corpus;
3052 5292 3153 5352 quo
3217 5283 3423 5343 accepto

1843 5358 1928 5408 ubi
1976 5348 2195 5422 gluiivit,
2222 5353 2390 5406 emisit
2434 5351 2691 5421 spiritum,
2751 5350 2934 5403 bonum
2973 5348 3214 5402 viaticum
3253 5358 3423 5401 secum

1868 5441 2033 5480 arens.

1844 5431 2095 5567 rm:
2120 5496 2355 5567 πάρεσιν,
2377 5499 2431 5567 et
2457 5490 2613 5561 paulo
2645 5488 2802 5558 infra,
2834 5489 3122 5565 παρέσεως.

1917 5562 1941 5601 ά
1973 5565 2093 5629 Ms.,
2126 5562 2508 5636 εσερχομένου.

1922 5646 1943 5706 ἦ)
1978 5639 2098 5701 “5.,
2126 5638 2174 5689 ἐν
2200 5637 2353 5706 αὐτῇ.

1922 5704 1939 5743 ί
1979 5706 2097 5769 Μδ.,
2129 5712 2214 5764 τὴν
2237 5701 2419 5765 ἑαυτῆς
2442 5701 2541 5757 διδ.
