4010 6332
216 333 323 390 ’ΜΘ

1462 339 1911 397 DIALOGORUM
1954 343 2154 400 LIBER
2197 346 2281 401 IV.

217 457 318 514 est,
349 460 679 516 omnemque
700 460 727 499 a
753 461 809 501 se
843 446 1118 504 levitatem
1148 450 1401 518 puellaris
1432 452 1555 506 vitm
1607 467 1805 524 magna:

1916 458 2072 518 αὐτῆς
2106 469 2166 534 τῇ
2197 469 2472 535 τριακοστῇ
2514 463 2677 537 ἡμέρα
2722 461 2956 537 ἔρχεται.
3005 472 3179 523 Ταῦτα
3208 464 3294 522 οὖν
3325 472 3353 528 ἡ
3385 471 3502 543 κόρη

216 537 502 606 gravitatis
529 536 759 592 detersit
779 553 961 591 manu.
986 538 1229 610 Cumque
1258 555 1377 597 eam
1410 554 1660 611 parentes
1692 546 1808 613 ejus

219 637 482 683 mutatam
508 642 629 681 esse
652 629 997 696 mirarentur,
1020 632 1275 699 requisita
1306 647 1419 687 rem
1448 635 1649 702 retulit,
1681 636 1806 704 quid

215 719 315 773 sibi
348 718 449 773 Dei
473 716 714 772 Genitrix
743 718 986 787 jusserit,
1012 720 1099 774 vel
1130 736 1233 790 qua
1265 722 1355 777 die
1388 723 1526 777 itura
1569 737 1711 780 esset
1737 726 1803 780 ad

216 807 538 877 obsequium
563 807 680 876 ejus
696 807 971 863 indicavit.
994 807 1146 865 Tunc
1171 822 1291 880 post
1315 811 1627 881 vigesimum
1650 813 1807 882 quin-

216 908 323 953 tum
356 900 507 952 diem
567 898 719 953 febre
745 908 994 967 correpta
1018 909 1122 954 est.
1184 902 1279 957 Die
1306 910 1482 957 autem
1528 901 1807 971 trigesimo

214 1006 333 1050 cum
364 991 499 1045 hora
522 991 640 1059 ejus
667 992 844 1045 exitus
867 992 1300 1061 propinquasset,
1325 994 1568 1048 eamdem
1591 993 1803 1049 beatam

214 1083 543 1139 Genitricem
559 1082 653 1137 Dei
666 1097 790 1137 cum
819 1082 1013 1152 puellis
1033 1098 1167 1153 quas
1192 1098 1287 1152 per
1302 1085 1561 1139 visionem
1573 1083 1797 1152 viderat,

214 1178 277 1233 ad
300 1192 360 1232 se
389 1178 579 1232 venire
609 1176 915 1245 conspexit.
942 1174 1038 1230 Cui
1067 1191 1126 1232 se
1156 1178 1318 1232 etiam
1349 1176 1561 1231 vocanti
1585 1190 1801 1246 respon-

214 1268 335 1324 dere
362 1268 556 1336 erepit,
580 1274 637 1322 et
650 1266 924 1335 depressis
940 1277 1255 1323 reverenter
1272 1267 1441 1323 oculis
1462 1274 1645 1336 aperta
1669 1281 1801 1323 voce

212 1360 445 1414 clamare
479 1373 495 1411 :
530 1357 691 1423 Ecce,
726 1357 977 1421 Domina,
1008 1358 1190 1423 venio,
1220 1372 1365 1425 ecce,
1426 1358 1670 1425 Domina,
1704 1372 1796 1413 ve-

212 1448 312 1502 nio.
347 1448 405 1502 In
429 1462 538 1517 qua
565 1446 729 1502 etiam
762 1462 896 1502 voce
922 1446 1169 1517 spiritum
1201 1449 1451 1517 reddidit,
1503 1460 1557 1505 et
1594 1467 1659 1505 ex
1690 1451 1795 1505 vir-

210 1539 361 1609 gineo
390 1546 418 1573 ι
445 1550 702 1605 corpore,
754 1536 1057 1593 habitatura
1101 1552 1221 1594 curn
1266 1540 1464 1597 sanctis
1502 1541 1796 1612 virginibus

209 1625 385 1681 exivit.

1914 548 2195 621 θεασαμένη
2221 554 2274 605 ἐκ
2301 554 2504 608 πάντων
2531 561 2629 608 τῶν
2650 556 2769 609 ἐθῶν
2794 559 2953 617 αὐτῆς
2974 558 3184 629 ἠλλάγη,
3216 566 3300 615 καὶ
3330 570 3503 619 πᾶσαν

1914 637 1995 706 ἀφ’
2023 639 2209 699 ἑαυτῆς
2237 640 2473 700 παιδικὴν
2509 644 2823 717 ἐλαφρότητα
2856 648 3076 717 συντόνῳ
3112 648 3322 719 δυνάμει
3352 655 3503 729 παρί-

1912 750 2091 805 πηρεν.
2134 733 2193 785 Οἱ
2238 731 2292 787 δέ
2321 736 2509 796 ταύτης
2536 744 2739 807 ⁴γονεῖς,
2789 737 2949 799 οὕτως
2991 742 3148 797 αὐτὴν
3199 741 3504 811 ἀλλαγεῖσαν

1912 822 2229 894 θεασάμενοι,
2251 829 2591 896 θαυμάζοντες
2613 870 2628 895 ,
2663 831 2934 905 ἐπηρώτων
2958 833 3106 890 αὐτὴν
3150 836 3267 906 περὶ
3297 834 3501 888 τούτου.

1913 908 1997 972 Οἷς
2036 935 2169 967 τισιν
2184 917 2482 988 ἀπελογεῖτο
2515 927 2539 955 θ
2573 921 2623 973 τί
2659 921 2784 993 αὐτῇ
2826 922 2855 977 ἡ
2899 922 3122 995 μακαρία
3163 920 3399 995 παρθένος
3424 924 3504 975 καί

1912 1006 2143 1066 θεοτόκος
2173 1010 2340 1081 Μαρία
2381 1010 2609 1065 ἐκέλευσε
2629 1049 2643 1075 ,
2680 1014 2764 1064 καί
2799 1014 2922 1086 ποίᾳ
2948 1014 3109 1086 ἡμέρᾳ
3139 1014 3208 1072 εἰς
3232 1013 3287 1066 τό
3310 1011 3501 1081 όψίκιον

1911 1096 2065 1155 αὐτῆς
2108 1096 2273 1165 μέλλει
2325 1100 2690 1171 ἀπέρχεσθαι,
2744 1102 2945 1162 τούτοις
3006 1103 3242 1172 ἐμήνυσε.
3292 1110 3363 1172 Τῇ
3412 1096 3500 1154 οὖν

1905 1185 2104 1259 εἰκοστῇ
2133 1187 2340 1261 πέμπτη
2370 1190 2531 1262 ἡμέρᾳ
2559 1196 2766 1265 πυρετῷ
2793 1188 2811 1225 ί
2838 1193 3144 1259 κατεσχέθη.
3173 1198 3244 1263 Τῇ
3271 1188 3324 1242 δέ
3353 1210 3498 1262 τρια-

1905 1288 2065 1353 κοστῇ
2103 1278 2184 1337 ὅτε
2213 1286 2243 1341 ἡ
2292 1288 2402 1359 ὥρα
2428 1294 2517 1348 τῆς
2546 1285 2716 1351 ἐξόδου
2766 1289 2925 1348 αὐτῆς
2971 1288 3295 1352 ἐπλησίασεν,
3350 1288 3498 1343 πάλιν

1903 1374 1994 1426 τὴν
2022 1371 2176 1429 αὐτὴν
2213 1376 2464 1448 μακαρίαν
2503 1377 2744 1450 παρθένον
2791 1381 2868 1431 καί
2912 1377 3134 1433 θεοτόκον
3175 1377 3299 1452 πρὸ,
3337 1374 3496 1434 «Eriza

1903 1456 2139 1511 ἐλθοῦσαν
2166 1462 2411 1519 ἐθεάσατο
2444 1466 2540 1518 σὺν
2567 1472 2685 1523 ταῖς
2725 1463 2914 1539 κόραις,
2950 1466 3007 1526 ἃς
3039 1468 3206 1521 καίτό
3254 1465 3496 1539 πρότερον

1903 1543 2015 1613 μετ’
2044 1548 2200 1608 αὐτῆς
2238 1547 2305 1605 δι’
2339 1551 2593 1611 ὀπτασίας
2633 1549 2690 1611 ἧν
2720 1553 3032 1624 θεασαμένη,
3065 1558 3146 1609 καὶ
3178 1556 3369 1611 ταύτην
3398 1575 3497 1606 κα·

1903 1634 2067 1691 λοῦσα
2102 1636 2291 1710 ἤρξατο
2326 1641 2452 1714 αὐτῇ
2484 1642 2869 1713 ἀποκρίνεσθαι,
2908 1646 3196 1717 ἐρυθριῶντι
3222 1645 3492 1717 βλέμματι,

212 1719 288 1770 καί
310 1722 444 1789 φωνῇ
474 1715 778 1789 πραοτάτη’
801 1712 948 1779 Ἰδοὺ,
974 1717 1148 1787 κυρία,
1180 1714 1437 1790 ἔρχομαι,
1472 1718 1602 1784 ἰδοὺ,
1632 1723 1805 1795 κυρία,
1836 1720 2078 1797 ἔρχομαι.
2106 1721 2185 1779 Ἐν
2213 1728 2374 1795 ταύτῃ
2405 1727 2458 1782 δέ
2486 1736 2547 1799 τῇ
2577 1738 2711 1804 φωνῇ
2751 1732 2807 1785 τὸ
2834 1740 3033 1802 πνεῦμα
3054 1731 3298 1797 ἀπέδωκε,
3328 1734 3409 1785 καί
3442 1733 3496 1784 ἐκ

211 1818 294 1866 τοῦ
314 1808 715 1886 παρθενεύοντος
752 1814 991 1880 σώματος
1036 1810 1326 1878 ἐξελθοῦσα,
1354 1815 1483 1884 μετά
1507 1819 1605 1868 τῶν
1637 1815 1791 1884 ἁγίων
1830 1818 2086 1891 παρθένων
2126 1823 2408 1889 κατκξαησε.

278 1905 440 1958 Ρετιι.
456 1903 594 1959 Cum
615 1904 904 1957 humanum
930 1918 1099 1972 genus
1118 1904 1299 1959 multis
1313 1914 1473 1974 atque
1499 1905 1793 1961 innumeris
1830 1922 1874 1978 Β

214 1994 345 2048 vitiis
358 1993 771 2062 sitsubjectum,
787 1993 1082 2049 Jerusalem
1098 1996 1333 2048 ctelestis
1358 1996 1642 2048 maximam
1669 2009 1793 2064 par-

214 2094 313 2140 tem
330 2100 397 2140 ex
420 2085 665 2154 parvulis
680 2086 760 2137 vel
782 2082 1073 2138 inlantibus
1091 2084 1321 2139 arbitror
1344 2099 1503 2153 posse
1516 2086 1793 2154 compleri.

776 2174 1004 2230 CAPUT
1049 2176 1228 2231 XVIII.

218 2267 359 2341 Quod
388 2266 699 2341 quibusdam
728 2268 956 2341 parvulis
976 2272 1115 2341 regni
1134 2270 1346 2341 caﬁlestis
1375 2270 1544 2323 aditus
1562 2288 1591 2322 tt
1616 2288 1800 2341 paren-

278 2337 407 2390 tibus
438 2339 726 2399 clauditur,
758 2353 875 2390 cum
902 2338 967 2390 ab
998 2339 1067 2390 eis
1106 2340 1235 2392 male
1273 2337 1625 2406 ηιιιιλίιιηιιιη⁷
1653 2354 1697 2394 et
1736 2344 1799 2393 de

278 2417 435 2477 puero
460 2408 784 2477 blasphemo.

281 2499 614 2552 GREGOBIUS.
660 2498 772 2551 Etsi
814 2512 999 2553 omnes
1031 2499 1326 2567 baptizatos
1353 2501 1605 2569 infantes,
1635 2511 1796 2572 atque

214 2588 265 2642 in
293 2590 482 2643 eadem
518 2588 742 2643 infantia
773 2591 1068 2645 morientes
1097 2594 1301 2661 ingredi
1325 2609 1546 2663 regnum
1577 2596 1796 2650 cwleste

138 2680 143 2683 ’
215 2680 539 2734 credendum
570 2690 675 2745 est,
729 2694 922 2734 omnes
953 2690 1131 2737 tamen
1163 2683 1416 2750 parvulos
1446 2686 1538 2753 qui
1587 2684 1796 2739 scilicet

211 2770 313 2841 jam
352 2772 503 2839 loqui
529 2782 774 2841 possunt,
796 2768 960 2842 regna
984 2774 1228 2829 etelestia
1244 2776 1448 2844 ingredi
1473 2778 1797 2831 credendum

216 2876 315 2916 non
343 2872 447 2927 est,
472 2867 598 2931 quia
628 2862 903 2917 nonnullis
927 2866 1165 2931 parvulis
1191 2864 1433 2934 ejusdem
1462 2867 1610 2937 regni
1632 2869 1798 2922 ctele-

216 2953 304 3005 stis
323 2952 505 3006 aditus
530 2966 558 3004 a
588 2952 905 3020 parentibus
925 2953 1213 3021 clauditur,
1241 2957 1285 3008 si
1317 2957 1458 3011 male
1475 2958 1797 3013 nutriantur.

218 3037 340 3092 Nam
368 3038 594 3109 quidam
617 3040 702 3092 vir
722 3042 927 3094 cunctis
949 3040 1002 3093 in
1037 3045 1135 3094 liae
1161 3042 1291 3096 urbe
1322 3044 1649 3110 notissimus,
1678 3058 1801 3100 ante

221 3128 503 3180 triennium
558 3126 726 3180 ﬁlium
774 3127 958 3182 habuit
1013 3145 1300 3193 annorum,
1360 3134 1500 3187 sicut
1544 3136 1798 3200 arbitror,

1976 1918 2139 1961 HETP.
2172 1909 2251 1962 Ἐν
2282 1918 2353 1979 τῷ
2382 1911 2582 1971 πολλοῖς
2617 1916 2704 1966 καί
2747 1914 3051 1987 ἀμετρήτοις
3087 1915 3271 1968 πάθεσι
3306 1915 3365 1968 τὸ
3401 1922 3497 1967 τῶν

1902 1994 2175 2068 ἀνθρώπων
2212 1999 2351 2068 γένος
2377 1999 2692 2069 ὑποταγῆναι
2719 2009 2809 2060 τῆς
2835 2002 3136 2074 ἐπουρανίου
3166 2004 3496 2076 Ἰερουσαλὴμ

1903 2083 2136 2138 πλεῖστον
2148 2087 2301 2157 μέρος
2316 2087 2345 2139 ὑ
2356 2087 2657 2155 πολαμϐοίνω
2671 2090 2727 2141 ἐκ
2745 2091 2931 2147 νηπίων
2944 2089 3134 2159 μέλλειν
3152 2092 3492 2165 πληροῦσθαι.

2512 2185 2741 2234 ΚΕΦΛΛ.
2784 2178 2878 2234 ΙΘ’.

1904 2259 2174 2339 Ἐρώτησις
2192 2302 2206 2325 ,
2238 2264 2319 2316 ἐὰν
2345 2265 2514 2339 πάντα
2534 2268 2617 2339 Δτοὶ
2644 2265 2992 2336 βαπτιζόμενα
3029 2265 3210 2339 παιδία
3238 2269 3497 2339 εἰσέρχον-

1976 2352 2057 2385 ται
2072 2335 2172 2455 δείς
2213 2341 2303 2390 τὴν
2344 2334 2747 2403 βασιλείανηιαί
2773 2334 3007 2409 περὶτοῦ
3035 2334 3497 2408 βλασφημήσαντος

1976 2422 2069 2454 παι
2104 2423 2201 2455 ιου.

1974 2422 2201 2455 παιοιου.

1974 2501 2309 2547 ΓΡΙΙΓΟΡΙΟΣ.
2348 2497 2511 2549 Πάντα
2539 2498 2627 2565 μὲν
2656 2497 2721 2549 τά
2751 2496 3096 2565 βαπτιζόμενα
3116 2500 3293 2559 νήπια,
3332 2499 3417 2552 καί
3445 2498 3495 2549 ἐν

1900 2576 2040 2652 ἀὐτῇ
2156 2583 2421 2639 νηπιότητι
2450 2584 2821 2641 ἀποθνήσκοντα
2850 2584 3086 2637 εἰσελθεῖν
3120 2587 3189 2644 εἰς
3222 2591 3311 2643 την
3340 2588 3496 2657 {sanato

1900 2670 2035 2725 λείαν
2056 2680 2154 2726 τῶν
2183 2675 2408 2749 οὐρανῶν
2429 2676 2519 2728 οὐκ
2544 2677 2885 2746 ἀπιστοῦμεν,
2908 2678 3030 2745 οὐχὶ
3056 2674 3107 2729 δὲ
3132 2678 3214 2729 καί
3234 2678 3301 2730 τά
3333 2676 3497 2730 λαλεῖν

1909 2760 2178 2836 ἀρχόμενα
2212 2767 2378 2821 πάντα
2420 2769 2490 2826 εἷς
2528 2768 2681 2825 αὐτὴν
2713 2768 2945 2821 εἰσελθεῖν
2977 2776 3000 2813 3
3027 2770 3345 2820 πιστευτέον.
3381 2767 3502 2820 ιΙολ·

1907 2850 2011 2910 λοῖς
2040 2854 2136 2926 γὰρ
2180 2862 2276 2908 τῶν
2299 2859 2487 2913 νηπίων
2516 2859 2546 2915 ἡ
2581 2867 2672 2918 τῆς
2699 2856 2853 2918 αὐτῆς
2894 2859 3157 2929 βασιλείας
3185 2855 3378 2917 εἴσοδος
3417 2860 3504 2911 καὶ

1909 2944 2048 3013 παρά
2076 2951 2177 2998 τῶν
2214 2950 2394 3016 γονέων
2424 2948 2766 3011 ἀποκλείεται,
2799 2949 2885 3001 ἒάν
2917 2954 3085 3007 κακῶς
3119 2948 3249 3000 αὐτὰ
3292 2947 3504 3018 ἀνατρέ-

1908 3055 2086 3103 φωσιν.
2114 3034 2194 3089 Ἐν
2216 3042 2315 3109 γὰρ
2346 3047 2413 3110 τῇ
2437 3042 2599 3111 ταύτῃ
2620 3049 2681 3113 τῇ
2706 3040 2847 3094 πόλει
2864 3079 2877 3102 ,
2907 3041 3032 3110 ἀνήρ
3061 3059 3137 3095 τις
3164 3044 3295 3091 πᾶσι
3319 3040 3500 3110 γνώρι-

1907 3146 1999 3193 μος
2022 3126 2297 3200 ὑπάρχων,
2325 3131 2427 3202 πρό
2456 3136 2607 3203 τριῶν
2636 3131 2757 3184 ἐτῶν
2786 3130 2896 3182 υίόν
2927 3127 3087 3195 ἔσχεν
3118 3124 3143 3161 '4
3169 3127 3503 3197 ὑπάρχοντα,

219 3217 487 3285 quinque;
541 3232 703 3285 quem
732 3219 896 3271 nimis
920 3220 1210 3274 carnaliter
1251 3220 1410 3293 40],
1456 3224 1687 3293 diligens
1716 3242 1798 3279 re-

1914 3218 1974 3277 ὡς
2004 3218 2376 3287 ὑπολαμϐάνω,
2407 3224 2475 3278 ὡς
2522 3221 2644 3273 ἐτῶν
2674 3219 2729 3272 ε’.
2759 3218 2961 3272 Ὀντινα
2996 3218 3106 3271 λίαν
3135 3220 3346 3287 ἀγαπῶν
3370 3221 3501 3271 κατά

222 3306 378 3361 misse
400 3294 697 3360 nutriebat.
742 3309 915 3375 Atque
945 3309 1083 3362 idem
1118 3313 1369 3377 parvulus
1401 3314 1565 3382 (quod
1597 3315 1742 3368 dictu
1776 3313 1800 3349 δ

220 3413 371 3465 grave
418 3399 533 3467 est)
588 3412 712 3451 mox
749 3408 807 3452 ut
850 3399 969 3466 ejus
1012 3402 1194 3453 animo
1241 3402 1439 3470 aliquid
1486 3406 1804 3470 obstitisset,

225 3490 555 3557 tnajestatetn
604 3488 700 3543 Dei
748 3488 1123 3557 blaspbeinare
1177 3504 1575 3547 consueverat:
1634 3495 1722 3563 qui
1755 3496 1807 3549 in

224 3582 365 3634 haec
402 3582 543 3636 urbe
600 3590 729 3634 ante
781 3582 1070 3636 triennium
1122 3585 1447 3638 mortalitate
1498 3600 1805 3656 percussus.

225 3674 446 3727 venitad
481 3680 739 3727 mortem.
800 3674 1042 3743 Cumque
1088 3690 1210 3729 eum
1238 3689 1368 3730 suus
1396 3687 1551 3745 pater
1598 3679 1651 3731 in
1688 3678 1809 3731 sinu

224 3772 440 3827 teneret,
492 3762 633 3817 sicut
665 3763 721 3817 bi
771 3767 951 3818 testati
978 3775 1104 3819 sunt
1128 3766 1217 3833 qni
1248 3777 1541 3834 prtesentes
1568 3766 1806 3833 fuerunt,

226 3860 479 3930 malignos
516 3860 580 3911 ad
621 3873 681 3913 se
721 3863 931 3913 venisse
979 3861 1201 3927 Spiritus
1252 3861 1602 3915 trementibus
1639 3861 1809 3915 oculis

225 3965 345 4018 puer
360 3952 659 4021 aSpiciens,
688 3952 850 4021 cmpit
878 3952 1113 4005 clamare
1145 3968 1157 4004 ;
1212 3950 1398 4017 Obsta,
1426 3963 1597 4019 pater,
1634 3953 1804 4018 obsta,

227 4053 383 4110 pater.
414 4044 525 4111 Qui
547 4044 791 4097 clamans
812 4044 1117 4097 declinabat
1146 4044 1354 4108 faciem,
1383 4052 1441 4097 ut
1464 4058 1526 4099 se
1551 4045 1618 4098 ab
1643 4046 1721 4099 eis
1755 4050 1807 4098 in

230 4138 340 4190 sinu
377 4137 553 4205 patris
579 4136 954 4189 absconderet.
983 4140 1149 4201 Quem
1191 4152 1311 4189 cum
1344 4136 1439 4189 ille
1489 4147 1806 4190 trementem

227 4227 521 4295 requireret
541 4226 666 4294 quid
693 4226 915 4289 videt-et,
943 4242 1072 4293 puer
1094 4224 1361 4294 adjunxit,
1394 4224 1610 4279 dicens:
1637 4225 1808 4278 Mauri

232 4316 465 4371 homines
500 4326 787 4381 venerunt,
820 4317 909 4381 qui
934 4332 1017 4368 me
1072 4318 1261 4368 tollere
1307 4315 1515 4367 volunt.
1558 4314 1806 4379 Quicum

231 4406 322 4462 hoc
343 4409 599 4474 dixisset,
631 4408 932 4475 majestatis
972 4421 1167 4459 nomen
1194 4408 1439 4472 protinus
1470 4404 1811 4473 blasphema-

232 4498 315 4564 vit,
345 4509 398 4552 et
431 4498 670 4551 animam
720 4497 977 4552 reddidit.
1027 4497 1091 4551 Ut
1122 4498 1265 4550 enim
1299 4496 1639 4564 omnipotens
1672 4497 1810 4549 Deus

1909 3311 1997 3361 τήν
2026 3304 2224 3378 σάρκα,
2251 3304 2573 3366 ἀπαιδεύτως
2810 3306 2954 3361 αὐτόν
2989 3307 3271 3379 ἀνέτρεφεν.
3303 3302 3447 3357 Ὅθεν
3475 3305 3503 3359 ὁ

1910 3395 2060 3452 αὐτὸς
2086 3400 2236 3457 παῖς,
2277 3394 2419 3450 ἡνίκα
2451 3397 2508 3449 τὸ
2547 3396 2737 3448 οίονοῦν
2769 3396 2993 3464 ἐνθύμιον
3037 3403 3098 3465 τῇ
3142 3394 3295 3466 Ίψυχῇ
3348 3394 3504 3446 αὑτοῦ

1910 3483 2227 3549 ὑπεισῆλθεν,
2260 3484 2371 3544 ἔθος
2403 3486 2608 3550 ἔλαϐεν,
2639 3484 2767 3561 ὅπερ
2798 3488 2884 3539 καί
2909 3490 3066 3539 εἰπεῖν
3094 3482 3314 3543 κίνδυνος
3341 3486 3509 3557 ὑπάριο

1914 3598 2021 3645 χει,
2064 3598 2152 3634 την
2178 3585 2270 3632 τοῦ
2293 3586 2419 3633 Θεοῦ
2450 3580 2768 3651 βλασφημεῖν
2796 3578 3179 3650 μεγαλωσύνην.
3215 3588 3269 3629 ‘O
3313 3571 3397 3629 οὖν
3421 3578 3511 3630 αὐ-

1910 3671 1995 3728 τός
2037 3678 2164 3729 παῖς
2203 3672 2252 3723 ἐν
2298 3678 2371 3743 τῷ
2415 3672 2662 3741 θανατικῷ
2691 3680 2763 3742 τῷ
2791 3673 2892 3743 πρό
2932 3677 3084 3744 τριῶν
3131 3672 3254 3723 ἑτῶν
3297 3668 3511 3724 ἐνταῦθα

1911 3760 2158 3829 ’γενομένῳ
2190 3761 2487 3832 κρουσθεὶς,
2517 3761 2601 3814 ἐπὶ
2632 3763 2690 3815 τὸ
2732 3761 2989 3815 ἀποθανεῖν
3016 3757 3175 3816 ἢλθεν.
3202 3758 3285 3810 Ἐν
3325 3756 3430 3827 όσῳ
3456 3756 3510 3811 δί

1912 3846 1937 3901 ό
1966 3855 2136 3920 πατὴρ
2162 3849 2321 3902 αὐτοῦ
2344 3850 2391 3901 ἐν
2412 3858 2484 3921 τῷ
2507 3850 2674 3918 κόλπῳ
2706 3850 2857 3904 αὐτόν
2886 3849 3107 3922 ἐκράτει,
3139 3850 3300 3906 καθώς
3337 3848 3383 3900 οί
3420 3848 3509 3899 αὺ-

1914 3939 2021 3992 τόοι
2041 3940 2293 4013 παρόντες
2336 3947 2676 4015 μαρτυροῦσι,
2720 3942 2787 3993 τά
2828 3947 2920 3997 τῆς
2968 3943 3211 4014 πονηρίας
3246 3935 3514 4005 πνεύματα

1910 4030 2039 4101 πρὸς
2061 4029 2215 4082 αὐτόν
2241 4028 2486 4083 ἐλθόνταὸ
2515 4037 2635 4089 παῖς
2666 4029 3004 4098 θεασάμενος,
3042 4028 3237 4098 τρέμων
3267 4028 3350 4078 καὶ
3386 4026 3533 4082 τούςν

1913 4119 2197 4188 ὀφθαλμοὺς
2229 4121 2471 4187 καμμύων
2510 4119 2699 4193 ἤρξατο
2730 4124 2951 4191 κράζειν
2984 4116 3273 4176 Ἐκδίκησόν
3308 4138 3388 4186 με,
3413 4118 3512 4172 πά-

1912 4232 2020 4285 τερ,
2055 4210 2341 4269 ἐκδίκησον.
2375 4216 2477 4271 Τὰς
2505 4211 2557 4267 δέ
2586 4215 2748 4286 φωνὰς
2773 4212 2971 4274 ταύτας
2994 4212 3221 4286 κράζων,
3264 4210 3419 4264 ἔκλινε
3454 4211 3514 4262 τὸ

1900 4309 2191 4380 πρόσωπον
2218 4309 2288 4366 εἰς
2318 4308 2403 4360 τόν
2425 4308 2609 4361 κόλπον
2632 4314 2719 4361 τοῦ
2748 4308 2943 4381 πατρὸς
2965 4306 3122 4360 αὐτοῦ
3153 4306 3299 4358 θέλων
3332 4304 3515 4357 ἑαυτὸν

1914 4395 2125 4467 κρύψαι.
2158 4402 2347 4451 Τοῦτον
2374 4394 2426 4451 δέ
2448 4397 2699 4470 τρέμοντα
2722 4396 2748 4449 ό
2776 4402 2945 4469 πατὴρ
2973 4397 3300 4464 θεασάμενος,
3325 4394 3512 4464 ἐπηρώ-

1913 4508 2066 4546 τησεν
2094 4489 2245 4542 αὐτόν
2269 4490 2319 4543 τί
2339 4489 2533 4560 θεωρεῖ.
2564 4499 2618 4541 ‘0
2657 4487 2708 4541 δέ
2737 4497 2854 4545 παῖς
2885 4489 3149 4562 ἀπεκρίθη,
3177 4487 3352 4554 λέγων·
3383 4488 3495 4536 Mat”)

231 4588 537 4642 ostenderet
591 4601 691 4655 pro
738 4602 845 4655 quo
872 4580 1023 4640 reatu
1084 4587 1276 4640 talibus
1341 4587 1537 4642 luisset
1584 4586 1805 4641 traditus

1919 4599 1996 4649 ροι
2026 4577 2280 4651 ἄνθρωποι
2300 4576 2444 4636 ἦλθον
2471 4578 2691 4636 θέλοντές
2718 4596 2777 4647 με
2804 4577 2999 4629 λαϐεῖν.
3042 4581 3202 4627 Τοῦτο
3242 4571 3293 4625 δὲ
3336 4573 3510 4633 εῗπὼν,

234 4678 652 4741 insecutoribus,
722 4679 861 4730 unde
930 4677 1193 4731 viventem
1240 4688 1388 4744 pater
1456 4692 1586 4732 suus
1650 4678 1817 4731 noluit

233 4772 517 4839 corrigere,
558 4772 659 4824 hoc
702 4773 1020 4825 morientem
1057 4771 1297 4837 permisit
1336 4772 1567 4835 iterare;
1622 4782 1678 4823 ut
1723 4770 1816 4839 qui

243 4858 324 4914 diu
348 4876 439 4928 per
478 4862 778 4914 Divinitatis
822 4859 1130 4927 patientiam
1181 4860 1525 4927 blasphemus
1571 4860 1810 4924 vixerat,

237 4950 551 5020 quandoque
597 4965 689 5019 per
737 4950 1043 5004 Divinitatis
1081 4952 1339 5016 judicium
1383 4950 1813 5018 bIaSpltemat‘et,

238 5049 288 5091 et
338 5052 669 5103 moreretur;
729 5050 993 5109 quatenus
1059 5052 1263 5093 reatum
1312 5057 1466 5093 suutn
1495 5050 1648 5108 pater
1699 5041 1816 5107 ejus

240 5144 570 5199 agnosceret,
600 5134 689 5203 qui
722 5134 928 5202 parvuli
963 5134 1054 5185 lilii
1084 5135 1318 5186 animam
1346 5135 1641 5202 negligens,
1707 5150 1812 5185 non

244 5224 510 5286 parvqum
538 5235 873 5293 peccatorem
897 5225 1156 5293 geltennie
1178 5224 1387 5292 ignibus
1408 5227 1683 5278 nutrisset.
1708 5224 1815 5279 Sed

244 5312 443 5369 interim
499 5320 601 5370 hoc
632 5317 782 5370 triste
811 5329 1153 5385 δρμυιιειιιοδ,
1219 5318 1285 5369 ad
1335 5332 1395 5369 ea
1425 5334 1544 5386 qua:
1595 5332 1816 5369 narrare

245 5414 568 5471 emperanius
589 5406 615 5443 (ί
650 5410 767 5461 laeta
792 5410 1095 5462 redeamus.

312 5530 335 5588 ἐι
367 5521 483 5575 Val.
514 5524 621 5585 CL,
648 5540 859 5588 corpore
878 5521 1102 5574 abitura.

312 5587 338 5626 ιδ
368 5591 611 5645 Nonnulli
642 5587 848 5653 Νυιω..
882 5592 1028 5660 nefas
1056 5602 1145 5643 est.

314 5673 339 5765 ἕ
369 5664 532 5785 gres:
554 5667 670 5741 urbe
698 5681 724 5717 a
754 5666 911 5717 duoli.
948 5662 1153 5716 Getnet.
1182 5672 1231 5714 ll
1262 5662 1477 5716 totidem
1508 5661 1710 5716 'l'ltcod.

366 5768 379 5783 .
436 5750 489 5785 ιι.
535 5748 636 5785 itu.

366 5748 489 5795 aut,
517 5748 636 5787 twn.

1918 4668 2147 4739 παρευθὺ
2197 4668 2255 4718 τό
2292 4674 2384 4722 τῆς
2424 4664 2785 4734 μεγαλωσύνης
2815 4661 2975 4730 ὄνομα
3003 4662 3362 4729 ἐϐλασφήμησε
3387 4697 3399 4720 ,
3433 4661 3512 4709 καί
3596 4687 3602 4693 -

1918 4760 1999 4813 ἐπὶ
2037 4762 2238 4815 τούτοις
2272 4761 2359 4812 την
2390 4756 2570 4825 ψυχην
2596 4752 2843 4807 ἀπέδωκε’
2876 4752 3005 4823 πρὸς
3030 4752 3133 4822 ’γὰρ
3159 4748 3216 4802 τὸ
3241 4745 3401 4808 δεῖξαι
3430 4746 3515 4798 τὸν

1920 4844 2301 4914 παντοδύναμον
2324 4846 2443 4898 Θεὸν
2468 4842 2553 4897 διὰ
2581 4850 2725 4896 ποῖον
2756 4842 3033 4911 ἁμάρτημα
3059 4841 3305 4894 rumor.“
3327 4836 3508 4907 ὑπηρέ-

1921 4957 2029 4995 ταις
2051 4931 2326 5006 παρεδόθη,
2356 4932 2485 5006 ὅπερ
2516 4930 2597 4986 ἔτι
2626 4936 2808 4994 ζῶντος
2835 4933 2999 4983 αὐτοῦ
3021 4969 3032 4989 ,
3060 4927 3085 4981 ό
3118 4930 3290 4996 πατὴρ
3319 4923 3515 4974 χωλοῦ-

1921 5046 2010 5079 σαι
2036 5025 2180 5078 αὐτόν
2211 5026 2302 5077 οὐκ
2324 5024 2549 5085 ἠθέλησε,
2577 5017 2745 5090 τούτῳ
2775 5019 3147 5075 ἀποθνήσκοντι
3183 5010 3515 5066 συναπελθεῖν

1920 5126 2316 5197 παρεχώρησεν.
2350 5125 2449 5175 Καί
2471 5118 2524 5175 ὃν
2551 5123 2580 5177 ἡ
2595 5121 2705 5172 θεία
2724 5118 3076 5188 εὐσπλαγχν³α
3091 5115 3400 5186 βλασφήμως
3429 5115 3515 5185 ζῇν

1921 5226 2204 5293 ἠνέσχετο,
2248 5230 2309 5295 τῇ
2339 5221 2508 5295 δικαία
2546 5223 2710 5291 κρίσει
2751 5221 2834 5273 καί
2869 5221 3248 5274 ἀποῖνησκοντα
3288 5214 3518 5282 βλασφη-

1927 5328 2086 5385 μῆσαι
2117 5318 2269 5370 αὐτὸν
2311 5318 2718 5387 παρεχώρησεν,
2746 5314 2829 5367 ’ἱνα
2862 5318 2955 5370 τήν
2993 5312 3177 5364 τούτου
3210 5308 3462 5378 ἁμαρτίαν
3491 5300 3520 5355 ό

1927 5415 2098 5484 πατὴρ
2126 5411 2278 5462 αὑτοῦ
2325 5406 2614 5477 διαγνώσῃ,
2666 5404 2807 5464 ὁστις
2852 5402 3043 5471 ἀμελῶν
3093 5405 3182 5457 τῆς
3220 5398 3400 5466 φυλῆς
3428 5414 3516 5448 του

2005 5531 2028 5594 f’
2056 5521 2175 5594 Ms.,
2211 5520 2290 5575 ὅτι
2315 5523 2464 5594 αὐτῇ.

2006 5590 2021 5626 ί
2063 5593 2185 5656 Μδη
2215 5587 2611 5659 κατασχεοεῐσα
2635 5596 2696 5661 τῇ
2719 5587 2794 5641 δέ.

2007 5672 2029 5707 8
2056 5650 2183 5723 Msa,
2204 5650 2547 5729 πιστεύωμεν.
2578 5670 2630 5710 et
2659 5650 2812 5723 paulo
2837 5666 2970 5723 post,
3001 5656 3233 5721 οὐρανίου
3270 5650 3447 5720 βασιλ.

2008 5729 2035 5767 ί*
2063 5734 2184 5796 MS.,
2216 5727 2333 5784 ὂντα
2363 5727 2801 5799 ὡςὐπελαμθανω
2834 5730 2952 5783 ἐτῶν
2980 5729 3145 5779 πέντε.

3402 356 3505 410 3130
3580 375 3587 386 ·
