3934 6302
497 277 600 331 5ῗὸ

1677 270 1914 325 SANCTI
1958 267 2282 324 GREGORII
2331 269 2541 323 MACNI

3679 271 3769 325 356

496 393 550 444 τὸ
577 390 690 463 ὅρος
717 389 914 447 ἔδονὴθη
946 393 1097 459 οωνὴν
1130 391 1296 450 ὥσπερ
1331 389 1509 456 tam.
1543 387 1566 441 »ἶ
1602 394 1619 417 "
1657 386 1960 456 τρομάσασα
1991 390 2071 452 νῆ,

2201 397 2280 435 ius
2311 391 2360 434 et
2388 385 2516 435 silva
2564 397 2816 435 concussa
2871 393 2944 436 est
2975 424 2986 446 ,
3022 397 3078 435 ac
3115 382 3162 435 si
3201 398 3260 436 se
3298 381 3442 435 ferre
3476 397 3580 434 non
3632 400 3776 449 posse

494 489 562 551 μη
587 482 825 536 δύνασθαι
846 490 932 541 τῆς
963 482 1247 552 ἁγιωσύνης
1271 482 1423 531 αὑτοῦ
1455 480 1508 530 τό
1533 478 1688 547 βάρος
1715 476 1994 547 ὑποφέρειν.

1093 634 1311 680 ΚΕΦΑΛ.
1366 625 1464 678 m’.

631 726 743 799 Περὶ
770 732 858 780 τῆς
882 723 1183 778 τελειώσεως
1213 725 1300 772 τοῦ
1329 719 1428 771 ἀπὸ
1456 718 1659 789 Μάρσης
1691 713 1942 769 διακόνου.

568 811 770 884 ’Έτερος
802 812 825 848 δ
856 812 1004 864 πάλιν
1026 811 1074 862 ἐν
1104 816 1164 883 τῇ
1196 812 1347 881 χώρα
1369 809 1548 882 Μάρσῃ
1580 805 1825 866 διάκονος,
1853 807 1986 857 πάνυ
2013 813 2073 870 τῇ

502 904 726 974 πολιτείᾳ
785 902 1148 956 εὐλαεέστατος
1191 899 1448 967 ὑπῆρχεν.
1517 903 1701 950 Τοῦτον
1755 896 1982 968 εὑρόντες
2031 895 2075 946 οἱ

505 991 867 1064 Λογγοίάρδοι,
900 992 1204 1064 ἐκράτησαν.
1237 987 1318 1050 Εἷς
1346 989 1398 1042 δέ
1427 992 1476 1052 ἐξ
1505 991 1669 1042 αὐτῶν
1695 994 1780 1045 την
1808 992 2078 1060 μάχαιραν

499 1084 710 1140 ἑλκύσας
733 1121 746 1142 ,
777 1087 865 1138 τήν
895 1082 1100 1151 κεφαλήν
1139 1077 1290 1135 αὐτού
1324 1082 1589 1148 ἀπέτεμεν.
1632 1086 1719 1138 Ὠς
1749 1076 1800 1131 δὲ
1832 1081 1887 1130 τὸ
1929 1085 2079 1147 σῶμα

501 1176 652 1223 αὐτοῦ
698 1172 765 1228 εἰς
805 1175 892 1227 την
930 1180 1020 1241 γῆν
1052 1169 1253 1230 ἔπεσεν,
1286 1171 1464 1227 ἐκεῖνος
1496 1169 1520 1222 ὁ
1549 1174 1637 1225 τήν
1678 1168 1886 1237 κεφαλήν
1917 1163 2076 1219 αι)τοῦ

503 1265 784 1332 ἀποτεμὼν,
811 1265 1074 1335 ἀκαθάρτῳ
1094 1264 1341 1333 πνεύματι
1363 1262 1662 1329 συσχεθεὶς,
1687 1262 1754 1317 εἰς
1777 1262 1896 1317 τούς
1918 1256 2077 1316 πόδας

499 1361 586 1407 τοῦ
621 1365 640 1389 ο
676 1356 899 1412 θανέντος
930 1353 1134 1417 ἔπεσεν,
1172 1355 1254 1405 ἵνα
1283 1351 1483 1425 δειχθῇ,
1514 1349 1592 1403 ὅτι
1623 1349 1684 1403 δι’
1709 1347 1759 1402 ὃν
1789 1349 1923 1421 φίλον
1950 1344 2077 1401 Θεοῦ

498 1445 744 1510 ἐφόνευσε,
772 1454 844 1518 τῷ
874 1451 965 1500 τοῦ
996 1450 1122 1499 Θεοῦ
1151 1440 1322 1516 ἐχθρῷ
1353 1440 1619 1516 παρεδόθη.

572 1548 743 1588 ΠΕΤΡ.
773 1539 831 1588 Τί
868 1543 1018 1591 τοῦτο
1063 1536 1314 1608 ὑπάρχει,
1343 1536 1464 1587 αἰτῶ
1497 1552 1574 1595 σε,
1603 1530 1681 1584 ὅτι
1715 1529 1738 1583 ὁ
1773 1527 2081 1583 παντοδύναο

502 1647 591 1695 μος
624 1629 746 1686 Θεὸς
792 1627 924 1681 οὕτω
952 1634 1264 1699 παραχωρεῖ
1289 1627 1550 1678 ἀποθανεῖν
1576 1662 1588 1684 ,
1619 1622 1810 1695 οὕσπερ
1841 1622 1968 1690 μετὰ
1993 1621 2080 1672 θά-

2182 473 2388 540 pondus
2435 473 2728 526 sanctitatis
2757 472 2872 540 ejus
2903 473 3104 527 diceret
3161 482 3310 525 terra
3338 513 3349 533 ,
3390 485 3511 538 quae
3545 478 3775 528 tremuis-

2178 572 2276 617 se“
2741 632 2965 687 CAPUT
3009 634 3200 687 xxnt.

2352 726 2424 777 De
2455 727 2669 778 transitu
2708 726 2723 761 ί
2751 726 2953 777 diaconi
2987 724 3241 777 Ecclesia:
3293 722 3622 776 Marsorum.

2255 815 2401 868 Alius
2432 831 2642 883 quoque
2688 817 2737 868 in
2772 826 2794 861 Β
2830 817 3116 869 Marsorum
3158 815 3449 882 provincia
3485 815 3607 868 vita:
3638 817 3780 870 valde

2182 905 2499 959 venerabilis
2541 906 2795 960 diaconus
2839 905 2970 969 fuit;
3017 923 3177 974 quem
3241 906 3531 958 inventum
3592 904 3778 975 Lange.

2185 992 2336 1047 bardi
2370 1005 2672 1060 tenuerunt,
2698 1011 2922 1064 quorum
2957 1012 3093 1049 unus
3143 996 3357 1049 educto
3404 995 3590 1060 gladio
3633 1010 3784 1064 caput

2186 1084 2300 1150 ejus
2342 1083 2655 1151 amputavit.
2686 1082 2790 1137 Sed
2821 1099 2938 1136 cum
2988 1098 3186 1151 corpus
3222 1083 3350 1150 ejus
3384 1083 3438 1135 in
3475 1090 3672 1136 terram
3704 1099 3782 1138 ca-

2186 1175 2357 1239 deret,
2388 1177 2497 1243 ipse
2550 1177 2633 1244 qui
2685 1175 2826 1228 hunc
2874 1178 3044 1242 capite
3095 1185 3486 1238 truncaverat,
3519 1175 3787 1231 immundo

2185 1265 2374 1332 Spiritu
2407 1277 2703 1332 correptus,
2739 1265 2803 1317 ad
2832 1265 2992 1330 pedes
3021 1264 3258 1325 corruit,
3293 1273 3349 1315 et
3385 1265 3532 1330 quod
3568 1265 3786 1319 anticum

2189 1357 2279 1409 Dei
2308 1356 2582 1420 occiderit,
2614 1356 2827 1408 inimico
2879 1355 2969 1408 Dei
3003 1355 3239 1408 traditus
3267 1355 3538 1409 ostendit.

2258 1525 2423 1580 Ρετιι.
2458 1526 2592 1591 Quid
2637 1534 2719 1579 est
2771 1528 2869 1580 hoc
2896 1571 2908 1591 ,
2937 1543 3120 1597 quteso
3152 1538 3233 1595 te,
3268 1529 3420 1598 quod
3454 1530 3787 1600 omnipotens

2190 1616 2328 1670 Deus
2374 1617 2450 1669 sic
2500 1617 2756 1681 permittit
2800 1616 2970 1684 mori,
3001 1633 3133 1685 quos
3188 1627 3379 1673 tamen
3412 1628 3538 1686 post
3569 1631 3784 1675 mortem

501 1736 644 1770 νατον
670 1718 756 1769 οὐκ
787 1719 1030 1786 ἀνέχεται
1058 1716 1281 1784 καλύψαι
1310 1718 1457 1774 ποίας
1484 1714 1768 1784 ἁγιωσύνης
1797 1715 2036 1783 ὑπῆρχον
2062 1726 2075 1775 ;

2200 1708 2344 1776 cujus
2373 1707 2668 1763 sanctitatis
2699 1707 2930 1772 fuerint,
2959 1722 3062 1762 non
3097 1711 3304 1777 patitur
3334 1709 3544 1764 celari?

1121 1817 1331 1857 suum.
1368 1804 1466 1856 κε’.

503 1900 618 1972 Περὶ
646 1899 730 1951 τοῦ
755 1898 964 1952 Θανάτου
992 1902 1084 1972 τοῦ
1114 1898 1372 1971 ἀνθρώπου
1402 1892 1494 1950 τοῦ
1538 1902 1687 1958 Θεοῦ,
1716 1893 1804 1949 τοῦ
1848 1899 2078 1949 ἀποστα-

1021 1967 1185 2025 λέντος
1200 1967 1262 2019 ’ἐν
1293 1968 1563 2038 Σαμαρείᾳ.

573 2066 911 2110 ΓΡΙΙΓΟΡΙΟΣ.
957 2059 1266 2130 Γέγραπται,
1314 2054 1392 2111 ὅτι
1435 2057 1519 2124 οἵῳ
1550 2055 1595 2109 δ’
1635 2051 1694 2110 ἂν
1722 2057 1917 2127 θανάτῳ
1957 2075 2082 2127 προ-

506 2149 692 2221 οθασθῇ
723 2147 747 2200 ὁ
777 2147 986 2208 δίκαιος.
1018 2151 1047 2205 ἡ
1075 2146 1369 2203 δικαιοσύνη
1396 2144 1556 2202 αύτοῦ
1581 2149 1664 2199 οὑκ
1690 2148 2082 2220 ἀφαιρεθήσεται

507 2241 594 2292 ἀπ’
618 2242 790 2293 αὑτοῦ.
821 2239 964 2293 ”Ὀθεν
993 2249 1098 2298 τοῖς
1127 2241 1366 2299 ἐκλεκτοῖς
1395 2241 1443 2292 ἐν
1482 2249 1542 2313 τῇ
1573 2243 1751 2309 αἰωνίῳ
1781 2245 1881 2313 ζωῇ
1911 2262 2082 2313 παρα-

506 2337 721 2386 τείνεται
748 2335 796 2386 τί
819 2334 978 2404 μέλλει
997 2335 1170 2392 αὐτοῖς
1200 2334 1479 2405 ὑπάρχειν,
1507 2337 1547 2386 εί
1576 2337 1659 2386 καὶ
1685 2339 1806 2409 πρὸς
1834 2336 1890 2387 τὸ
1919 2335 2081 2407 παρόν

505 2434 668 2496 πικρῷ
713 2427 905 2492 Θανάτῳ
957 2425 1359 2488 τελευτήσωσιν;
1409 2425 1640 2482 πολλάκις
1685 2423 1737 2476 δέ
1783 2427 1864 2477 καί
1912 2425 2083 2494 μικρὸν

507 2521 736 2580 πταῖσμα
764 2516 962 2571 τούτοις
993 2514 1362 2577 ὑπολέλειπται,
1398 2512 1520 2588 ὅπερ
1555 2515 1601 2565 ἐν
1631 2510 1768 2584 αύτῷ
1795 2521 1869 2584 τῷ
1891 2516 2082 2580 θανάτῳ

503 2606 772 2660 ἐκκοπῆναι
801 2605 996 2675 ὀφείλει,
1027 2602 1132 2657 ὅθεν
1163 2607 1246 2658 καὶ
1273 2605 1561 2671 συμϐαίνει,
1594 2602 1674 2657 ἔτι
1886 2605 2083 2665 ζώντων

507 2696 701 2758 αὐτῶν,
727 2699 844 2754 τοὺς
885 2697 1135 2756 ἐναντίους
1172 2696 1280 2749 κατ’
1299 2697 1460 2749 αὐτῶν
1502 2696 1731 2759 ἐξουσίαν
1773 2695 1943 2749 λαϐεῖν
1963 2736 1975 2756 ,
2001 2695 2084 2748 ἵνα

508 2789 847 2842 τελευτώντων
875 2789 1039 2841 αὐτῶν
1064 2789 1093 2843 ἡ
1117 2786 1365 2847 ἐκδίκησις
1393 2788 1462 2846 εἱς
1492 2792 1581 2845 την
1611 2789 1804 2839 ἐκείνων
1851 2785 2085 2853 ὠμότητα

509 2877 536 2913 ά
563 2881 755 2933 τούτων
802 2880 962 2932 αιὶτῶν
993 2882 1275 2947 γενήσεται.
1307 2880 1546 2952 Καθάπερ
1572 2882 1655 2932 καὶ
1685 2880 1764 2932 ἐπὶ
1787 2880 1967 2932 τούτου
1992 2884 2084 2932 τοῦ

506 2969 840 3044 σαρκοϐόρου,
867 2975 955 3022 τοῦ
983 2970 1444 3043 παραχωρηθὲντος
1472 2974 1637 3033 ζῶντα
1665 2971 1750 3023 τὸν
1785 2971 2084 3023 εὑλαθέστα-

504 3081 590 3113 τον
621 3059 842 3114 διάκονον
877 3066 1107 3131 κροῦσαι.
1148 3060 1294 3114 Ἀλλά
1322 3063 1643 3135 νεκρωθὲντος
1684 3057 1843 3114 αὑτοῦ
1875 3064 1929 3113 οὑ
1961 3083 2084 3114 συν·

509 3153 764 3225 εχωρήθη,
793 3153 954 3212 καθώς
981 3155 1061 3205 καὶ
1089 3152 1151 3204 τὰ
1181 3153 1291 3226 ἱερὰ
1318 3152 1463 3222 λόγια
1485 3147 1853 3224 μαρτυρουσιν.
1885 3149 2084 3208 Ἐπειδὴ

506 3245 602 3314 γάρ
625 3247 706 3295 καὶ
732 3242 756 3296 ὁ
796 3239 886 3296 τού
914 3249 1036 3296 Θεοῦ
1066 3239 1346 3319 ἄνθρωπος,
1371 3242 1396 3296 ὁ
1427 3245 1474 3296 ἐν
1505 3245 1760 3317 Σαμαρείᾳ
1787 3243 2088 3301 ἀποσταλεὶς

509 3331 571 3388 δι’
598 3331 661 3385 ὧν
702 3337 1006 3409 παρήκουσε,
1036 3333 1155 3387 λέων
1195 3335 1340 3388 αὑτὸν
1381 3335 1431 3386 ἐν
1458 3342 1519 3407 τῇ
1548 3332 1646 3406 ὀδῷ
1677 3333 1928 3403 ἐφόνευσε.
1961 3335 2087 3407 Πρὸς

508 3425 704 3483 τούτοις
736 3423 788 3477 δὲ
817 3425 1121 3497 γέγραπταί,
1147 3423 1222 3478 ὅτι
1243 3423 1372 3482 ἔστη
1395 3423 1419 3477 ὁ
1446 3425 1567 3478 λέων
1589 3426 1800 3483 πλησίον
1829 3434 1918 3485 τῆς
1949 3423 2083 3490 ὄνου,

507 3517 557 3567 ἐκ
588 3515 638 3568 δὲ
682 3513 771 3568 τοὺ
804 3519 1081 3586 πτώματος
1118 3518 1206 3568 οὐκ
1239 3515 1437 3587 ἑῲαγεν.
1466 3513 1611 3568 Ὅθεν
1655 3514 1922 3577 δείκνυται,
1955 3514 2031 3569 ὅτι
2059 3518 2088 3573 ἡ

508 3616 598 3666 τῆς
624 3618 888 3681 παρακοῆς
910 3607 1158 3680 ἁμαρτία,
1185 3609 1231 3658 ἐν
1255 3610 1390 3674 αὑτῷ
1411 3604 1481 3676 τῷ
1504 3608 1700 3677 θανάτῳ
1732 3609 2086 3681 συνεχωρήθη.

506 3694 593 3747 ⁸ον
622 3698 718 3767 γὰρ
750 3695 773 3747 ὁ
802 3698 948 3754 αὐτὸς
976 3697 1096 3748 λέων
1130 3703 1292 3756 ζῶντα
1331 3703 1568 3766 φονεῦσαι
1609 3698 1873 3766 ἐτόλμησε,
1905 3700 2088 3752 τούτου

510 3786 735 3849 ἅψασθαι
786 3788 1100 3855 φονευθέντος
1158 3788 1246 3838 οὑκ
1282 3787 1549 3854 ἐτόλμησε.
1591 3784 1834 3842 Φονεύσαι
1872 3789 1960 3857 μὲν
1993 3791 2088 3863 ’γὰρ

510 3880 739 3939 ἐξουσίαν
769 3875 968 3940 ἐλαϐεν,
994 3879 1045 3930 ἐκ
1070 3877 1121 3931 δὲ
1154 3884 1242 3933 τοῦ
1273 3881 1544 3948 πτώματος
1571 3885 1659 3932 τοῦ
1694 3889 1716 3914 υ
1742 3880 1968 3939 θανέντος
1996 3901 2091 3950 φα-

508 3979 610 4041 γεῖν
642 3967 810 4022 ἄδειαν
835 3971 918 4022 οὑκ
955 3968 1152 4023 ἔλαϐεν.
1180 3970 1378 4028 Ἐπειδὴ
1406 3973 1504 4044 γάρ
1531 3972 1716 4030 ἐκεῖνος
1741 3971 1764 4023 ὁ
1787 3974 1838 4023 ὲν
1880 3980 1941 4044 τῇ
1983 3978 2087 4044 ζωῇ

509 4062 795 4128 πταίσματι
839 4059 1111 4113 ὑποπεσὼν
1136 4100 1149 4123 ,
1183 4058 1264 4114 διὰ
1303 4067 1393 4114 τοῦ
1440 4064 1649 4114 θανά-του
1693 4061 1862 4114 λοιπὸν
1901 4061 2090 4122 δίκαιος

510 4151 728 4221 γέγονεν,
762 4147 915 4202 ὅθενὸ
944 4149 1063 4202 λέων
1093 4148 1117 4202 ὁ
1145 4150 1390 4222 πρότερον
1433 4154 1521 4208 τήν
1563 4154 1691 4212 ζωήν
1723 4158 1814 4204 τοῦ
1847 4151 2089 4224 ἁμαρτω-

511 4241 596 4294 λοῦ
666 4242 980 4306 θανατώσας,
1041 4243 1171 4313 μετὰ
1235 4243 1445 4297 θάνατον
1493 4239 1584 4298 τοὺ
1654 4241 1846 4298 δικαίου
1906 4254 2091 4316 πτῶμα

518 4332 768 4402 ἐφύλαξεν.

584 4539 750 4583 ΠΕΤΡ.
797 4529 1024 4601 Ἀρέσκει
1065 4527 1089 4581 ὃ
1123 4530 1300 4600 λέγεις·
1336 4529 1459 4584 ἀλλὰ
1498 4538 1677 4603 γνῶναι
1706 4531 1856 4591 θέλω,
1887 4533 1968 4584 ἐὰν
2007 4537 2093 4583 νῦν

514 4624 612 4695 πρὸ
640 4630 729 4682 τῆς
773 4621 1067 4692 ἀποληψεως
1097 4630 1194 4676 τῶν
1242 4625 1492 4690 σωμάτων
1522 4625 1569 4675 ἐν
1598 4632 1670 4696 τῷ
1701 4626 1893 4700 οὐρανῷ
1935 4644 2098 4698 προσ-

515 4712 758 4781 δεχθῆναι
786 4710 1022 4767 δύνανται
1047 4713 1097 4766 αἱ
1127 4712 1302 4783 ψυχαί
1324 4721 1421 4766 τῶν
1447 4711 1666 4767 δικαίων.

1154 4834 1364 4880 ΚΕΦΛΛ.
1424 4824 1528 4887 κέ.

727 4932 1002 5005 Ἐρώτησις
1029 4939 1146 5008 περὶ
1176 4943 1272 4989 τῶν
1297 4935 1485 5005 ψυχῶν
1519 4943 1616 4989 τῶν
1653 4934 1877 4989 δικαίων.

584 5080 919 5127 ΓΙἮΓΟΡΙΟΣ.
961 5077 1121 5125 Τοῦτο
1151 5067 1265 5125 οὔτε
1295 5073 1414 5145 περὶ
1439 5070 1639 5123 πάντων
1664 5079 1762 5123 τῶν
1787 5068 1984 5123 δικαίων
2018 5076 2092 5124 εἰ-

517 5173 630 5218 πεῖν
678 5164 944 5236 δυνάμεθα,
976 5161 1088 5216 οὔτε
1120 5163 1266 5218 πάλιν
1308 5163 1565 5221 παντελῶς
1607 5163 1943 5235 ἀρνήσασθαι.
1981 5166 2096 5217 Εἰσὶ

591 5342 611 5405 ξ’
757 5376 770 5397 ,
805 5334 1125 5405 τρομάξασα.

591 5400 617 5438 ³³
647 5403 766 5476 Ms“
798 5400 1036 5476 ἕτερον...
1070 5404 1355 5457 διάκονον...
1380 5403 1739 5458 εὐλαϐέστατον
1771 5402 2002 5476 εὑρόντες
2032 5402 2096 5455 οἱ.

595 5481 615 5507 θ
647 5473 763 5536 Με.,
787 5473 1037 5532 θανόντος.

591 5538 614 5575 δ
649 5543 770 5611 MS.,
804 5544 886 5600 διὰ
916 5547 1108 5600 τούτων
1133 5548 1318 5599 αὐτῶν.

595 5620 617 5682 °_
646 5613 769 5682 MS.,
800 5617 1050 5674 θανόντος.

599 5679 615 5716 ί
649 5679 787 5757 Lege
812 5686 1086 5756 Martyrol.
1117 5685 1272 5740 Rom.
1294 5727 1305 5752 ,
1331 5684 1414 5741 die
1452 5688 1512 5742 Μ
1548 5686 1743 5742 Martii.

2736 1816 2960 1873 CAPUT
3006 1819 3201 1872 XXIV.

2331 1930 2407 1984 De
2436 1941 2594 1984 morte
2622 1931 2716 1984 viri
2746 1930 2863 1997 Dei,
2895 1933 2981 2001 qui
3010 1933 3197 1985 missus
3228 1929 3424 1984 Bel/tet
3455 1933 3640 2001 fuerat.

2258 2067 2577 2122 Gancomus.
2623 2065 2754 2121 Cum
2799 2066 3052 2134 scriptum
3097 2067 3168 2120 sit
3207 2084 3220 2120 :
3256 2065 3453 2119 Justus
3491 2082 3780 2135 quacunque

2186 2169 2346 2212 morte
2374 2166 2654 2228 praeventus
2686 2157 2872 2227 fuerit,
2896 2157 3103 2226 justitia
3134 2172 3257 2220 ejus
3291 2171 3398 2207 non
3431 2157 3694 2224 auferetur
3721 2157 3777 2206 ab

2185 2267 2242 2304 eo
2272 2251 2423 2320 (Sap.
2443 2265 2510 2313 1v,
2539 2251 2599 2313 7;
2634 2247 2820 2301 Ezech.
2853 2248 3270 2317 xxxtu),electi,
3296 2248 3386 2316 qui
3416 2249 3600 2315 procul
3631 2248 3779 2300 dubio

2186 2345 2250 2397 ad
2301 2352 2608 2411 perpetuam
2640 2340 2800 2393 vitam
2845 2340 3093 2404 tendunt,
3134 2340 3268 2409 quid
3301 2341 3384 2394 eis
3435 2341 3592 2394 obest
3637 2341 3678 2393 si
3718 2341 3776 2392 ad

2187 2434 2450 2487 modicum
2497 2435 2628 2485 dure
2679 2430 3010 2484 moriuntur?
3052 2431 3119 2484 Et
3149 2439 3238 2484 est
3273 2431 3509 2483 fortasse
3541 2444 3772 2482 nonnun-

2186 2541 2342 2595 quam
2366 2540 2549 2579 eorum
2581 2523 2757 2590 culpa,
2790 2523 2913 2576 licet
2941 2523 3179 2587 minima,
3215 2538 3341 2590 qum
3377 2524 3428 2574 iu
3461 2521 3648 2575 eadem
3687 2521 3775 2574 de-

2187 2620 2309 2671 beat
2336 2628 2509 2670 mortc
2553 2614 2806 2670 resecari.
2842 2612 2992 2668 Unde
3021 2614 3075 2665 lit
3103 2622 3159 2666 ut
3189 2613 3366 2682 403
3397 2612 3610 2680 reprobi
3641 2618 3776 2677 pote-

2187 2721 2376 2766 statem
2431 2709 2642 2775 quidem
2693 2715 2877 2759 contra
2925 2707 3163 2758 viventes
3213 2704 3508 2771 accipiant,
3541 2701 3630 2757 sed
3679 2702 3771 2756 illis

2187 2801 2536 2857 morientibus
2567 2799 2665 2852 hoc
2690 2799 2743 2851 in
2771 2801 2850 2852 eis
2883 2798 3095 2866 gravius
3128 2797 3464 2862 vindicetur,
3490 2796 3630 2865 quod
3655 2810 3771 2848 con-

2190 2903 2269 2948 tra
2304 2892 2472 2945 bonos
2511 2898 2828 2958 potestatem
2885 2903 2994 2940 sua:
3043 2888 3396 2942 crudelitatis
3441 2892 3765 2956 acceperunt,

2187 2985 2325 3040 sicut
2353 2985 2492 3038 idem
2524 2982 2762 3037 carnifex
2804 2982 2892 3051 qui
2922 2982 3167 3034 eumdem
3199 2980 3574 3035 venerabilem
3605 2978 3766 3031 diaco-

2190 3094 2314 3132 num
2358 3078 2621 3128 viventem
2673 3073 2832 3126 ferire
2864 3072 3148 3140 permissus
3197 3084 3308 3134 est,
3355 3072 3581 3139 gaudere
3622 3083 3766 3136 super

2196 3178 2457 3222 mortuum
2509 3166 2796 3234 permissus
2843 3180 2946 3217 non
2998 3174 3098 3217 est.
3157 3163 3315 3230 Quod
3368 3177 3517 3216 sacra
3566 3176 3766 3228 quoque

2194 3266 2458 3314 testantur
2501 3255 2731 3324 eloquia.
2783 3253 2914 3307 Nam
2967 3254 3045 3306 vir
3097 3253 3191 3306 Dei
3249 3264 3440 3306 contra
3489 3249 3762 3304 Samariam

2192 3354 2418 3413 missus,
2446 3346 2567 3415 quia
2619 3360 2711 3414 per
2755 3343 3166 3397 inohedientiam
3200 3343 3254 3395 in
3292 3343 3486 3396 itinere
3531 3338 3760 3398 eomedit,

2194 3441 2335 3494 hunc
2382 3441 2464 3493 leo
2494 3441 2544 3490 in
2591 3436 2776 3491 eodem
2821 3435 3012 3488 itinere
3049 3434 3269 3487 occidit.
3317 3433 3424 3487 Sed
3458 3431 3633 3484 statim
3670 3427 3762 3480 illic

2193 3534 2448 3601 scriptum
2487 3540 2568 3585 est
2600 3548 2610 3583 :
2643 3530 2776 3597 Quia
2823 3529 2961 3581 stetit
3003 3527 3082 3580 leo
3114 3532 3273 3599 jumza
3311 3530 3548 3590 asinum,
3595 3534 3641 3576 et
3673 3538 3760 3573 non

2195 3625 2408 3679 comedit
2438 3624 2501 3676 de
2529 3623 2769 3675 cadavere
2811 3617 2930 3688 (III
2984 3618 3110 3687 Reg.
3149 3635 3268 3681 xm,
3303 3617 3420 3686 28).
3475 3617 3548 3668 Ex
3589 3627 3681 3681 qua
3713 3626 3761 3664 re

2194 3716 2490 3772 Ostenditur
2511 3713 2650 3782 quod
2685 3719 2957 3781 peccatum
2986 3709 3368 3763 inobedientia:
3394 3710 3447 3762 in
3480 3707 3590 3773 ipsa
3620 3702 3762 3756 fuerit

2196 3816 2365 3860 morte
2397 3805 2625 3856 laxatum
2648 3842 2661 3865 ,
2694 3802 2813 3868 quia
2842 3800 2979 3853 idem
3015 3800 3115 3864 leo,
3149 3813 3311 3866 quem
3345 3799 3607 3850 viventem
3639 3807 3761 3860 pra.»

2193 3901 2422 3964 sumpsit
2466 3895 2712 3948 occidere
2737 3933 2753 3958 ,
2786 3891 3095 3959 contingere
3125 3903 3226 3941 non
3269 3885 3604 3953 pra'sumpslt
3630 3881 3762 3934 occi-

2194 4001 2334 4040 sum.
2367 3986 2468 4052 Qui
2518 3985 2660 4039 enim
2711 3981 2984 4035 occidendi
3029 3993 3215 4032 ausum
3269 3978 3484 4039 habuit,
3509 3975 3573 4027 de
3616 3970 3763 4023 occisi

2197 4077 2454 4131 cadavere
2501 4072 2815 4128 comedendi
2849 4070 3114 4125 licentiam
3166 4084 3269 4120 non
3329 4065 3554 4132 accepit,
3585 4064 3696 4129 quia
3727 4061 3764 4110 is

2193 4169 2282 4238 qui
2334 4166 2609 4236 culpabilis
2654 4166 2707 4217 in
2756 4164 2860 4215 vita
2913 4162 3124 4224 fuerat,
3157 4160 3349 4228 punita
3405 4153 3763 4211 inobedientia,

2196 4269 2308 4313 erat
2327 4259 2436 4326 jam
2465 4257 2639 4325 justus
2670 4271 2734 4309 ex
2763 4265 2953 4308 morte.
3003 4254 3111 4306 Leo
3138 4267 3264 4320 ergo
3290 4252 3389 4320 qui
3425 4249 3564 4314 prius
3592 4258 3762 4314 pecca-

2195 4351 2332 4403 toris
2357 4351 2517 4400 vitam
2543 4356 2845 4413 necaverat,
2873 4342 3158 4398 custodivit
3190 4340 3530 4410 postmodum
3556 4337 3762 4389 cadat-er

2121 4471 2171 4529 D
2195 4444 2344 4512 justi.

2274 4537 2439 4588 Pura.
2470 4535 2645 4587 Placet
2677 4531 2817 4599 quod
2847 4529 3015 4595 dicis;
3051 4529 3144 4582 sed
3173 4542 3334 4581 nosse
3381 4525 3533 4580 velim
3562 4522 3601 4575 si
3633 4529 3758 4571 nunc

2201 4627 2228 4664 h
2259 4637 2381 4680 ante
2408 4623 2799 4679 restitutionem
2824 4635 3106 4690 corporum
3131 4618 3182 4673 in
3207 4618 3345 4672 celo
3378 4614 3537 4683 recipi
3570 4609 3758 4663 valeant

2202 4722 2393 4774 animzc
2410 4720 2570 4786 justo:
2587 4733 2693 4769 um.

2772 4803 2998 4859 CAPUT
3041 4803 3202 4855 XXV.

2206 4904 2264 4958 Si
2313 4911 2430 4955 ante
2487 4900 2848 4953 restitutionem
2900 4895 3126 4963 corporis
3181 4894 3495 4960 recipiantur
3547 4889 3594 4939 in
3646 4881 3754 4934 (οε-ὀ

2745 4967 2930 5018 animm
2965 4967 3242 5034 iustorum.

2271 5065 2592 5119 Gnttconms.
2628 5060 2738 5112 Hoc
2774 5056 2786 5094 ί
2825 5072 2999 5125 neque
3047 5055 3113 5107 de
3151 5055 3396 5106 ("minibus
3422 5050 3573 5119 justis
3618 5040 3750 5097 fulcri

2203 5171 2504 5228 possumus,
2524 5167 2697 5222 neque
2720 5150 2786 5205 de
2815 5151 3062 5203 omnibus
3094 5163 3306 5215 negare.
3337 5146 3464 5198 Nam
3495 5149 3611 5193 sunt
3639 5146 3755 5202 quo.

2286 5339 2308 5374 ε
2345 5327 2538 5380 Eadem
2569 5335 2649 5378 est
2680 5340 2739 5380 ac
2777 5325 3007 5390 Valeria,
3043 5325 3092 5377 in
3145 5325 3294 5378 Latio
3325 5325 3386 5377 ad
3419 5325 3581 5395 lacum
3616 5316 3750 5395 Fuci-

2211 5416 2356 5453 num.
2383 5399 2533 5450 llrbis
2563 5399 2849 5448 Marsorum
2875 5386 3014 5448 nunc
3044 5395 3232 5448 diruta:
3258 5397 3409 5448 sedes
3434 5386 3750 5460 episeopaiiS.

2210 5485 2348 5524 nunc
2375 5480 2456 5523 est
2481 5468 2614 5535 apud
2651 5465 2903 5519 Nscian
2937 5466 3207 5533 oppidum.

2285 5538 2309 5575 ίι
2346 5539 2455 5591 Duo
2499 5537 2730 5600 'l'ltcod.,
2761 5536 3010 5589 German.
3041 5546 3095 5589 et
3136 5539 3267 5604 pler.
3297 5535 3500 5596 Nortn.,
3531 5537 3637 5580 ante
3678 5539 3746 5574 re.

2212 5612 2584 5666 surrcrtionem.
2856 5674 2862 5675 γ
3561 5665 3639 5675 ΜΗ

2289 5660 2417 5734 λἘι
2452 5679 2547 5732 hac
2569 5675 2808 5745 Gregorii
2838 5674 3079 5731 doctrina
3110 5677 3262 5731 facile
3291 5678 3516 5731 solvetur
3544 5660 3743 5721 difﬁcul-
