4026 6320
161 304 310 362 ίῖίδ

857 308 1334 364 EPlSTOLARUM
1377 310 1485 364 LIB
1525 310 1616 365 XI.
1661 341 1730 351 —-
1773 312 2019 366 INDICT.
2061 311 2149 369 IV.
2191 345 2262 357 --
2302 311 2524 370 EPIST.
2565 314 2782 371 LXXV.

3315 321 3458 376 ΗΜ

235 421 407 476 Later
453 420 797 489 prmsentium
848 419 1198 488 Theodorus,
1250 423 1506 480 Ecclesiae
1557 440 1749 480 νθειιηυ
1781 432 1832 488 Α
1854 427 2030 480 omnia
2059 429 2419 498 segregandus
2447 441 2551 486 est.
2585 432 2746 495 Nam,
2781 431 2917 486 sicut
2943 441 3067 487 ante
3089 434 3198 503 jam
3229 435 3451 503 scripsi-

159 513 366 578 lector,
409 512 476 566 ad
517 522 826 566 sanctorum
867 514 1229 580 apostolorum
1273 516 1456 569 limina
1504 521 1755 578 veniens,

157 605 296 656 dum
344 615 564 666 omnes,
617 602 780 655 homo
819 602 1018 670 quippe
1057 618 1257 668 novus,
1294 604 1515 658 haberet
1550 605 1762 677 1174,

167 695 511 763 incognitus,
543 693 774 748 Andreae
803 694 1100 759 monacho,
1133 697 1221 763 qui
1253 696 1319 748 ad
1350 706 1598 751 sanctum
1627 701 1763 751 Pau-

163 783 286 835 lum
321 784 562 836 inclusus
595 781 802 845 fuerat,
837 795 922 835 res
952 791 1006 835 et
1032 783 1251 836 chartas
1281 799 1414 852 quas
1453 786 1672 851 detulit,
1705 797 1763 839 ut

165 888 230 926 re
280 887 409 925 vera
456 874 583 925 olim
632 882 794 935 noto,
843 873 1156 926 innocenter
1201 875 1486 942 deposuit,
1537 881 1763 931 credens

166 961 394 1028 quidem
427 960 568 1028 quod
602 975 753 1014 mens
784 961 985 1029 ipsius,
1018 963 1158 1014 sicut
1183 971 1238 1015 et
1269 978 1367 1017 nos
1397 975 1522 1018 ante
1563 965 1764 1019 habue-

169 1069 396 1120 ramus,
429 1071 550 1108 cum
583 1055 766 1108 habitu
796 1054 1166 1110 concordant.
1199 1055 1304 1109 Sed
1337 1066 1495 1110 tanta
1524 1058 1614 1111 ille
1647 1073 1764 1124 pra-

166 1147 362 1199 vitatis
393 1147 639 1198 inventus
667 1155 779 1207 est,
813 1157 900 1210 ut,
934 1146 978 1199 si
1020 1145 1138 1212 ejus
1173 1145 1410 1200 stultitim
1451 1147 1551 1201 sub
1598 1149 1766 1201 inclu-

168 1237 357 1290 sionis
387 1237 568 1303 specie
611 1236 768 1303 paulo
800 1236 974 1289 adhuc
1006 1237 1236 1302 amplius
1265 1237 1536 1304 licuisset,
1569 1241 1765 1293 multo-

169 1342 293 1379 rum
328 1325 537 1378 animas
567 1326 783 1378 malitiae
815 1341 925 1379 sua:
955 1324 1188 1379 falsitate
1215 1327 1519 1396 deciperet,
1548 1339 1602 1382 et
1631 1346 1764 1396 quo-

171 1431 388 1485 cunque
419 1416 679 1483 potuisset
712 1432 815 1469 non
843 1417 983 1470 levia
1025 1418 1273 1470 scandala
1299 1430 1596 1485 generaret.
1628 1420 1758 1473 Nam

173 1508 322 1561 inter
368 1507 470 1560 alia
511 1523 627 1575 qua:
669 1508 808 1561 idem
855 1507 1095 1562 Andreas
1139 1511 1366 1575 pessime
1410 1512 1664 1580 cogitavit
1701 1525 1754 1568 et

174 1595 343 1662 fecit,
377 1613 496 1650 eam
531 1613 740 1663 quoque
772 1613 928 1665 quam
964 1600 1028 1652 ad
1060 1615 1158 1654 nos
1185 1600 1404 1654 misi~tis
1425 1644 1438 1667 ,
1469 1602 1593 1654 dum
1625 1606 1761 1670 apud

176 1687 354 1753 ipsum
398 1703 427 1740 a
467 1688 689 1756 pra-fato
733 1689 902 1742 latore
945 1701 1088 1744 esset
1123 1691 1397 1757 deposita,
1440 1693 1508 1745 ita
1555 1693 1762 1747 falsavit

1864 535 2005 586 mus,
2038 521 2230 575 melius
2269 534 2354 575 est
2391 524 2458 578 de
2479 525 2601 576 ovili
2633 523 2903 577 dominico
2943 530 3246 580 morbosam
3290 543 3447 583 ovem

1862 612 2068 679 ejicere
2095 628 2254 684 quam
2284 615 2441 670 unius
2473 617 2601 670 vitio
2626 631 2783 669 sanas
2809 619 3076 672 amittere.

1937 709 2061 763 llaec
2090 709 2266 778 igitur,
2303 705 2470 762 frater
2496 709 2844 773 charissime,
2877 710 3161 779 diligenter
3195 720 3412 769 attende
3441 733 3455 780 ;

1865 807 1920 853 et
1959 801 2032 852 ita
2076 801 2262 864 stude,
2307 808 2364 852 ut
2400 809 2455 853 et
2485 800 2624 852 filios
2649 809 2858 854 vestros
2891 802 3072 857 unitos
3111 819 3171 858 ac
3201 805 3455 870 devotos,

1871 890 2079 960 1175
2097 890 2247 944 sicut
2271 891 2421 944 decet
2443 932 2456 953 .
2487 893 2688 945 habere
2720 893 2960 957 possitis,
2990 905 3044 947 et
3074 894 3173 947 hac
3205 898 3269 947 de
3297 911 3456 950 causa

1865 981 2044 1034 denuo
2091 964 2155 1032 ad
2208 995 2306 1034 nos
2354 981 2576 1048 querela
2637 996 2741 1034 non
2795 984 3002 1036 redeat.
3049 984 3296 1037 Latorein
3332 1002 3460 1040 vero

1866 1072 2249 1141 praesentium,
2298 1082 2354 1124 ut
2398 1072 2602 1140 praefati
2647 1085 2871 1137 sumus,
2917 1075 2970 1127 in
3016 1073 3262 1128 omnibus
3310 1091 3456 1129 com-

1867 1161 2210 1224 mendamus,
2263 1161 2392 1228 qui,
2447 1162 2696 1229 quoniam
2741 1164 2884 1229 prius
2919 1177 2946 1214 a
2991 1165 3134 1216 malo
3184 1166 3450 1218 monacho

1868 1251 2181 1304 innocenter
2225 1251 2480 1317 deceptus
2528 1261 2647 1316 est,
2700 1262 2755 1305 et
2803 1256 3139 1318 postmodum
3176 1265 3198 1291 α
3231 1258 3280 1307 in
3330 1272 3459 1307 eon-

1868 1343 2097 1394 victione
2125 1341 2242 1409 ejus
2287 1339 2499 1394 fortiter
2544 1344 2802 1408 perstitit,
2851 1342 3046 1397 laboris
3101 1344 3181 1397 sui
3226 1344 3458 1398 retribu-

1868 1433 2065 1486 tionem
2126 1434 2210 1486 hic
2265 1433 2403 1502 apud
2455 1444 2688 1487 vestram
2745 1435 3133 1488 fraternitatem
3189 1437 3457 1500 inveniat,

1867 1526 2114 1593 quamvis
2141 1525 2262 1593 quia
2291 1525 2343 1577 in
2371 1533 2570 1578 aeterna
2597 1526 2643 1576 ei
2674 1526 2844 1591 patria
2869 1537 3250 1593 Compeusetur
3276 1537 3456 1580 certus

1867 1616 2057 1668 exi~to.
2111 1612 2140 1651 δ
2197 1613 2253 1669 Si
2312 1625 2488 1668 autem
2548 1629 2734 1666 rursus
2788 1614 2853 1666 ad
2903 1617 3198 1668 orationem
3244 1615 3347 1669 huc
3394 1617 3458 1667 ad

1871 1716 2088 1759 sanctos
2134 1705 2408 1772 apostolos
2449 1707 2634 1758 venire
2673 1706 2938 1767 voluerit,
2983 1723 3102 1758 eum
3151 1708 3458 1760 fraternitas

173 1779 461 1844 epistolam
482 1819 496 1844 ,
525 1787 582 1829 ut
607 1777 914 1846 quicunque
940 1793 1058 1832 eam
1091 1779 1318 1847 legeret,
1345 1796 1440 1833 vos
1467 1796 1564 1834 nec
1587 1785 1757 1833 catbo.

1873 1806 2045 1850 vestra
2074 1797 2186 1849 sine
2209 1797 2381 1865 aliqua
2405 1810 2553 1848 mora
2583 1797 2932 1851 transmittat.
2959 1796 3066 1866 (Cf.
3091 1795 3250 1850 Joan.
3277 1797 3456 1861 Diac.,

177 1867 315 1930 lice,
352 1882 450 1919 nec
478 1877 624 1919 recte
648 1881 842 1933 sapere
871 1869 1148 1921 evidenter
1174 1880 1440 1939 argueret.
1473 1872 1550 1924 Ex
1577 1887 1677 1940 qua
1710 1890 1766 1926 re

177 1959 408 2025 contigit
449 1969 506 2011 ut
545 1959 672 2012 dum
712 1961 992 2013 veritatem
1031 1960 1270 2015 studiose
1295 1963 1619 2030 qua-rimus,
1651 1965 1766 2032 ejus

179 2065 304 2117 qum
339 2049 540 2101 latebat
571 2050 822 2117 iniquitas
868 2051 1194 2118 vulgaretur,
1226 2063 1281 2105 et.
1311 2061 1453 2105 tanta
1485 2053 1535 2105 in
1567 2069 1633 2106 eo
1675 2070 1762 2107 re-

182 2149 332 2205 perta
359 2149 486 2193 sunt
515 2150 712 2208 quanta
748 2155 847 2195 nec
877 2142 943 2195 de
970 2143 1234 2196 scelerato
1275 2159 1592 2212 quocunque
1632 2144 1767 2201 laico

178 2232 551 2284 crederentur.
584 2231 650 2284 Et
673 2232 793 2299 quia
821 2233 960 2285 inter
983 2232 1192 2287 diversa
1217 2234 1352 2286 mala
1380 2235 1584 2303 aliquos
1603 2238 1762 2291 etiam

181 2335 462 2376 sermones
490 2323 746 2390 scripsit,
776 2332 936 2391 atque
967 2337 1062 2377 eos
1090 2338 1152 2377 ex
1187 2336 1370 2377 nostro
1400 2327 1612 2379 nomine
1641 2328 1766 2380 titti-

182 2414 346 2475 lavit,
374 2422 429 2466 et
455 2415 688 2480 suspecti
715 2429 900 2468 sumus
929 2429 995 2468 ne
1021 2428 1114 2468 eos
1145 2414 1339 2468 alicubi
1374 2416 1759 2484 transmiserit,

182 2503 488 2557 fraternitas
533 2515 709 2558 vestra
755 2506 1164 2559 sollicitudinem
1211 2515 1402 2574 gerat;
1449 2514 1503 2560 et
1544 2509 1587 2560 si
1632 2510 1757 2575 quid

181 2595 289 2648 tale
319 2595 612 2662 repererit,
646 2610 738 2648 eos
769 2604 822 2649 et
856 2599 1083 2651 rescindi
1115 2605 1167 2650 et
1197 2598 1418 2650 omnino
1451 2597 1604 2651 faciat
1634 2600 1763 2650 abo-

179 2684 308 2747 leri,
343 2695 397 2736 ut
425 2685 570 2752 quod
613 2686 892 2754 imperitus
934 2687 1229 2740 litterarum
1271 2701 1325 2740 et
1362 2689 1653 2755 Scriptura:
1681 2689 1762 2742 di-

178 2773 316 2827 vina:
355 2775 598 2839 nescius,
638 2787 856 2844 nostro,
901 2780 1040 2831 sicut
1077 2776 1337 2838 diximus,
1373 2781 1588 2830 nomine
1619 2795 1762 2846 prte-

180 2867 416 2931 notavit,
466 2869 818 2935 quorumdam
866 2871 1076 2922 animos
1131 2886 1236 2922 non
1289 2873 1455 2937 possit
1512 2871 1754 2924 iniicere.

175 2959 304 3010 Nam
340 2973 436 3012 nos
469 2973 566 3012 nec
598 2958 783 3014 Graece
813 2961 1096 3024 novimus,
1129 2974 1227 3013 nec
1255 2961 1468 3028 aliquod
1503 2977 1636 3028 opus
1664 2963 1759 3013 ali-

170 3046 388 3116 quando
416 3046 602 3100 Graece
631 3048 1071 3110 conscripsimus.
1101 3049 1217 3102 Alia
1247 3065 1376 3104 vero
1405 3051 1539 3103 mala
1569 3051 1751 3119 ipsius,

1869 1889 1907 1940 Ι.
1935 1903 2007 1953 tv,
2039 1903 2085 1939 c.
2117 1887 2233 1956 8i.)

2361 1975 2695 2031 EPISTULA
2740 1975 2951 2030 LXXV.

2456 2083 2524 2118 AD
2564 2081 2858 2120 Αυιειιυδι.

1939 2156 2250 2212 Consolatur
2277 2174 2392 2211 eum
2417 2159 2481 2212 de
2508 2168 2668 2212 morte
2693 2162 2866 2227 fratris
2894 2171 2941 2212 et
2965 2161 3382 2214 tribulationibus

2425 2245 2554 2298 quas
2579 2229 2888 2298 patiebatur.

1937 2319 2229 2388 Gregorius
2261 2329 2286 2356 ⁸
2318 2321 2536 2376 Aurelio
2568 2337 2636 2376 ex
2674 2321 2917 2375 Francis.

1939 2411 2138 2465 Audito
2165 2412 2460 2466 dulcissimi
2494 2414 2585 2466 filii
2619 2414 2724 2467 mei
2745 2413 2773 2451 δ
2799 2412 2982 2467 fratris
3013 2415 3173 2468 vestri
3205 2415 3450 2480 transitu,

1863 2515 1971 2569 quo
1997 2502 2099 2554 sim
2129 2516 2365 2556 mterore
2396 2503 2678 2570 perculsus
2708 2503 3014 2572 epistolaris
3048 2519 3154 2556 non
3187 2505 3324 2557 valet
3354 2521 3451 2556 ex-

1865 2593 2010 2658 plere
2034 2593 2256 2647 locutio.
2290 2593 2394 2648 Sed
2428 2595 2854 2663 omnipotentem
2895 2596 3064 2650 Deum
3097 2611 3228 2666 rogo
3256 2608 3310 2650 ut
3341 2613 3453 2652 sua:

1865 2698 1960 2735 vos
1989 2685 2176 2752 gratia:
2209 2686 2535 2753 aspiratione
2564 2688 2896 2752 consoletur,
2932 2703 3133 2757 vosque
3163 2697 3216 2741 et
3240 2704 3268 2742 a
3302 2691 3453 2742 mali-

1862 2774 1979 2840 gnis
2012 2774 2292 2840 spiritibus
2314 2785 2418 2828 eta
2445 2776 2713 2844 perversis
2745 2778 3047 2831 hominibus
3079 2779 3288 2832 cmlesti
3321 2795 3447 2844 pro-

1863 2863 2097 2915 teCIione
2143 2866 2427 2918 custodiat.
2478 2865 2609 2918 Nam
2655 2868 2700 2919 si
2750 2883 2882 2932 quos
2931 2878 3046 2932 post
3078 2868 3220 2920 illius
3246 2869 3449 2924 obitum

1864 2955 2124 3008 tumultus
2149 2957 2498 3021 quorumdam
2528 2957 2923 3009 adversantium
2952 2958 3245 3022 sustinetis,
3283 2959 3448 3010 nolite

1862 3045 2070 3098 mirari.
2106 3047 2161 3098 Si
2194 3062 2288 3098 vos
2322 3048 2421 3100 frui
2457 3049 2608 3101 bonis
2639 3048 2691 3100 in
2723 3060 2864 3102 terra
2899 3063 3108 3109 veSIra.
3145 3051 3192 3102 id
3223 3061 3305 3103 est
3343 3061 3363 3087 ε
3396 3051 3445 3104 in

167 3141 256 3193 vel
297 3139 422 3207 quid
453 3139 519 3192 de
545 3153 612 3192 eo
640 3153 667 3189 a
698 3139 853 3192 nobis
882 3140 936 3192 in
964 3139 1195 3192 concilio
1229 3149 1485 3194 statutum
1521 3143 1627 3206 sit,
1662 3159 1754 3195 ειη.
1781 3153 1830 3216 c
1863 3143 2002 3188 terra
2043 3135 2338 3190 viventium
2379 3139 2618 3204 quairitis
2641 3179 2657 3204 ,
2706 3140 2845 3192 tnala
2895 3141 3166 3194 hominum
3211 3141 3262 3194 iti
3306 3154 3445 3196 terra

173 3227 358 3282 tedicti
393 3226 703 3294 portitoris,
733 3241 890 3296 quem
923 3227 1243 3282 fraternitati
1270 3239 1462 3284 vestrae
1495 3232 1546 3284 in
1582 3235 1756 3285 omni-

164 3321 271 3374 bus
302 3319 770 3384 commendamus,
801 3322 925 3390 quia
970 3337 1204 3390 praesens
1232 3322 1483 3378 inventus
1511 3335 1628 3392 est,
1662 3342 1750 3382 re-

172 3411 378 3465 latione
408 3411 767 3479 cognoscetis.

247 3499 272 3534 δ
301 3497 589 3551 Hortamur
617 3507 875 3568 prteterea
906 3509 1065 3569 atque
1106 3499 1456 3557 admouemus
1503 3514 1562 3558 ut
1605 3520 1755 3558 com-

170 3602 394 3641 munem
424 3589 587 3641 tilium
617 3588 816 3643 Lucam
844 3593 1216 3661 presbyterum
1238 3633 1253 3657 ,
1283 3593 1350 3647 de
1374 3609 1481 3662 quo
1505 3596 1752 3663 pepulus,

169 3689 432 3748 quantum
471 3679 693 3742 dicitur,
738 3696 842 3733 non
875 3683 1084 3735 modica
1117 3683 1429 3752 suspicione
1456 3689 1752 3753 tnordetur,

167 3770 388 3840 publice
436 3773 504 3824 dc
526 3785 585 3824 se
629 3771 980 3838 satisfacere,
1024 3782 1081 3827 et
1129 3773 1289 3828 fidem
1336 3791 1487 3829 suam
1535 3793 1756 3834 moui-as

164 3860 450 3926 contitcri,
496 3870 654 3928 atque
701 3873 915 3915 sanctas
964 3863 1232 3932 synodos,
1282 3881 1415 3934 quas
1461 3871 1752 3936 apostolica

166 3962 457 4005 veneratur
505 3951 778 4017 Ecclesia,
833 3968 891 4007 se
931 3955 1205 4022 suscipere
1251 3964 1308 4010 et
1347 3958 1533 4026 sequi,
1583 3961 1756 4013 modis

165 4040 423 4094 omnibus
474 4041 721 4108 fateatur,
778 4051 940 4108 atque
987 4045 1124 4098 inter
1170 4046 1270 4098 alia
1318 4046 1655 4116 Nestorium,
1703 4062 1758 4106 et

164 4138 461 4203 Severum,
512 4152 574 4190 ac
613 4153 873 4206 sequaces
925 4154 1147 4202 eorum,
1186 4142 1493 4208 specialiter
1535 4142 1757 4194 anathe-

171 4227 481 4282 matizando
511 4240 821 4285 contemnet
844 4273 857 4294 ,
891 4241 946 4286 ut
986 4233 1087 4288 hac
1122 4211 1487 4290 satisfactione
1527 4236 1580 4290 in
1625 4237 1756 4290 ﬁlio-

165 4332 290 4371 rum
339 4327 638 4372 vestrorum
680 4321 930 4374 cordibus
971 4323 1171 4375 nullum
1215 4340 1308 4390 per
1352 4327 1497 4379 illius
1519 4327 1757 4380 occasio-

167 4423 298 4462 nem
330 4419 515 4462 contra
544 4425 639 4464 vos
671 4413 840 4478 possit
880 4413 1184 4464 scandalum
1225 4430 1521 4469 remanere.
1568 4419 1668 4483 Qui
1711 4419 1754 4472 si

1860 3229 2039 3283 aliena
2069 3240 2282 3298 portare
2312 3231 2540 3285 debetis.
2589 3231 2956 3299 Peregrinatio
2987 3233 3183 3300 quippe
3218 3220 3299 3286 est
3343 3237 3444 3286 \ita

1861 3334 2101 3387 praesens
2127 3336 2140 3384 ;
2169 3329 2226 3372 et
2255 3318 2347 3387 qui
2377 3320 2610 3387 suspirat
2639 3322 2704 3373 ad
2741 3323 2998 3388 patriam,
3034 3323 3081 3374 ei
3115 3333 3439 3375 tormentum

1860 3419 1944 3462 cst
1973 3410 2424 3478 peregrinationis
2469 3411 2646 3475 locus,
2693 3413 2901 3465 etiatnsi
2944 3413 3169 3466 blandus
3210 3429 3329 3468 esse
3371 3416 3448 3468 vi-

1858 3501 2066 3555 deatur.
2103 3502 2266 3553 Vobis
2297 3512 2473 3554 autent
2507 3505 2594 3570 qui
2630 3503 2850 3569 patriam
2881 3505 3120 3572 quaeritis
3147 3545 3161 3567 ,
3192 3507 3329 3558 inter
3357 3523 3444 3557 su-

1859 3593 2018 3660 spiria
2065 3608 2183 3658 quae
2227 3593 2462 3656 habetis,
2503 3594 2662 3646 etiam
2703 3594 2935 3661 gemitus
2983 3596 3139 3646 audio
3191 3597 3438 3648 humanae

1859 3684 2222 3752 Oppressionis
2250 3701 2561 3752 exsurgere.
2593 3686 2742 3751 Qttud
2777 3687 2908 3739 mira
2937 3689 3318 3755 omnipotentis
3350 3686 3445 3739 Dei

1859 3778 2260 3845 dispensatione
2298 3778 2496 3846 agitur,
2551 3787 2606 3829 ut
2650 3777 2775 3830 dum
2827 3781 3024 3831 veritas
3071 3794 3165 3847 per
3204 3793 3444 3831 amorem

1859 3880 2051 3937 vocat,
2103 3870 2331 3924 mundus
2373 3885 2611 3938 praesens
2650 3885 2678 3922 a
2716 3871 2896 3938 seipso
2934 3871 3168 3924 animum
3208 3880 3444 3924 vestrum

1863 3978 1956 4028 per
1989 3963 2364 4016 tribulationes
2393 3977 2527 4030 quas
2559 3963 2753 4030 ingerit
2782 3964 3006 4029 repellat
3034 3979 3046 4027 ;
3083 3971 3337 4029 tantoque
3369 3961 3445 4014 fa-

1860 4054 2018 4106 cilius
2062 4052 2129 4105 ah
2172 4067 2354 4106 amore
2395 4052 2554 4121 hujus
2592 4051 2777 4106 szeculi
2820 4069 2970 4108 mens
3015 4064 3200 4116 exeat,
3243 4066 3445 4121 qttattlo

1860 4157 1914 4197 et
1967 4146 2265 4212 impellitur
2310 4146 2434 4198 dum
2487 4155 2727 4198 vocatur.
2784 4145 2997 4212 Itaque,
3054 4145 3266 4214 1176
3306 4146 3445 4212 quod

1863 4237 2123 4303 cmpistis,
2161 4236 2540 4304 hospitalitatis
2565 4251 2750 4290 curam
2780 4236 3090 4304 impendite,
3121 4237 3172 4287 in
3196 4237 3443 4288 oratione

1863 4341 1910 4378 ct
1969 4329 2217 4397 lacrymis
2273 4328 2659 4382 instantissime
2711 4329 2964 4380 laborata.
3027 4327 3424 4395 lifeemosyuis,

1862 4431 1993 4484 quas
2033 4430 2247 4482 semper
2289 4417 2540 4479 amastis,
2581 4415 2690 4483 jam
2729 4432 2868 4469 nunc
2900 4419 3092 4485 largius
3121 4425 3279 4482 atque
3311 4417 3442 4467 ube-

166 4499 312 4553 forte
333 4539 347 4561 ,
379 4500 522 4565 quod
555 4515 659 4552 non
691 4499 996 4560 credimus,
1030 4500 1208 4553 facere
1241 4504 1343 4556 hoc
1375 4505 1552 4571 aliqua
1585 4524 1747 4562 excu-
1780 4523 1834 4581 ι)
1865 4507 1974 4558 tius
2005 4520 2223 4572 operam
2253 4505 2408 4565 date,
2446 4514 2502 4558 ut
2532 4514 2678 4557 tanto
2712 4513 2832 4571 post
2859 4506 2910 4558 in
2945 4505 3293 4558 retributione
3322 4520 3444 4558 cre-

161 4587 378 4640 satione
406 4585 701 4649 distulerit,
731 4586 858 4639 nihil
887 4587 1037 4638 vobis
1064 4602 1185 4640 cum
1216 4589 1308 4642 illo
1335 4605 1619 4648 commune
1645 4599 1748 4660 sit,

162 4677 265 4734 sed
315 4691 346 4729 a
394 4675 749 4731 familiaritate
800 4687 958 4746 atque
1001 4683 1377 4736 communione
1424 4695 1601 4738 vestra
1656 4704 1751 4756 per

235 4861 420 4916 EPIS'I'.
462 4859 674 4914 LXXIV
714 4862 832 4924 (Al.
863 4861 989 4930 69).
1028 4893 1099 4905 -
1137 4871 1164 4899 ⁸
1192 4864 1266 4919 De
1298 4864 1525 4920 Eusebio
1554 4877 1609 4923 et
1639 4869 1751 4925 An-

160 4935 295 4990 drea
328 4931 583 5002 legendus
616 4931 833 4985 Photins
857 4977 871 4999 ,
902 4933 1031 4987 Cod.
1067 4935 1170 4988 162
1203 4935 1564 4992 Bibliothccte.

236 5003 291 5079 b_
313 5003 506 5079 Relege
533 5003 704 5079 epist:
725 5002 795 5056 42
823 5003 913 5055 lib.
946 5020 1009 5068 χ,
1044 5005 1228 5059 indict.
1257 5007 1320 5073 3,
1349 5009 1482 5063 alias
1511 5011 1670 5079 epist.
1704 5011 1737 5066 6

165 5073 295 5127 libri
323 5089 427 5138 vtt,
459 5073 642 5126 indict.
676 5074 732 5125 ἓ.

245 5153 267 5216 ς
311 5144 459 5216 alter
483 5143 716 5216 Bbem.,
750 5143 800 5194 in
832 5144 1156 5196 conven'ione
1183 5148 1317 5216 ejus.

237 5211 264 5248 ά
306 5213 641 5273 Corbciens.,
671 5215 714 5265 si
741 5222 908 5265 anilem
935 5229 1178 5265 reuersus.

241 5283 424 5354 Epts'r.
467 5281 661 5354 LXXV,
694 5282 800 5354 [ΑΙ.
833 5281 944 5354 7U].
986 5313 1056 5320 —
1095 5282 1412 5354 “Fortasse
1456 5289 1744 5346 legendum

164 5351 425 5410 Aurelia,
457 5364 511 5404 tit
546 5355 596 5404 in
631 5351 782 5404 titulo
825 5351 982 5418 epist.
1018 5353 1087 5405 36
1131 5353 1248 5406 libri
1280 5371 1348 5409 vtt
1379 5397 1392 5415 ,
1436 5359 1623 5412 indict.
1663 5363 1745 5416 l5.

167 5418 365 5491 Verum
398 5437 590 5474 nomen
621 5431 854 5474 statuere
884 5423 1098 5476 difficile
1129 5433 1209 5475 est
1241 5436 1453 5491 propter
1485 5443 1610 5479 mss.
1643 5431 1748 5481 Co-

163 5490 346 5541 dicum
380 5496 676 5556 penuriam.
711 5491 766 5542 lu
801 5496 979 5556 paucis
1011 5498 1154 5545 enim
1189 5497 1300 5546 haec
1343 5490 1566 5559 epistola
1608 5514 1738 5550 cou-

165 5564 382 5610 tinetur.
433 5561 504 5612 Ex
561 5559 826 5612 Vaticanis
871 5563 1016 5614 solus
1066 5563 1181 5615 cod.
1239 5568 1276 5615 Α
1327 5578 1446 5617 eam
1501 5568 1743 5620 exhibet.

169 5629 424 5748 {tantidem
471 5644 682 5699 quoque
727 5633 1019 5698 reperimus
1063 5633 1111 5688 in
1156 5636 1328 5688 altero
1373 5633 1562 5690 lthcm.
1595 5645 1648 5690 et
1692 5638 1744 5690 in

219 5711 368 5748 tctor.

219 5711 368 5753 tctur.

1861 4607 1976 4650 scat
2019 4598 2170 4649 vobis
2199 4593 2225 4632 ἀ
2259 4596 2462 4648 fructus
2501 4597 2715 4662 operis,
2765 4606 2965 4666 quanto
3011 4595 3092 4649 hic
3141 4602 3438 4649 excreverit

1863 4688 2094 4743 studium
2125 4687 2344 4741 laboris.

1930 4868 1960 4907 δ
2003 4869 2254 4938 lntelligit
2285 4871 2515 4923 fortasse
2557 4868 2876 4938 Dynamium
2919 4867 3235 4936 patricium,
3284 4887 3440 4940 quem

1857 4943 2028 4996 sancti
2068 4940 2309 5005 Gregorii
2348 4942 2580 4993 amicum
2623 4940 2788 4993 fuisse
2830 4948 3040 4992 constat
3074 4955 3138 4993 ex
3180 4942 3336 5007 epist.
3372 4945 3441 4998 35

1857 5012 1952 5065 lib.
1979 5027 2066 5074 nt,
2092 5011 2274 5064 indict.
2298 5009 2332 5060 2
2356 5053 2369 5076 ,
2394 5021 2448 5062 et
2470 5025 2532 5062 ex
2559 5010 2722 5076 epist.
2756 5008 2824 5062 56
2857 5009 2974 5062 libri
3006 5025 3108 5072 vn,
3142 5011 3326 5065 indict.
3346 5014 3365 5065 l
3384 5016 3438 5070 ὅ.

1931 5093 1954 5121 ο
1997 5081 2322 5146 Augustinus
2344 5120 2359 5140 ,
2392 5079 2444 5132 in
2482 5079 2612 5143 psal.
2643 5093 2736 5134 cnt
2759 5123 2772 5146 ,
2807 5080 3052 5132 concion.
3088 5083 3118 5134 4
3139 5122 3152 5140 .
3186 5098 3330 5132 ηιιιη.
3361 5082 3392 5132 tl
3424 5100 3438 5136 :

1857 5149 1926 5204 In
1954 5163 2090 5205 terra
2121 5151 2440 5203 morientium
2469 5166 2582 5216 spes
2610 5166 2720 5202 mea
2739 5191 2754 5213 ,
2782 5152 2832 5202 in
2862 5159 2997 5203 terra
3025 5151 3295 5220 uiuentium
3320 5169 3441 5220 por-

1857 5221 1928 5275 tio
1960 5239 2104 5283 mea;
2135 5223 2229 5275 lib.
2262 5235 2318 5273 ttt
2345 5220 2411 5273 de
2465 5221 2613 5272 Doct.
2642 5220 2843 5273 Christ.
2873 5259 2887 5281 ,
2939 5233 2990 5273 c.
3043 5219 3143 5283 δι,
3194 5219 3431 5276 Ecclesia

1857 5292 2055 5345 dicitur
2084 5301 2222 5345 terra
2251 5292 2542 5351 beatorum,
2575 5298 2711 5342 terra
2739 5291 3009 5342 viventium
3028 5332 3042 5350 ,
3073 5294 3193 5356 quia
3222 5293 3272 5342 in
3301 5303 3440 5344 αἰετ-

1857 5378 1978 5414 num
2009 5371 2282 5431 regnatura
2311 5357 2683 5431 cuerhn'sto.
2715 5360 2893 5412 Terre
2925 5360 3045 5412 vitae
3089 5377 3116 5412 a
3163 5372 3300 5413 terra
3345 5367 3434 5413 vi-

1855 5429 2092 5484 ventium
2144 5429 2339 5482 frustra
2391 5430 2676 5483 discrimen
2731 5432 2922 5496 qtizcrit
2969 5432 3433 5495 Gussanvillmus,

1855 5516 2028 5569 neque
2060 5503 2192 5552 liber
2219 5502 2337 5554 vita:
2363 5518 2390 5553 a
2421 5501 2556 5555 libro
2584 5501 2869 5554 vmentium
2896 5502 3258 5570 distinguitur.
3294 5503 3424 5560 Vide

1857 5583 2102 5640 sanctum
2135 5571 2351 5634 Thom.,
2384 5587 2400 5626 t
2431 5587 2520 5640 p.,
2555 5588 2605 5637 q.
2639 5570 2740 5636 24,
2771 5585 2820 5624 a.
2860 5571 2908 5623 l.

1925 5637 1949 5673 ἀ
1994 5640 2052 5722 lii
2079 5642 2288 5696 laudato
2341 5637 2527 5697 llliem.
2576 5654 2625 5696 et
2677 5641 2727 5695 iu
2785 5644 2890 5695 Sall
2948 5642 3175 5710 Victor.,
3224 5645 3436 5714 fructus

1856 5725 1936 5759 mu
1946 5726 2100 5763 ηρνιε.
