3928 6306
1030 391 1354 448 ΕΡΞΒΤΟΙΑ
1396 393 1629 448 LXXVI.

995 503 1060 538 Δυ
1101 503 1370 541 κειιλτωι
1409 505 1648 542 ΑΒΒΑἸΕἈ

546 571 646 626 Dat
677 572 1235 646 mandatauAugustt'no
1255 618 1268 637 ,
1299 594 1445 645 quem
1472 579 1677 641 adibat,
1711 579 2021 646 exhibenda,
2052 581 2120 633 ad

828 643 1111 709 faciliorem
1139 643 1420 714 Anglorum
1447 648 1840 702 conversionem.

621 761 646 787 α
688 752 978 822 Gregorius
1007 755 1205 810 Mellito
1233 757 1412 810 abbati
1442 759 1494 824 in
1530 759 1772 813 Francia.

620 843 751 896 Post
777 844 1072 899 discessum
1102 850 1526 916 congregationis
1553 861 1776 917 nostrae,
1801 866 1919 921 qua:
1949 859 2122 905 tecum

548 940 630 984 est
653 975 665 996 ,
699 933 849 988 valde
881 951 1065 988 sumus
1097 939 1341 1006 suspensi
1375 939 1600 1004 redditi,
1633 942 1756 1008 quia
1787 943 1862 996 nil
1898 945 1968 995 de
1998 957 2121 1010 pro-

550 1023 805 1085 sreritate
851 1026 1012 1079 vestri
1064 1025 1272 1082 itineris
1313 1029 1525 1084 audisse
1565 1045 1661 1083 nos
1709 1032 1949 1100 contigit.
1991 1034 2122 1088 Cum

550 1129 684 1170 vero
714 1130 808 1168 vos
839 1116 977 1171 Deus
1017 1120 1357 1188 omnipotens
1397 1122 1462 1173 ad
1504 1124 2000 1178 reverendissimum
2047 1126 2126 1178 vi-

551 1218 672 1256 rum
703 1203 919 1257 fratrem
949 1215 1186 1259 nostrum
1219 1211 1570 1277 Augustinum
1599 1214 1902 1280 episcOpum
1935 1217 2128 1283 perdu-

548 1293 716 1358 xerit,
743 1294 902 1348 dicite
951 1297 1000 1349 ei
1027 1297 1153 1363 quid
1181 1297 1269 1350 diu
1300 1315 1505 1354 mecum
1531 1302 1600 1356 de
1642 1318 1802 1358 causa
1834 1306 2123 1372 Anglorum

546 1382 785 1450 cogitans
815 1385 1067 1452 tractavi,
1099 1385 1346 1441 videlicet
1373 1391 1493 1457 quia
1525 1389 1551 1426 δ
1585 1391 1703 1445 fana
1734 1393 1993 1446 idolorum
2025 1395 2120 1448 de-

551 1473 684 1524 strui
719 1473 769 1526 in
800 1475 985 1528 eadem
1017 1487 1172 1546 gente
1204 1481 1421 1535 minime
1448 1483 1716 1547 debeant,
1749 1485 1840 1537 sed
1871 1487 1982 1554 ipsa
2008 1503 2125 1554 qua:

552 1558 607 1612 in
639 1564 716 1613 eis
745 1571 869 1614 sunt
899 1564 1035 1618 idola
1079 1573 1440 1624 destruantur.
1484 1573 1635 1639 Aqua
1676 1572 1952 1626 benedicta
1997 1573 2121 1639 fiat,

553 1649 603 1701 in
635 1649 837 1703 eisdem
873 1653 1006 1707 fanis
1037 1669 1371 1726 aspergatur,
1404 1659 1588 1712 altaria
1617 1669 2012 1725 construantur,
2043 1675 2125 1714 re-

552 1739 731 1807 liquize
763 1756 1048 1810 ponantur,
1074 1751 1193 1815 quia
1224 1750 1268 1803 si
1299 1751 1415 1803 fana
1445 1752 1630 1807 eadem
1658 1752 1794 1805 bene
1820 1762 2121 1806 constructa

1747 283 1987 338 SANCTI
2027 283 2348 338 GREGOllll
2388 283 2596 338 MAGNI

2146 405 2194 461 Α
2225 407 2428 466 tyrum,
2457 412 2679 464 quorum
2711 394 2816 449 illic
2847 395 3084 463 reliquias
3114 404 3398 460 ponuntur,
3434 395 3792 450 tabernacula

3671 281 3814 336 1216

2226 485 2324 537 sibi
2355 485 2494 538 circa
2527 484 2741 538 easdem
2771 484 3024 538 ecclesias
3051 499 3168 551 quae
3199 500 3260 536 ex
3292 483 3429 537 fanis
3457 496 3813 538 commutata:

2229 585 2382 640 sunt,
2413 575 2480 628 de
2511 573 2674 627 ramis
2701 574 2952 627 arborum
2987 575 3212 640 faciant,
3241 585 3294 629 et
3329 585 3350 612 ε
3383 575 3651 643 religiosis
3685 592 3815 628 enn-

2225 663 2381 715 viviis
2407 663 2798 716 solemnitatem
2828 662 3122 716 celebrent.
3155 663 3264 716 Nec
3293 664 3514 718 diabolo
3540 665 3657 731 jam
3690 668 3810 716 ani-

2227 749 2384 803 malia
2416 750 2719 814 immolent,
2752 751 2844 804 sed
2875 751 2940 803 ad
2973 750 3182 805 laudem
3215 751 3312 806 Dei
3357 753 3409 806 in
3454 767 3611 805 esum
3654 768 3810 804 suum

2232 841 2439 910 1177
2471 841 2719 895 animalia
2751 841 3033 906 occidant,
3079 853 3134 896 et
3173 843 3416 897 donatori
3459 842 3708 897 omnium
3748 844 3811 896 de

2227 933 2476 985 satietate
2526 947 2618 985 sua
2667 935 2866 1000 gratias
2916 934 3182 1000 referant,
3232 945 3288 987 ut
3330 936 3459 989 dum
3505 936 3591 989 eis
3635 936 3810 1004 aliqua

2227 1024 2461 1076 exterius
2484 1024 2672 1091 gaudia
2699 1034 3057 1090 reservantur,
3082 1027 3146 1078 ad
3175 1027 3424 1080 interiora
3452 1027 3653 1095 gaudia
3679 1042 3807 1079 con-

2227 1115 2429 1168 sentire
2456 1113 2665 1169 facilius
2693 1117 2925 1170 valeant.
2956 1115 3086 1170 Nam
3118 1115 3144 1152 ά
3175 1117 3322 1171 duris
3350 1118 3630 1170 mentibus
3655 1117 3808 1170 simul

2227 1205 2404 1258 omnia
2426 1204 2699 1258 abscidere
2713 1205 3041 1273 impossibile
3059 1219 3176 1260 esse
3195 1222 3298 1259 non
3315 1205 3536 1260 dubium
3558 1216 3667 1268 est.
3689 1209 3806 1273 quia

2228 1295 2273 1347 is
2294 1296 2378 1360 qui
2399 1295 2567 1348 locum
2584 1310 2846 1350 summum
2869 1297 3160 1351 ascendere
3190 1298 3371 1350 nititur
3392 1312 3626 1352 necesse
3647 1308 3734 1351 est
3763 1311 3812 1351 ut

2227 1384 2475 1450 gradibus
2518 1385 2601 1438 vel
2644 1384 2885 1451 passibus
2910 1425 2925 1450 ,
2957 1401 3062 1438 non
3093 1394 3269 1441 autem
3295 1387 3521 1440 saltibus
3549 1386 3811 1440 eleVelur.

2229 1474 2316 1526 Sic
2345 1473 2634 1527 Israelitico
2660 1474 2857 1540 populo
2879 1474 2930 1526 in
2955 1473 3187 1544 IEgypto
3219 1475 3475 1527 Dominus
3505 1489 3568 1527 se
3600 1474 3811 1542 quidem

2232 1563 2464 1616 innotuit
2490 1580 2504 1626 ;
2536 1562 2628 1616 sed
2661 1571 2836 1617 tamen
2878 1565 2958 1616 eis
2990 1572 3015 1600 ε
3046 1564 3430 1616 sacrificiorum
3482 1579 3650 1626 usus,
3681 1579 3810 1631 quos

2231 1654 2447 1707 diabolo
2478 1655 2719 1708 solebant
2749 1654 3032 1718 exhibere,
3066 1654 3119 1707 in
3149 1655 3290 1708 cultu
3323 1655 3544 1722 proprio
3577 1668 3813 1708 reserva-

2231 1747 2342 1807 vit,
2374 1753 2432 1798 ut
2457 1744 2533 1799 eis
2559 1745 2614 1798 in
2655 1745 2918 1799 sacrificio
2961 1760 3059 1799 suo
3089 1743 3334 1798 animalia
3367 1745 3654 1797 immolare
3686 1760 3816 1812 prae-

549 1839 704 1893 sunt,
737 1847 958 1888 necesse
982 1845 1064 1889 est
1091 1849 1144 1888 ut
1173 1839 1374 1892 a-cultu
1399 1841 1699 1894 dzrmonum
1727 1841 1779 1894 in
1808 1841 2118 1908 obsequium
2159 1845 2198 1900 Β
2228 1835 2435 1902 ciperet
2458 1851 2473 1901 ;
2501 1843 2789 1903 quatenus,
2815 1850 2912 1889 cor
2939 1844 3201 1888 mutantes
3227 1874 3244 1898 ,
3275 1835 3420 1887 aliud
3448 1834 3518 1887 de
3548 1836 3816 1886 sacriﬁcio

549 1919 663 1972 veri
697 1921 789 1975 Dei
821 1922 1054 1977 debeant
1082 1929 1427 1993 commutari,
1464 1938 1520 1982 ut
1550 1930 1673 1983 dum
1705 1945 1836 1998 gens
1878 1929 1992 1996 ipsa
2032 1945 2122 1983 ea-

552 2005 675 2060 dem
712 2008 830 2061 fana
864 2026 968 2064 non
1003 2014 1151 2068 videt
1178 2016 1417 2083 destrui,
1449 2018 1514 2072 de
1555 2018 1717 2072 corde
1755 2033 1993 2072 errorem
2033 2021 2129 2072 de-

557 2105 752 2164 ponat,
784 2108 840 2153 et
862 2141 876 2162 .
913 2102 1077 2156 Deum
1107 2119 1290 2159 verum
1323 2120 1653 2173 cognoscens
1682 2122 1744 2160 ac
1770 2107 2029 2172 adorans,
2062 2107 2126 2160 ad

555 2185 671 2239 loca
721 2203 839 2256 qua:
877 2193 1152 2246 consuevit
1193 2195 1506 2248 familiarius
1546 2206 1846 2250 concurrat.
1894 2195 1962 2248 Et
2008 2197 2128 2262 quia

554 2276 718 2332 boves
746 2283 919 2336 Solent
948 2286 998 2336 in
1030 2286 1288 2340 sacrilicio
1312 2287 1610 2342 drcmonum
1637 2291 1832 2342 multos
1858 2288 2123 2356 occidere,

555 2365 717 2420 debet
747 2370 829 2422 bis
860 2372 1018 2424 etiam
1050 2374 1148 2426 hac
1177 2375 1245 2428 de
1274 2392 1332 2429 re
1361 2378 1534 2443 aliqua
1581 2377 1889 2431 solemnitas
1932 2378 2126 2429 imum-

557 2457 691 2522 tari,
722 2466 777 2509 ut
796 2458 883 2512 die
906 2460 1252 2518 dedicationis
1276 2468 1357 2520 vel
1386 2470 1636 2522 natalitiis
1659 2479 1960 2526 sanctorum
1990 2484 2124 2522 mar-

628 2590 809 2675 ErtsI:
856 2594 1071 2675 ωιξνι
1107 2599 1335 2675 [Αιᾷᾙῖ
1365 2632 1434 2643 --
1462 2611 1486 2637 τι
1516 2603 1723 2658 Titulus
1751 2605 1835 2658 hic
1863 2606 2001 2670 apud
2037 2605 2131 2659 Be-

558 2660 845 2743 danhjlib.
889 2681 904 2719 ι
945 2660 1175 2743 [iecit-'53.
1207 2660 1430 2735 llistor.,
1475 2689 1595 2740 cap.
1637 2676 1740 2732 30.
1786 2676 1854 2727 ita
1898 2660 2126 2743 legitur:

561 2729 898 2814 Dilectissimo
921 2737 1038 2814 ﬁlio
1073 2739 1270 2793 Mellito
1313 2729 1480 2796 abbati
1513 2729 1787 2814 Gregorius
1825 2729 1995 2798 servti's
2030 2761 2132 2799 ser-

560 2815 735 2852 vorum
767 2805 880 2856 Dei.
915 2805 1173 2862 Gussanv.

631 2869 897 2953 bhEadem
946 2876 1040 2930 fuit
1071 2881 1246 2953 sancti
1289 2883 1564 2951 Augustini
1607 2899 1788 2949 mens,
1838 2885 1996 2953 epist.
2040 2883 2130 2948 47,

561 2939 624 3019 ad
655 2938 1024 3019 Publicolam:
1059 2948 1187 3001 Cum
1219 2938 1435 3019 templi},
1466 2955 1605 3006 idola
1627 2997 1640 3017 ,
1674 2938 1819 3007 luci.
1851 2938 1907 3008 ζ’.
1943 2993 1957 3008 .
1991 2992 2009 3008 .
2036 2992 2049 3005 .
2081 2938 2136 3006 in

562 3010 801 3093 {tenorem
832 3018 933 3068 veri
959 3017 1055 3070 Dei
1081 3010 1454 3083 convertuntur.
1487 3026 1579 3076 hoc
1606 3010 1668 3076 de
1703 3025 1802 3077 illis
1831 3025 1887 3092 ﬁt
1910 3025 2042 3093 quod
2074 3025 2137 3076 de

563 3081 868 3150 hominibus,
892 3102 1003 3139 cum
1019 3106 1092 3164 ea:
1115 3095 1373 3164 sacrilegis
1402 3081 1450 3148 et
1473 3094 1639 3164 impiis
1668 3097 1720 3147 in
1748 3081 2138 3162 veram'religio-

564 3166 677 3227 nam
706 3164 983 3227 mutantur.
1019 3159 1415 3227 Tltendoretus,
1448 3165 1516 3216 de
1546 3159 1795 3218 curandis
1823 3159 2132 3219 tlrarcor'um

564 3220 893 3301 A_ll'ectibus._
926 3241 1094 3280 serm.
1139 3230 1205 3294 8,
1239 3234 1304 3287 de
1338 3220 1690 3301 martyribus,
1724 3235 1995 3288 destructa
2027 3235 2137 3300 qui-
2163 3220 2208 3282 C

564 3292 686 3378 dem
714 3308 843 3378 esse
864 3296 1084 3378 deorum
1118 3292 1308 3368 templa
1343 3313 1398 3357 et
1428 3292 1548 3357 aras
1579 3292 1885 3378 pronuntiat
1908 3346 1936 3378 ,_
1951 3292 2135 3358 eorum

566 3376 694 3415 vero
741 3373 1015 3442 materiam
1065 3385 1277 3425 omnem
1321 3383 1613 3442 martyrum
1659 3373 1797 3429 fauis
1837 3375 2137 3428 dedicatam

568 3446 708 3510 esse.
729 3433 906 3510 Paulo
932 3438 1087 3510 aliter
1117 3455 1269 3495 conc.
1323 3433 1634 3510 Epao'nense
1683 3460 1823 3497 anno
1855 3444 1978 3509 5l7,
2014 3460 2132 3495 can.

566 3503 671 3580 S5}
721 3502 970 3558 Basilicas
1021 3502 1411 3576 hereticorum,
1453 3530 1576 3580 quas
1616 3524 1757 3565 tanta
1799 3502 2141 3566 exsecratione

567 3573 806 3627 habemus
856 3593 1062 3643 exesas,
1119 3592 1170 3632 ut
1227 3573 1560 3650 pollutionem
1606 3600 1779 3635 earum
1827 3584 2142 3651 purgabilem

568 3655 988 3724 nonnputenrus,
1043 3653 1231 3704 sanctis
1285 3654 1457 3705 usibus
1504 3653 1765 3724 applicare
1812 3654 2139 3724 despicimus.

569 3714 753 3795 anglis
780 3716 844 3767 ad
874 3717 1028 3795 tidem
1060 3724 1329 3795 conversis
1349 3763 1363 3786 ,
1396 3714 1677 3776 censuerat
1703 3722 1993 3795 Gregorius
2023 3723 2141 3795 luna

571 3788 836 3864 idolorum
887 3789 1393 3864 destruendagqua
1445 3795 1510 3845 de
1563 3809 1618 3845 re
1669 3794 1979 3864 Edilbertho
2029 3793 2140 3861 rt'gi

569 3857 856 3928 scripserat
888 3857 983 3908 hac
1017 3859 1130 3928 ipsa
1166 3857 1457 3914 indictione
1487 3865 1642 3928 epist.
1677 3864 1783 3922 66;
1818 3863 1911 3916 sed
1945 3857 2140 3914 mutaia

573 3925 1271 3998 sententiaconvenientius
1309 3925 1572 3998 judicavit
1611 3940 1667 3985 ut
1706 3934 2063 3997 expiarentur,
2092 3941 2146 3984 et

572 4007 601 4043 a
636 3993 777 4044 cultu
817 3993 1116 4050 daemonum
1147 4000 1196 4052 in
1227 3993 1541 4069 obsequium
1574 4002 1684 4055 veri
1718 3993 1811 4055 Dei
1841 4012 2146 4055 commuta-

575 4077 778 4119 rentur.

650 4146 673 4172 ο
709 4135 796 4211 Ab_
822 4135 951 4211 ipsis
993 4137 1265 4211 religionis
1305 4140 1621 4195 ChriStiana:
1662 4140 1964 4211 primordiis
2002 4142 2144 4194 cele.

580 4206 939 4278 brata_fuisse
978 4206 1224 4278 religiosa
1267 4214 1508 4264 convivia
1543 4206 1721 4265 nullus
1754 4216 1979 4274 ignorat.
2015 4211 2148 4264 llinc

580 4275 943 4353 post_G_trn_an_i
977 4275 1296 4353 dominicam
1328 4283 1566 4336 convivia
1598 4283 1686 4336 illa
1727 4284 1923 4353 ἀγάπῃ
1967 4280 2108 4334 dicta
2132 4322 2145 4343 ,

577 4347 1055 4422 quod‘Gltristianm
1081 4352 1354 4406 charitatis
1383 4363 1563 4407 essent
1589 4347 1851 4422 symbo'la.
1879 4351 2146 4422 Frequen-

580 4428 685 4468 tata
718 4417 930 4470 fuerunt
959 4432 1140 4485 postea
1173 4425 1435 4488 eju~tnodi
1466 4417 1705 4477 convivia
1740 4425 1790 4475 in
1825 4422 1960 4474 festo
1992 4421 2152 4474 Dedi-

583 4488 809 4562 cationis
869 4491 1133 4562 ecclesiae.
1183 4493 1432 4548 Sidonius
1485 4492 1875 4562 Appollinaris,
1925 4491 2148 4562 epistola

2235 1926 2541 1979 amitterent
2562 1967 2577 1990 ,
2606 1925 2750 1978 aliud
2779 1927 3108 1989 retinerent,
3138 1933 3195 1977 ut
3219 1923 3317 1978 etsi
3347 1925 3461 1990 ipsa
3487 1932 3682 1978 essent
3707 1925 3818 1975 ani-

2232 2015 2390 2068 malia
2429 2030 2546 2083 quae
2585 2015 2779 2068 offerre
2821 2026 3241 2082 consueverant,
3278 2025 3663 2070 verumtamen
3709 2015 3813 2069 Deo

2235 2109 2348 2163 haec
2391 2119 2445 2162 et
2489 2123 2595 2162 non
2640 2110 2795 2162 idolis
2833 2109 3208 2175 immolantes,
3237 2109 3345 2178 jam
3389 2108 3664 2161 sacrificia
3709 2111 3812 2174 ipsa

2235 2212 2340 2251 non
2373 2207 2571 2252 essent.
2605 2197 2731 2251 lla-c
2783 2197 2940 2266 igitur
2987 2198 3326 2252 dilectionem
3370 2209 3518 2251 tuam
3563 2198 3814 2264 przedieto

2236 2287 2384 2342 fratri
2417 2303 2633 2342 necesse
2662 2298 2742 2342 est
2771 2289 2981 2355 dicere,
3028 2299 3086 2343 ut
3127 2291 3271 2359 ipse,
3315 2291 3365 2344 in
3405 2291 3668 2358 praesenti
3710 2292 3813 2345 illic

2235 2381 2476 2446 positus,
2528 2380 2820 2447 perpendat
2864 2380 3093 2446 qualiter
3137 2382 3312 2434 omnia
3361 2382 3556 2434 debeat
3599 2381 3813 2448 dispen—

2235 2482 2374 2521 sare.
2412 2467 2548 2522 Deus
2580 2476 2631 2522 te
2661 2468 2978 2522 incolumem
3010 2470 3306 2535 custodiat,
3335 2469 3691 2524 dilectissime
3721 2470 3811 2522 ﬁli.

2239 2607 2303 2660 Et
2333 2604 2470 2679 infra
2498 2624 2510 2661 :
2543 2609 2878 2676 Agathemero
2899 2611 3069 2679 nepoti
3091 2628 3200 2665 meo
3227 2612 3422 2664 vineam
3449 2613 3586 2664 dono
3609 2651 3626 2674 ,
3662 2629 3813 2672 quam

2238 2679 2382 2744 posui
2430 2676 2782 2743 Vindonissa,
2827 2690 2876 2734 et
2927 2676 3036 2734 meo
3084 2683 3256 2734 labore
3294 2683 3584 2746 constitui;
3624 2683 3722 2734 sub
3761 2699 3814 2734 ea

2238 2747 2531 2799 conditione
2569 2763 2620 2801 ut
2661 2766 2692 2801 a
2730 2751 2956 2816 partibus
2995 2752 3099 2804 suis
3129 2752 3356 2805 omnibus
3387 2753 3562 2804 diebus
3596 2753 3744 2815 festis
3772 2763 3815 2802 et

2242 2815 2521 2868 Dominicis
2567 2835 2657 2878 pro
2695 2815 3168 2873 cbmmemoratione
3206 2839 3314 2874 mea
3359 2823 3520 2874 sacris
3561 2821 3816 2872 altaribus

2239 2885 2484 2959 o/feratur
2513 2889 2700 2940 oblatio
2721 2930 2734 2953 ,
2767 2901 2813 2941 et
2855 2889 3280 2943 Landunensibus
3318 2892 3626 2959 presbyteris
3671 2902 3817 2954 atque

2239 2956 2534 3029 draconibus
2561 2975 2733 3010 annua
2759 2962 2984 3012 convivia
3011 2956 3443 3014 concedenteDeo
3468 2956 3815 3029 prtebeantur.

2239 3024 2538 3079 Notandum
2569 3039 2620 3080 et
2650 3029 2775 3081 illud
2804 3029 3163 3094 Theodoreti,
3207 3031 3274 3083 de
3315 3024 3563 3083 curandis
3596 3030 3819 3082 Gneo—

2240 3110 2357 3147 rum
2389 3094 2714 3159 All'emibus,
2749 3113 2913 3152 sertn.
2948 3101 3008 3163 8,
3046 3102 3096 3153 in
3130 3103 3231 3154 line
3253 3141 3267 3162 ,
3317 3101 3406 3153 ubi
3449 3099 3516 3152 de
3557 3100 3816 3151 illustria-

2240 3164 2387 3236 ribus
2418 3180 2583 3234 pagan
2610 3185 2634 3219 s
2667 3168 2827 3221 verba
2857 3167 3090 3235 faciens,
3141 3172 3212 3223 ait
3254 3184 3347 3222 eos
3378 3184 3552 3236 neque
3587 3170 3820 3230 insigni-

2242 3233 2341 3307 bus
2393 3233 2750 3307 monumentis
2801 3239 3003 3293 condiri
3034 3279 3048 3300 ,
3076 3233 3195 3292 Vaut
3253 3239 3420 3307 epulis
3465 3233 3817 3307 solemnibus

2245 3304 2498 3390 honorari
2526 3306 2748 3394 solitus,
2780 3319 2937 3374 prout
2979 3318 3251 3396 martyres“
3277 3304 3493 3396 nostri]:
3527 3306 3664 3394 0-3;:
3717 3310 3815 3377 γὰρ

2241 3375 2428 3444 τάφους
2468 3373 2690 3447 ἔχουειν
2730 3373 3027 3447 ἐπέισήμονς.
3067 3373 3180 3432 οὗτε
3222 3377 3556 3443 δημοθοινίαις
3597 3373 3820 3434 Eretrici:

2241 3444 2801 3521 7:paip_owatt._POSlea
2852 3444 3028 3521 tamen
3078 3464 3196 3521 cum
3243 3449 3484 3521 licentius
3528 3449 3818 3521 epularen-

2245 3516 2348 3586 ttt'r,
2386 3516 2704 3586 limprobata
2755 3528 2878 3569 sunt
2931 3518 3191 3586 ejusmodi
3245 3518 3478 3570 convivia
3532 3532 3560 3566 a
3612 3516 3820 3568 sanctis

2247 3583 2513 3647 Patribus,
2547 3586 2850 3649 Ambrosio,
2884 3583 3070 3643 boinil.
3102 3588 3168 3640 de
3201 3587 3313 3640 Elia
3347 3597 3398 3638 et
3437 3586 3664 3654 jejunio,
3699 3601 3819 3648 cap.

2248 3654 2311 3706 17
2338 3671 2351 3717 ;
2387 3656 2699 3721 Augustino,
2731 3657 2888 3720 epist.
2921 3656 3021 3722 6i,
3053 3657 3116 3710 ad
3166 3657 3436 3710 Aurelium
3478 3657 3817 3722 episcOpum.

2245 3722 2350 3776 Sed
2381 3734 2434 3776 et
2464 3725 2566 3776 illa:
2597 3727 3015 3792 compotationes
3046 3738 3097 3779 et
3127 3727 3295 3793 epulre
3342 3725 3566 3793 publicis
3610 3727 3821 3790 legibus

2246 3795 2491 3846 coercita:
2522 3794 2735 3847 fuerunt
2763 3796 3048 3861 Capitular.
3084 3797 3175 3849 lib.
3210 3811 3260 3848 tv
3283 3838 3297 3860 ,
3327 3811 3445 3863 cap.
3474 3794 3544 3846 46
3573 3811 3586 3855 ;
3619 3796 3816 3846 concil.

2246 3865 2471 3917 Nannt-t.
2504 3879 2622 3916 can.
2658 3865 2723 3917 10
2750 3881 2762 3926 ;
2797 3867 3147 3920 Antissiodor.
3181 3881 3300 3917 can.
3332 3865 3385 3916 2.
3418 3863 3688 3918 Gusssttv.

2316 3930 2343 3968 ἀ
2370 3934 2524 3986 lstius
2547 3935 2756 3988 consilii
2789 3937 3100 4002 prudentem
3132 3936 3550 3988 moderationem
3586 3949 3694 3984 non
3731 3948 3824 3998 pa-

2247 4003 2376 4056 titur
2429 4004 2575 4056 zelus
2607 4005 2953 4070 quorumdam
3011 4006 3344 4062 immodicus.
3398 4018 3534 4070 quos
3587 4003 3821 4055 deiectat

2249 4072 2517 4144 clamare:
2545 4074 2822 4144 Exinanite
2845 4091 3012 4144 usque
3064 4076 3126 4127 ad
3177 4075 3614 4135 fundamentum;
3657 4070 3816 4122 ﬁbras

2250 4143 2409 4195 etiam
2435 4143 2678 4208 minimas
2693 4143 3003 4212 exstirpata,
3027 4155 3132 4199 etc.
3151 4144 3280 4197 Tam
3313 4152 3637 4209 praepostera
3669 4157 3816 4199 agen-

2251 4213 2306 4265 di
2337 4213 2539 4266 ratione
2568 4215 2778 4280 plurimi
2811 4215 3022 4268 l'uerunt
3077 4217 3126 4268 in
3168 4215 3399 4266 scltisma
3447 4222 3536 4264 aut
3587 4212 3816 4263 ba'rescs

2251 4282 2531 4348 compulsi,
2588 4298 2722 4351 quos
2763 4285 3056 4338 moderatio
3098 4283 3399 4337 retinuisset
3449 4281 3586 4334 intra
3637 4281 3816 4351 matris

2254 4353 2503 4405 Ecclesia!
2542 4350 2736 4406 sinum.
2779 4355 2878 4406 Alii
2925 4355 3055 4408 forte
3093 4353 3325 4406 redirent
3372 4352 3422 4403 in
3466 4350 3682 4402 unitatis
3705 4365 3815 4416 gre-

2253 4422 2436 4485 mium,
2479 4423 2523 4474 si
2576 4425 2770 4476 morosi
2820 4425 3031 4491 quidam
3078 4423 3300 4491 objectis
3340 4422 3507 4485 spinis
3550 4421 3687 4473 viam
3720 4433 3813 4470 non

2253 4493 2512 4557 sepireut,
2542 4500 2633 4544 aut
2672 4495 3085 4559 prapugnaiione
3135 4492 3482 4559 quarumdam
3537 4500 3811 4553 corrupte-

680 4559 771 4612 lib.
804 4573 853 4611 ιν
886 4576 897 4610 :
938 4559 1159 4628 Epulum
1188 4565 1455 4627 multiplex
1484 4558 1887 4631 etcapncissima
1914 4561 2150 4613 lectister-
2180 4565 2227 4624 Ι)
2255 4561 2440 4623 ιιι-(ιω,
2474 4571 2564 4613 aut
2589 4561 2719 4614 ritus
2744 4558 3024 4626 exigendo,
3051 4558 3338 4615 laudabiles
3363 4559 3623 4631 quidem,
3649 4569 3705 4631 at
3727 4559 3814 4608 mi-

581 4629 667 4679 nia
697 4645 852 4700 para,
888 4631 1124 4694 plurimis
1152 4634 1273 4696 viis,
1307 4636 1533 4700 pluribus
1563 4629 1741 4686 turbis.
1785 4631 1869 4684 Ita
1905 4633 2147 4683 bonorum

580 4699 907 4774 contubernio
932 4702 1077 4754 sedtt.
1107 4703 1184 4753 Ad
1211 4712 1258 4756 te
1288 4699 1475 4757 uenitur
1502 4706 1689 4774 quippe
1709 4744 1724 4766 ,
1757 4712 2020 4774 postquam
2045 4717 2151 4774 om-

583 4769 729 4822 nibus
753 4780 946 4838 tempus
975 4776 1164 4839 [κιαι-ω
1194 4769 1528 4827 dedicationis
1567 4769 1830 4827 inclaruit.
1876 4772 1979 4825 Sed
2015 4779 2068 4824 et
2098 4772 2148 4823 in

585 4841 832 4892 ttatalitiis
866 4855 1186 4910 martyrum,
1219 4853 1271 4895 et
1305 4845 1449 4897 festis
1481 4847 1598 4898 aliis
1641 4845 1776 4896 idem
1821 4841 2108 4910 faetitatum
2132 4881 2148 4905 ,

583 4918 748 4964 testes
776 4920 897 4963 sunt
935 4909 1143 4979 plurimi
1186 4916 1473 4980 scriptores
1507 4915 1643 4969 sacri
1676 4932 1688 4967 :
1725 4913 2009 4978 Gregorius
2039 4909 2146 4963 Na-

583 4981 898 5051 zianzenus,
941 4983 1177 5037 carmine
1215 4985 1249 5036 2
1287 4987 1352 5036 de
1407 4984 1519 5037 Vita
1569 4999 1702 5047 sua;
1745 4983 2050 5051 Nyssenus,
2095 4981 2145 5051 in

588 5050 702 5125 yita
736 5049 977 5125 Gregorii
1010 5053 1320 5125 [Iuturnam
1356 5055 1733 5125 Hieronymus,
1766 5049 2050 5125 e'pist._t_9,
2082 5050 2149 5103 ad

587 5121 978 5185 Eustochium;
1020 5123 1412 5187 Tlteodorctus,
1455 5120 1652 5178 llisior.
1695 5124 1898 5177 Eccles.
1941 5120 2032 5174 ltb.
2076 5136 2147 5186 tt,

587 5207 706 5263 cap.
746 5193 838 5255 1'2,
871 5201 925 5247 et
954 5192 1043 5263 lib.
1078 5208 1162 5257 ιιι,
1195 5209 1314 5261 cap.
1344 5193 1410 5245 27
1438 5211 1452 5258 ;
1487 5195 1773 5263 Gregorius
1802 5195 2148 5263 Turonensis,

591 5261 685 5332 l_i_b.
738 5277 752 5314 ι
801 5264 867 5332 de
921 5261 1036 5316 Vita
1083 5265 1251 5317 sancti
1293 5265 1534 5328 Martini,
1565 5261 1682 5332 cap.
1718 5269 1780 5327 6,
1813 5273 1868 5318 et
1901 5263 1993 5313 lib.
2029 5277 2061 5313 ιι
2093 5261 2159 5313 de

595 5329 894 5401 Miraculis,
947 5349 1065 5401 cap.
1117 5334 1223 5398 £6;
1280 5329 1647 5395 Frodoardus,
1687 5335 1779 5386 lib.
1848 5349 1861 5385 ι
1918 5332 2160 5384 Historia:

599 5399 912 5455 lthemensis
945 5399 1056 5456 lucc
1084 5408 1238 5456 verba
1271 5421 1335 5458 ex
1370 5413 1688 5458 testamento
1726 5404 1894 5457 sancti
1937 5401 2161 5466 Remigii

596 5467 774 5526 laudat
802 5490 814 5524 :
857 5471 1061 5525 Vineam
1090 5477 1176 5526 tibi
1208 5475 1470 5546 (Agricola
1498 5475 1674 5546 nepos)
1702 5486 1909 5526 eatenus
1938 5474 2164 5546 derelin-

595 5557 694 5608 quo
714 5582 728 5604 ,
761 5553 813 5594 ut
845 5546 1020 5594 diebus
1050 5546 1186 5612 festis
1216 5542 1522 5598 et'omnibus
1557 5545 1865 5606 Dominicis,
1899 5543 2058 5595 sacris
2089 5542 2159 5594 al-

595 5613 791 5664 taribus
817 5629 927 5663 mra
958 5613 1074 5665 inde
1099 5613 1342 5679 offeratur
1372 5616 1585 5679 oblatio,
1618 5627 1768 5680 atque
1796 5629 1964 5666 annua
1991 5614 2165 5663 convi-

598 5683 681 5736 ria
707 5681 1074 5736 lemensibus
1089 5685 1399 5752 presbyteris
1426 5696 1472 5738 et
1499 5686 1795 5738 diaconibns
1821 5684 2160 5755 pru'beantur.

2256 4645 2353 4681 nus
2405 4631 2540 4683 forte
2595 4635 2942 4697 necessarios,
2996 4641 3086 4684 aut
3126 4631 3257 4683 alios
3305 4629 3479 4683 minus
3537 4629 3818 4680 laudabiles

2254 4699 2554 4766 importune
2579 4702 2915 4769 exagitando,
2941 4717 3072 4768 quos
3091 4701 3274 4753 Patres
3294 4699 3620 4769 sanctissimi
3646 4702 3816 4750 unita—

2256 4769 2323 4821 tis
2345 4771 2516 4822 studio
2540 4768 2869 4823 tolerassent.
2889 4771 3099 4825 Scilicet
3124 4770 3389 4835 piscatorie
3409 4768 3554 4820 nobis
3578 4779 3649 4819 est
3671 4783 3817 4835 agen-

2255 4839 2400 4902 dum,
2431 4855 2532 4890 non
2563 4839 2897 4904 Aristotelice,
2929 4853 2984 4893 ut
3008 4843 3166 4893 habet
3194 4840 3415 4908 epistola
3450 4840 3814 4904 episcoporum

2257 4909 2406 4979 Ponti
2433 4908 2500 4979 ad
2532 4908 2762 4979 Leonem
2813 4911 3186 4979 imperatorem
3231 4907 3354 4977 post
3381 4907 3816 4961 Cbalcedoueuse

2253 4977 2555 5032 concilium.
2579 4978 2837 5032 GUSSANV.

2331 5057 2353 5082 υ
2399 5048 2453 5100 ld
2492 5049 2742 5113 probatur
2770 5065 2833 5103 ex
2864 5050 3030 5104 Levit.
3067 5065 3171 5102 ιιι-ιι
3205 5065 3217 5100 :
3254 5048 3319 5100 Et
3349 5063 3670 5115 nequaquam
3696 5045 3822 5098 ultra

2256 5117 2592 5171 immolabant
2619 5118 2808 5172 hostias
2837 5137 2954 5172 suas
2985 5120 3320 5182 dwmonibus,
3358 5134 3474 5171 cum
3496 5119 3683 5185 quibus
3728 5121 3822 5184 {er-

2258 5189 2409 5241 nicati
2438 5198 2576 5242 sunt.
2603 5187 2868 5243 Gussauv.

2342 5255 2358 5294 ί
2391 5258 2446 5310 ln
2473 5257 2679 5311 duobus
2706 5258 2925 5322 Tellen,
2951 5259 3139 5326 quibus
3165 5257 3430 5312 consentit
3461 5256 3604 5309 Edit.
3639 5255 3820 5315 Vatia,

2265 5329 2483 5396 legitur:
2510 5331 2633 5379 Itala
2665 5344 2736 5381 xu
2772 5328 2996 5382 Kalend.
3029 5329 3180 5395 Julii,
3212 5328 3304 5381 sed
3335 5329 3617 5380 mendose.
3652 5326 3818 5388 Neque

2266 5399 2452 5450 tuelins
2478 5400 2613 5461 apud
2639 5399 2854 5462 Bedam,
2879 5415 2944 5452 ex
2971 5415 3075 5466 quo
3101 5408 3308 5462 sumpta
3337 5405 3426 5466 est
3454 5397 3569 5447 haec
3595 5399 3822 5466 epistola:

2266 5467 2496 5522 clausula
2517 5507 2532 5528 .
2564 5466 2818 5534 scriptum
2857 5480 2967 5533 est,
2990 5463 3000 5466 “
3022 5484 3090 5519 ιν
3138 5467 3362 5520 Kalend.
3393 5463 3682 5518 Iuliarum.
3708 5465 3818 5517 Nam

2271 5536 2458 5589 eodem
2492 5537 2628 5590 Beda
2660 5547 2814 5598 teste,
2849 5540 2935 5591 lib.
2971 5553 3006 5598 ι,
3037 5554 3085 5590 c.
3111 5537 3199 5600 50,
3249 5537 3421 5600 initio,
3478 5537 3680 5599 scripta
3732 5549 3817 5585 non

2273 5607 2368 5662 fuit
2396 5608 2508 5660 haec
2535 5609 2754 5673 epistola
2781 5611 2877 5662 nisi
2921 5617 3037 5674 post
3065 5607 3243 5660 Melliti
3292 5607 3614 5659 discessum.
3647 5605 3735 5674 At
3764 5617 3818 5654 ex

2271 5677 2461 5735 eodem
2489 5678 2648 5745 Beda,
2695 5693 2740 5731 c.
2773 5680 2865 5744 29,
2893 5673 3090 5732 Mellito
3119 5676 3282 5731 Roma
3313 5675 3679 5746 proficiscenti
3707 5673 3820 5728 Gre-
