3928 6314
111 313 266 369 1217

779 307 1256 364 EPISTULARUM
1299 305 1426 360 LIB.
1469 303 1560 358 XI.
1602 329 1670 341 —-
1711 298 1955 354 INDICT.
1999 298 2086 352 IV.
2116 299 2422 353 ——I‘JPIST.
2467 300 2747 355 LXXVIII.

3248 291 3385 347 HIS

113 430 137 470 τ
180 433 312 484 Itala
349 443 413 481 xv
442 423 670 480 Kalend.
703 422 991 486 Jiiliarum,
1027 423 1320 490 imperante
1348 419 1568 472 domino
1603 431 1690 469 no-
1725 419 1767 474 Α
1799 409 2178 472 sollicitudine,
2206 420 2417 464 servolil
2449 411 2589 478 lege,
2637 411 2808 464 "10055
2837 411 3082 464 omnibus
3103 412 3384 477 οίιηιῐιιθο-

111 537 237 575 siro
271 519 530 574 Mauricio
561 515 808 578 Tiberio,
839 515 1110 582 piissimo,
1141 516 1412 579 Augusto,
1443 523 1564 562 ann.
1603 506 1664 558 lt)
1685 547 1699 570 ,

116 624 250 681 post
300 613 636 666 consulatum
687 606 928 675 ejusdem
978 606 1177 659 domini
1228 603 1395 656 nostri
1443 617 1568 656 ann.
1602 598 1699 664 t8,

115 707 313 761 iiidict.
346 703 400 757 4.

627 767 954 824 EPISTULA
990 767 1243 821 LXXVII.

334 881 402 918 AD
428 876 738 916 BONIFACIUH
769 877 818 913 ΙΝ
839 874 1054 914 αυιιςιω
1089 871 1452 910 πιεῖκκςοιιωι.

116 956 306 1007 Aleriie
334 963 378 1005 et
409 953 608 1020 Adjacii
639 952 894 1016 episcopos
921 949 1215 1020 quantocius
1244 947 1361 1020 eligi
1389 953 1548 1020 curet.
1585 941 1703 1020 Νετ-

188 1041 287 1090 que
315 1014 531 1090 opprimi
563 1014 827 1088 pauperes,
853 1035 1011 1082 neque
1040 1016 1245 1068 clericos
1275 1014 1480 1069 a'lai’cis
1509 1014 1701 1084 judici-

190 1095 282 1146 bus
315 1097 467 1144 teneri
500 1096 745 1155 patiatur.

193 1186 484 1254 Gregorius
513 1182 779 1236 Bonitacio
803 1178 1070 1233 defensori
1099 1178 1352 1232 Corsicze.

199 1280 536 1347 Eriperientia
572 1287 658 1329 tua
693 1291 798 1329 non
831 1275 945 1328 sine
973 1274 1124 1340 culpa
1155 1281 1259 1335 est,
1283 1269 1422 1339 quod
1465 1270 1697 1324 Aleriam

123 1383 288 1440 atque
319 1379 343 1404 α
373 1367 648 1437 Adjaciiiui
693 1366 938 1420 civitates
968 1362 1201 1416 Corsicae
1227 1362 1316 1415 diu
1347 1362 1463 1415 sine
1489 1361 1698 1426 episco-

130 1463 212 1528 pis
243 1476 363 1514 esse
416 1469 761 1526 cognoscens,
795 1455 994 1508 clerum
1028 1464 1078 1507 et
1110 1453 1358 1521 populum
1390 1466 1573 1505 earum
1632 1450 1697 1503 ad

131 1552 432 1622 eligendum
485 1547 585 1600 sibi
632 1547 959 1599 sacerdotem
1017 1544 1279 1597 distulerit
1331 1556 1695 1596 commonere.

126 1645 254 1708 Quae
283 1639 530 1708 quoniam
561 1635 676 1690 sine
705 1636 916 1703 proprio
949 1635 1174 1702 amplius
1215 1648 1319 1686 non
1346 1634 1547 1686 debent
1578 1646 1698 1687 esse

121 1741 354 1792 rectore.
415 1726 662 1797 praesenti
718 1725 1032 1778 auctoritate
1079 1732 1347 1790 suscepta,
1404 1723 1603 1777 clerum
1633 1731 1689 1775 et

1807 513 1911 566 tur,
1966 512 2022 554 ut
2053 516 2155 554 non
2196 502 2264 554 sit
2292 506 2429 555 unde
2460 519 2519 555 se
2548 503 2748 568 possint
2773 503 2950 572 liiigiis
2989 505 3203 573 fatigare
3230 503 3275 557 ί.

2269 593 2601 647 EPISTULA
2635 592 2916 646 LXXVIII.

2189 702 2255 738 AD
2283 701 2559 738 BARBARAM
2592 700 2656 738 E'l'
2688 699 3008 737 ANTONINAII.

1807 776 2034 829 Divinam
2087 778 2444 842 protectionem
2493 776 2564 827 eis
2622 775 2949 843 adprecatur.
2989 774 3135 838 Quod
3174 775 3386 828 Romam

1871 849 2035 898 venire
2063 852 2269 912 cupiant
2295 847 2497 911 gaudet.
2527 843 2917 896 Comntendatus
2939 843 3126 896 Joanni
3149 847 3384 912 episcopo

1872 933 1932 967 ac
1956 916 2186 968 Romano
2209 915 2459 983 defensori
2496 915 2704 966 illarum
2749 930 2947 966 causas.
2978 916 3197 981 Accepta
3227 913 3388 967 liberto

1875 994 1951 1037 ter
1979 987 2152 1037 xenia.

1875 1072 2162 1142 Gregorius
2184 1081 2210 1109 α
2242 1071 2486 1126 Barbara:
2517 1081 2570 1124 et
2595 1072 2897 1126 Aiitoninze.

1872 1187 2146 1252 Susceptis
2174 1185 2412 1250 epistolis
2433 1185 2642 1246 vestris,
2679 1184 2990 1237 omnimodo
3023 1185 3232 1254 cognita
3258 1198 3376 1236 ves.

1799 1283 1880 1329 tra
1911 1271 2162 1342 sospitate
2189 1273 2396 1326 lietatus
2419 1289 2557 1337 sum,
2581 1285 2738 1340 atque
2767 1275 3178 1341 omnipotentem
3212 1274 3374 1326 Deuin

1799 1368 2077 1434 deprecor,
2110 1367 2197 1434 qui
2230 1379 2322 1416 vos
2347 1375 2398 1416 ct
2427 1379 2454 1416 a
2486 1367 2728 1431 malignis
2757 1368 3032 1432 spiritibus
3091 1369 3141 1418 in
3173 1366 3375 1435 cogita-

1800 1458 1962 1520 tione,
1985 1462 2038 1507 et
2063 1470 2091 1507 a
2125 1455 2383 1520 perversis
2415 1452 2715 1506 hominibus
2770 1464 2930 1523 atque
2977 1455 3043 1507 ab
3074 1456 3219 1508 Ouini
3252 1471 3380 1507 Cull-

1801 1549 2090 1612 trarietate,
2115 1561 2210 1600 sua
2236 1547 2560 1614 protectione
2581 1547 2847 1599 custodiat
2874 1565 2886 1598 :
2930 1549 3115 1614 sicque
3147 1563 3238 1600 vos
3257 1563 3377 1601 cum

1802 1642 2011 1695 timoris
2037 1644 2116 1694 sui
2151 1641 2317 1710 gratia
2349 1642 2522 1709 dignis
2559 1641 3024 1709 conjunctionibus
3060 1645 3291 1707 ordinet,
3320 1653 3379 1696 ut

1799 1745 1985 1784 omnes
2015 1746 2110 1784 nos
2138 1732 2187 1783 iii
2217 1741 2388 1784 vestra
2413 1731 2749 1785 ordinatione
2772 1732 3020 1786 lietificet.
3055 1733 3158 1786 Vos
3181 1743 3380 1798 autem,

119 1822 374 1891 populum
392 1818 712 1887 singularum
736 1817 1003 1868 civitatum
1031 1814 1230 1867 hortari
1255 1813 1444 1867 festina
1469 1822 1525 1866 ut
1562 1814 1701 1865 inter
1734 1810 1779 1869 Β
1805 1819 2131 1873 dulcissima:
2174 1818 2316 1884 filiae,
2370 1821 2421 1873 in
2474 1819 2588 1887 ejus
2635 1821 2900 1888 adjutorio
2944 1837 3092 1890 spem
3149 1832 3377 1876 vestram

125 1927 183 1965 se
213 1909 496 1965 dissentire
519 1924 620 1962 non
653 1906 903 1966 debeant,
960 1904 1052 1958 sed
1085 1902 1110 1940 δ
1140 1919 1246 1958 uno
1294 1903 1396 1957 sibi
1428 1916 1696 1956 consensu

122 2013 454 2068 unaquaeque
482 1997 671 2051 civitas
698 1993 1115 2048 consecrandum
1147 1994 1308 2062 eligat
1334 1993 1691 2047 sacerdotem.

124 2090 213 2152 Et,
242 2086 378 2140 facto
407 2086 643 2147 decreto,
674 2083 738 2137 ad
770 2098 864 2136 nos
897 2083 940 2135 is
971 2082 1057 2150 qui
1089 2082 1247 2135 fuerit
1272 2082 1505 2148 electus,
1529 2081 1688 2134 adve-

116 2178 248 2232 niat.
295 2176 351 2231 Si
393 2185 566 2228 autem
611 2175 800 2226 inuno
833 2172 1134 2226 consentire
1167 2172 1465 2236 noluerint,
1506 2171 1600 2224 sed
1643 2171 1692 2224 in

118 2268 340 2320 duorum
371 2279 430 2319 se
461 2264 716 2318 electione
745 2263 1040 2323 diviserint,
1072 2261 1334 2326 similiter,
1369 2261 1599 2314 decretis
1625 2277 1690 2313 ex

124 2373 272 2411 inore
301 2356 472 2417 factis,
491 2357 553 2406 ad
584 2371 677 2406 nos
707 2354 1013 2420 adveniant,
1039 2364 1094 2406 iit
1117 2355 1446 2421 requirentes
1470 2353 1538 2405 de
1565 2351 1693 2416 vita,

130 2456 251 2500 actu
282 2455 335 2499 et
364 2445 600 2499 moribus
632 2459 838 2506 eorum,
877 2445 921 2496 is
956 2454 976 2480 ο
1008 2445 1094 2512 qui
1126 2445 1266 2497 visus
1295 2443 1451 2496 fuerit
1484 2444 1697 2512 1178

114 2537 406 2590 ordinetur.
437 2535 568 2602 Quia
601 2550 723 2587 vero
748 2535 893 2586 inulti
923 2534 1030 2587 illic
1062 2547 1322 2603 pauperes
1370 2534 1596 2601 opprimi
1625 2548 1690 2584 ac

115 2626 222 2694 pati
256 2625 620 2694 priejudieium
661 2623 1024 2693 perhibentur,
1057 2623 1384 2692 experientia
1438 2633 1522 2676 tua
1573 2623 1692 2675 sol-

113 2717 440 2771 licitudinem
472 2727 641 2784 gerat,
664 2723 717 2768 et
744 2714 954 2782 gravari
977 2729 1068 2767 eos
1095 2727 1280 2767 contra
1305 2714 1560 2781 justitiam
1587 2728 1692 2765 noii

116 2808 416 2872 permittat;
444 2804 538 2858 Sed
572 2805 640 2858 ita
670 2805 898 2867 studeat,
930 2812 984 2856 ut
1014 2819 1108 2857 nec
1140 2815 1355 2872 agentes
1397 2812 1581 2856 contra
1608 2819 1692 2856 ra-

113 2899 311 2950 tionem
342 2895 628 2964 impediri,
661 2909 756 2946 nec
782 2893 833 2945 hi
872 2906 1056 2947 contra
1091 2908 1224 2962 quos
1260 2895 1432 2962 agitur
1490 2892 1686 2961 injuste

115 2991 323 3042 valeant
347 2986 680 3054 dispendium
712 2985 993 3038 sustinere.

184 3079 444 3132 Praeterea
470 3077 706 3143 pervenit
752 3074 818 3127 ad
865 3089 960 3126 nos
1006 3071 1203 3142 quod.tl
1253 3073 1464 3142 quidam
1521 3072 1692 3127 cleri-

1805 1912 2009 1981 ponite,
2039 1921 2092 1965 et
2119 1909 2218 1964 sub
2245 1910 2433 1963 umbra
2481 1909 2806 1964 defensionis
2855 1911 2996 1964 illius
3045 1926 3276 1980 semper,
3327 1922 3383 1966 ct

1804 2003 2010 2055 orando
2037 2009 2092 2055 et
2119 2001 2255 2055 bene
2285 2000 2510 2069 agendo,
2542 2001 2800 2054 malorum
2832 2003 3107 2054 hominum
3157 2002 3378 2054 insidias

1811 2091 2096 2145 declinate.
2130 2090 2467 2157 Quaecunque
2510 2089 2652 2142 enim
2683 2089 2911 2142 humana
2943 2090 3131 2144 solatia
3166 2091 3246 2144 vel
3285 2091 3379 2143 ad-

1799 2183 2081 2233 versitates
2110 2178 2327 2245 fuerint,
2383 2179 2528 2232 nulla
2585 2190 2731 2245 sunt,
2766 2180 2866 2233 nisi
2913 2189 3004 2233 aut
3051 2181 3167 2248 ejus
3211 2181 3381 2249 gratia

1800 2281 2060 2339 protegat,
2100 2277 2192 2322 aut
2220 2269 2335 2336 ejus
2365 2269 2570 2322 offensa
2629 2273 2922 2336 perturbet.
2963 2270 3019 2323 In
3052 2273 3194 2324 nullo
3224 2275 3384 2339 igitur

1803 2361 2076 2413 hominum
2105 2375 2256 2428 spem
2287 2364 2516 2426 ponatis,
2565 2361 2657 2412 sed
2692 2369 2856 2413 totam
2889 2371 3122 2414 mentem
3155 2363 3206 2414 in
3241 2364 3361 2421 fidu.

1800 2453 1882 2504 cia
1919 2452 2008 2502 Dei
2039 2450 2415 2516 omnipotentis
2444 2451 2740 2517 astringite.
2774 2450 2937 2504 Nobis
2963 2466 3088 2519 ergo
3110 2451 3385 2506 dttrtlilelt°

1799 2541 1958 2602 tibiis,
1992 2540 2080 2592 ille
2104 2554 2195 2592 vos
2228 2546 2487 2606 proteget,
2510 2539 2577 2591 de
2598 2553 2704 2605 quo
2737 2539 2950 2608 1179
2987 2543 3239 2607 scriptum
3263 2551 3383 2596 est:

1803 2629 1940 2683 Ecce
1995 2645 2096 2681 non
2128 2629 2445 2695 dormitabit,
2493 2645 2652 2698 neque
2695 2628 2954 2697 dormiet,
3015 2632 3104 2700 qui
3160 2633 3379 2686 custodit

1797 2718 1965 2772 Israel
2000 2718 2170 2787 (Psal.
2203 2733 2334 2782 cxx,
2369 2717 2445 2787 4).

1873 2812 2025 2877 Quod
2051 2821 2228 2864 autem
2257 2811 2321 2863 ad
2345 2811 2484 2864 beati
2501 2810 2640 2865 Petri
2663 2811 3024 2879 apostolorum
3050 2814 3304 2881 prindpis
3326 2815 3387 2868 li-

1798 2906 1938 2952 ni'ina
1973 2903 2226 2955 festinare
2255 2916 2349 2955 vos
2377 2903 2571 2965 dicitis,
2600 2910 2726 2969 opto
2750 2903 2925 2965 nimis,
2952 2911 3005 2955 et
3026 2908 3269 2959 aestuanti
3292 2907 3386 2960 de-

1794 2991 1989 3045 siderio
2012 3001 2290 3059 exspecto,
2326 3001 2382 3044 ut
2402 2996 2574 3059 dignis
2600 2993 3030 3061 meritisjunctas
3063 3009 3157 3048 vos
3187 2997 3236 3048 in
3271 2999 3385 3064 ejus

1797 3085 2029 3136 Ecclesia
2051 3082 2278 3147 videam,
2311 3092 2573 3149 quatenus
2601 3091 2654 3135 et
2684 3097 2777 3134 vos
2804 3083 2868 3136 de
2900 3098 2984 3136 me
3014 3085 3254 3139 solamen
3288 3089 3386 3139 ali-

112 3186 320 3234 coruin,
352 3179 402 3223 te
433 3170 535 3222 illic
567 3167 760 3235 posito,
793 3181 820 3218 a
849 3166 994 3219 laicis
1028 3176 1324 3218 teneantur.
1360 3165 1510 3232 Quod
1534 3166 1579 3219 si
1613 3165 1685 3217 ita

1808 3176 2132 3240 ηιιιίηιιυιιηη,
2156 3182 2209 3226 et
2227 3188 2324 3240 ego
2349 3174 2414 3226 de
2437 3175 2596 3224 vestri
2622 3174 2902 3240 praesentia
2925 3190 3032 3226 non
3060 3191 3270 3241 parvam
3293 3179 3382 3229 lie-

110 3271 214 3325 est,
247 3271 348 3313 tuae
378 3260 474 3312 huc
505 3258 672 3326 culpa:
700 3257 910 3310 noveris
933 3257 1189 3323 reputari,
1219 3257 1341 3323 quia
1422 3258 1522 3308 hoc
1570 3256 1684 3310 fieri

110 3353 158 3407 si
187 3353 344 3405 homo
376 3366 546 3414 esses,
581 3359 602 3383 υ
635 3364 739 3401 non
771 3348 975 3400 habuit.
1022 3347 1087 3399 Et
1113 3347 1232 3400 ideo
1261 3349 1326 3400 de
1353 3358 1549 3401 cietero
1575 3349 1685 3401 sol-

111 3443 440 3497 licitudinem
472 3449 524 3494 te
569 3438 766 3492 habere
795 3452 1012 3491 necesse
1041 3447 1142 3500 est,
1201 3447 1255 3489 ut
1281 3438 1383 3490 hoc
1428 3438 1540 3490 iieri
1581 3453 1686 3492 non

108 3534 410 3604 permittas;
441 3529 535 3585 sed
563 3529 608 3582 si
629 3529 747 3598 quis
768 3536 954 3581 contra
978 3529 1231 3582 clericum
1253 3541 1465 3580 causam
1491 3530 1690 3581 habue-

105 3627 202 3689 rit,
233 3624 535 3693 epise0pum
558 3621 724 3690 ipsius
755 3620 929 3674 adeat.
980 3621 1077 3684 Qui
1125 3618 1168 3672 si
1209 3617 1346 3672 forte
1405 3613 1683 3686 suspectus

107 3719 291 3784 tuerit,
318 3722 599 3770 exsecutor
627 3714 710 3767 vel
765 3713 832 3765 ab
899 3714 1038 3780 ipso,
1066 3718 1159 3763 aut
1185 3710 1230 3763 si
1282 3719 1336 3763 et
1387 3709 1486 3762 hoc
1533 3719 1684 3764 actor

109 3805 386 3874 refugerit,
410 3821 440 3858 a
469 3814 554 3857 tua
577 3814 657 3858 est
680 3803 1005 3870 experientia
1026 3800 1379 3870 deputaiidus,
1404 3801 1492 3869 qui
1513 3811 1687 3868 partes

105 3895 215 3948 sibi
245 3907 427 3949 mutuo
446 3907 709 3947 consensu
731 3891 937 3959 iudices
959 3891 1242 3957 compellat
1261 3890 1478 3957 eligere.
1504 3892 1544 3940 A
1569 3890 1686 3957 qui-

89 3988 211 4060 _bus
237 3985 489 4056 quidquid
515 3984 670 4038 fuerit
691 3984 992 4047 definitum,
1018 3983 1086 4036 ita
1111 3983 1191 4035 vel
1222 3991 1332 4045 tua,
1358 3982 1439 4034 vel
1460 3983 1692 4050 episcopi

110 4125 297 4191 gorius
322 4118 628 4191 litterasuad
663 4117 1011 4191 Augustinum
1038 4114 1183 4191 dedit
1223 4129 1252 4166 x
1297 4113 1520 4167 Kalend.
1551 4114 1696 4191 Julii,

108 4187 210 4248 Sen
241 4192 326 4244 die
352 4190 421 4243 2:!
441 4189 588 4242 Julii.
613 4188 714 4255 Ipsi
757 4191 898 4240 enim
925 4193 1047 4255 tunc
1070 4189 1208 4238 data:
1235 4192 1359 4238 sunt
1381 4199 1569 4239 novem
1596 4187 1700 4240 illa:

110 4265 182 4316 ad
217 4260 504 4314 Galliarum
549 4254 794 4324 praelatos
823 4267 878 4310 et
906 4254 1169 4323 principes
1219 4256 1669 4324 epistoltetsupq

108 4349 143 4385 a
178 4331 246 4384 5i
274 4331 339 4382 ad
379 4328 467 4392 62,
506 4323 728 4397 quarum
773 4327 1056 4397 nonnullis
1086 4325 1452 4397 apponitur_x_
1476 4323 1696 4381 Kalend.

1792 3265 1958 3318 titiam
1982 3265 2271 3332 aequiram.
2297 3263 2422 3316 Viro
2438 3272 2611 3316 autem
2633 3265 3078 3318 reverendissimo
3098 3267 3244 3318 fratri
3266 3283 3388 3320 meo

1789 3355 1980 3409 Joanni
2010 3357 2259 3422 episc0po
2281 3363 2338 3407 et
2372 3354 2610 3406 Romano
2640 3352 2909 3407 defensori
2957 3370 3150 3409 causas
3183 3366 3386 3410 vestras

1792 3448 1968 3500 studui
2001 3447 2398 3508 eoiiiiiiendare,
2431 3453 2488 3497 ut
2508 3459 2631 3512 qua:
2657 3453 2956 3512 cmpei'uiit,
2993 3444 3102 3499 Deo
3141 3454 3380 3512 auctore,

1792 3537 2023 3591 debeant
2057 3536 2335 3604 perficere.

1871 3627 1913 3693 1
1927 3625 2084 3694 180
2102 3623 2328 3677 Xenium
2351 3629 2528 3675 autem
2545 3631 2778 3675 vestrum
2796 3620 2926 3675 duas
2944 3620 2972 3659 δ
2989 3637 3232 3690 racanas,
3252 3641 3387 3692 quas

1789 3715 1864 3771 de
1895 3717 2077 3769 labore
2103 3725 2279 3767 vestro
2303 3725 2423 3765 esse
2455 3710 2765 3773 mandastis,
2798 3710 3022 3766 libenter
3051 3715 3253 3782 accepi.
3278 3717 3387 3769 Sed

1795 3814 1970 3859 tanien
2001 3805 2305 3873 cognoscite
2336 3805 2460 3870 quia
2490 3816 2594 3854 non
2640 3800 2770 3855 mihi
2823 3805 3128 3856 mandatum
3155 3807 3381 3860 credidi.

1795 3895 1924 3948 Nam
1949 3911 2042 3948 vos
2067 3896 2134 3948 de
2159 3894 2338 3948 labore
2357 3894 2528 3946 alieno
2551 3893 2760 3948 laudem
2781 3896 3041 3963 quieritis,
3057 3898 3177 3965 quia
3197 3902 3397 3951 fortas-

1804 4000 1863 4040 se
1894 3987 2066 4039 adliuc
2094 3985 2159 4039 ad
2191 3984 2364 4038 fusum
2409 3999 2623 4037 inanuin
2684 4000 2954 4054 nunquam
3001 3991 3242 4040 misistis.
3277 3989 3389 4041 Nec

1811 4131 2036 4242 Litt-aque
2102 4117 2415 4174 lihemensi.
2500 4115 2848 4173 Recentiores
2905 4119 3103 4172 habent
3153 4138 3255 4174 non
3306 4127 3398 4178 de-

1845 4199 1936 4242 ωε.

1845 4199 2092 4312 ωίιύιιιιε
2114 4273 2145 4313 e
2183 4257 2421 4312 Colbert.
2447 4265 2501 4312 et
2523 4256 2699 4311 Vatic.
2733 4256 2774 4309 Β
2795 4258 2987 4311 docent
3034 4257 3169 4312 hanc
3199 4263 3396 4326 episto~

1809 4330 1912 4382 Iain
1938 4330 2191 4396 scriptam
2223 4331 2386 4381 fuisse
2424 4343 2590 4380 mense
2614 4328 2771 4396 Aug.,
2806 4329 2985 4379 indici.
3027 4333 3084 4382 4.
3125 4329 3184 4381 in
3217 4330 3388 4386 Vaiic.

109 4402 262 4460 Julii,
295 4400 452 4452 etiam
483 4392 538 4451 iii
568 4397 889 4468 Gollectioiie
918 4395 1060 4468 Pauli
1112 4394 1348 4468 Diaconi.
1385 4392 1685 4468 Igitur_non
1719 4410 1765 4468 ο
1809 4401 1872 4464 D,
1901 4413 1996 4466 pro
2020 4392 2188 4468 mense
2219 4399 2466 4468 Augusto,
2489 4392 2890 4468 legiturfmense
2917 4396 3126 4450 Martio.

108 4488 206 4535 xv,
237 4471 331 4523 sed
363 4479 479 4537 post
502 4479 531 4521 x
555 4466 775 4520 Kalend.
809 4467 932 4521 Julii
963 4465 1155 4532 scripta
1185 4474 1266 4518 est
1299 4465 1414 4515 haec
1443 4464 1508 4516 ad
1551 4465 1682 4518 Mel-

117 4544 301 4596 lituni.

188 4613 366 4663 b‘risr.
398 4607 628 4661 LXXVII
658 4606 769 4678 [AL
787 4603 899 4674 74].
932 4613 960 4641 ι
982 4603 1148 4678 Vulgo
1171 4603 1420 4678 Adiazzo,
1445 4603 1570 4656 urbs
1595 4605 1687 4678 ad-

116 4682 224 4732 Iiuc
258 4679 593 4745 episcopalis,
638 4674 822 4730 iiisulte
851 4674 1078 4729 Corsica":
1111 4677 1162 4726 in
1193 4687 1286 4726 ora
1317 4677 1554 4745 occidua,
1588 4676 1687 4728 sub

106 4743 314 4803 ditione
348 4743 728 4801 Genueiisium.
777 4747 831 4798 lii
883 4751 1041 4799 rebus
1088 4751 1265 4796 tamen
1307 4743 1687 4797 ecclesiasticis

107 4821 312 4873 Pisano
353 4819 536 4870 subest
564 4817 983 4883 archiepiscopo;
1019 4815 1143 4866 olim
1176 4813 1442 4866 Ursinium
1473 4813 1687 4866 diccba-

104 4898 218 4943 tur.
256 4887 518 4941 GUSSANV.
553 4887 604 4940 in
634 4887 890 4939 'l‘uron.et
920 4888 1100 4938 Norin.
1133 4884 1322 4951 legitur
1355 4883 1610 4951 Ajacium.

180 4957 209 4995 ι’
255 4959 330 5011 De
364 4957 625 5010 electione
681 4971 773 5022 per
821 4959 1027 5008 clerum
1083 4965 1136 5008 et
1184 4954 1456 5023 populum,
1502 4968 1683 5021 supra,

101 5029 270 5098 epist.
316 5033 368 5090 ti,
413 5028 504 5080 lib.
545 5024 947 5098 li,indlct.‘10.

184 5111 207 5136 ε
246 5098 461 5158 Excusi,
489 5101 574 5166 qui
602 5097 777 5148 utilior
801 5095 935 5166 visus
963 5093 1135 5166 fuerit.

179 5167 206 5205 ά
242 5168 479 5221 Clericos
502 5163 630 5219 olim
662 5182 689 5216 a
723 5164 870 5216 laicis
898 5163 1121 5230 iudicari
1145 5163 1327 5228 nefas;
1357 5163 1486 5216 Cod.
1511 5163 1686 5216 Theo-

100 5242 254 5302 dos.,
289 5239 391 5304 leg.
426 5237 619 5298 ultim.,
644 5236 708 5288 de
730 5234 1020 5301 episcopis:
1045 5232 1262 5285 Clericos
1285 5235 1434 5286 etiam
1456 5250 1579 5300 quos
1611 5235 1688 5284 in-

101 5308 370 5361 discretim
409 5305 474 5356 ad
510 5310 775 5358 steculares
799 5305 998 5373 judices
1027 5304 1204 5354 deduci
1231 5307 1406 5356 debere
1434 5305 1688 5371 infaustus

101 5385 450 5446 primumle
488 5377 735 5434 edixerat,
761 5375 1032 5446 episcopali
1061 5374 1330 5446 audientia:
1359 5389 1683 5446 reservamus.

99 5444 219 5502 Fas
247 5462 380 5498 enim
409 5462 509 5498 non
540 5456 611 5498 est
645 5455 695 5497 ut
727 5444 880 5495 (licini
922 5444 1141 5494 muneris
1186 5444 1399 5512 iiiinisti'i
1437 5455 1688 5512 tempora—

100 5520 236 5572 lium
267 5525 571 5585 potestatum
612 5515 893 5567 subdantur
938 5512 1164 5565 ai'b.trio.
1203 5511 1342 5585 Ideni
1401 5512 1579 5585 videre
1609 5522 1689 5564 est

99 5581 488 5656 apiid'Avituin
522 5585 872 5638 Viennensem
904 5586 1233 5656 episcopum,
1262 5581 1418 5647 epist.
1451 5581 1536 5633 Ut.
1587 5585 1687 5634 Alii

100 5651 234 5712 sunt
270 5669 563 5721 temporum
599 5664 896 5705 nostrorum
928 5667 1120 5704 mores.
1152 5651 1412 5705 Guasasv.

178 5738 202 5763 θ
243 5728 314 5780 lia
346 5720 445 5779 vet.
479 5727 612 5779 Editi
639 5739 759 5777 cuin
786 5724 908 5775 Mss.
944 5721 1150 5786 Norin.,
1187 5723 1451 5790 plerisque
1482 5720 1680 5788 γεω,

1861 4465 2036 4522 larisa“.
2087 4467 2344 4521 LXXVIII
2377 4467 2484 4538 [ΑΙ.
2515 4465 2626 4537 75].
2659 4495 2724 4504 -
2748 4475 2774 4502 ι
2802 4465 2927 4519 Vide
2949 4482 3109 4534 supra
3143 4470 3301 4536 epist.
3328 4471 3396 4527 55

1791 4547 1844 4591 et
1874 4541 2032 4606 epist.
2060 4539 2149 4591 50.

1862 4607 1888 4684 ξι
1917 4611 2088 4684 ‘Poixri,
2135 4608 2325 4679 βράκη,
2363 4607 2534 4684 ῥάκος,
2557 4607 2752 4684 ῥάκιον,
2783 4619 2949 4673 genus
3002 4606 3300 4660 vestimenti
3330 4624 3397 4663 ex

1789 4679 1948 4744 pilis;
1985 4679 2198 4744 pallium
2234 4686 2338 4730 tam
2363 4679 2750 4730 'iiionacborum
2781 4690 2939 4742 quam
2964 4687 3395 4744 inonastriarum;

1792 4749 1930 4801 ttiide
1961 4746 2257 4820 ρᾳκοδήται,
2284 4758 2339 4800 et
2358 4747 2699 4820 faxs‘gddrai,
2723 4746 2860 4820 dicti
2881 4747 3149 4820 ttionticiti,
3199 4748 3399 4820 palliati

1793 4821 1930 4885 apud
1961 4814 2316 4885 Nicephorum
2358 4814 2776 4885 Xaiithopiiluiii,
2803 4814 3036 4868 hicetain
3061 4817 3396 4881 Glioniaiein,

1789 4897 1843 4942 et
1866 4889 2251 4960 italsamoiiein.
2279 4887 2587 4960 lleperiinus
2608 4888 2768 4960 etiam
2785 4885 2995 4960 {Iaceret
3014 4887 3326 4960 ῥασοφορῶν.
3353 4892 3396 4941 Δ

1789 4958 2106 5026 quibusdam
2120 4958 2366 5010 dicuntur
2388 4958 2630 5010 rachinw.
2647 4957 2779 5010 Suiit
2795 4957 2944 5022 etqni
2973 4957 3161 5021 putent
3179 4957 3400 5010 rat-anas

1790 5039 1841 5080 et
1871 5028 2117 5080 racliinas
2143 5027 2441 5094 signiticare
2486 5027 2716 5096 stragula
2748 5039 2841 5077 seu
2870 5026 3201 5096 operimenta
3231 5027 3400 5078 lecto-

1792 5113 1928 5150 rum.
1947 5098 2076 5151 Vide
2095 5098 2353 5150 Joannem
2375 5094 2688 5156 Filesacnin,
2705 5104 2990 5148 continent.
3011 5096 3059 5146 iii
3073 5094 3397 5152 Commonit.

1795 5166 2055 5220 Vincentii
2124 5167 2439 5231 Lirinensis,
2487 5183 2633 5220 iiuin.
2679 5164 2734 5226 9,
2783 5164 3114 5216 liacliacnani
3147 5166 3400 5219 Gcrniaiii

1792 5237 2105 5290 l’arisiensis
2138 5236 2372 5303 episcopi
2417 5248 2675 5290 memorat
2702 5236 3019 5287 Fortunatus
3041 5235 3092 5286 in
3118 5234 3232 5300 ejus
3261 5234 3398 5298 κείω,

1791 5322 1907 5377 cap.
1941 5306 2027 5370 45,
2064 5309 2149 5377 iihi
2197 5307 2582 5360 febricitantem
2630 5321 2825 5368 virum,
2873 5303 2962 5354 Dei
2994 5307 3120 5377 set'vi
3148 5303 3401 5377 rec/taenis

1792 5373 2018 5446 uvidique
2071 5376 2359 5430 obvolutum
2402 5377 2668 5446 diligenter
2700 5383 2969 5446 coinponit
3038 5375 3090 5446 in
3130 5373 3399 5446 ejiisrlcc-

1796 5449 1904 5499 iulo
1933 5443 2225 5499 ’diacoiius.
2272 5443 2531 5499 Gussmv.
2585 5446 2727 5499 Alias
2771 5443 2924 5509 hujus
2958 5445 3104 5496 vocis
3157 5445 3401 5498 iiuiiones

1793 5517 2004 5585 require
2035 5519 2083 5569 in
2117 5517 2253 5568 notis
2277 5516 2341 5568 ad
2370 5518 2527 5580 epist.
2581 5516 2603 5568 1
2639 5515 2790 5581 hujus
2820 5514 2956 5585 libri.
2988 5514 3216 5567 Consule
3264 5530 3402 5585 quo-

1794 5583 1893 5653 que
1916 5590 2287 5639 Urioinasticiin
2317 5587 2620 5655 liosweydi,
2645 5588 2708 5636 ad
2743 5585 2882 5636 Vitas
2913 5584 3146 5649 Patrum,
3168 5595 3218 5637 et
3250 5583 3402 5638 ϐιοδ-

1794 5660 1990 5712 Sarium
2023 5656 2260 5711 Οιίεουιιι
2284 5656 2487 5726 Caiigii,
2515 5660 2581 5711 ad
2609 5669 2790 5711 vocem
2822 5657 2999 5714 't'a'ixoc.
