4026 6344
200 335 339 389 ﬂii

927 331 1411 387 EPISTOLARUM
1461 330 1589 384 ΜΒ.
1635 328 1749 383 ΧΙΙ.
1789 359 1856 372 —-
1902 327 2150 382 INleZT.
2196 327 2255 380 V.
2301 356 2368 366 —
2406 327 2621 382 EPIST.
2668 327 2754 381 Vl.

3353 329 3494 382 19.29.

194 455 590 513 cuiu,tlberum
608 448 1253 516 se,nulliquecouditioni
1279 447 1566 500 obnoxium
1585 445 1794 511 publica
1829 453 1872 503 Α
1902 442 2149 495 effectum
2202 439 2555 493 exsecutione
2603 439 2842 506 perduci,
2874 447 2932 493 ut
2971 440 3102 494 nihil
3142 441 3284 495 inter
3315 452 3495 508 partes

197 559 338 596 voce
359 542 632 609 professus
657 549 757 593 est.
777 540 881 593 Pro
899 555 1005 607 quo
1035 540 1104 594 ab
1133 540 1447 594 actionariis
1478 537 1709 609 publicis
1737 552 1796 590 se

195 637 532 685 remeantem
576 628 820 695 queritur
858 641 980 681 esse
1028 629 1384 681 constrictum
1421 625 1800 696 itnpetentibns

195 739 298 776 cur
331 735 547 776 servum
576 718 715 787 juris
742 718 939 785 publici
973 719 1150 771 furtim
1200 719 1267 772 de
1298 719 1405 772 illis
1435 718 1674 785 partibus
1701 733 1799 769 att-

198 817 347 869 ferre
402 809 829 882 praesumpserit.
874 809 1013 876 Qui,
1053 820 1173 877 post
1231 810 1373 862 illata
1423 809 1526 861 sibi
1569 809 1798 872 damna,

193 906 460 958 cautione
508 917 568 956 se
621 915 834 970 quoque
885 900 1126 953 ostendit
1177 901 1492 954 obstrictum
1553 901 1800 952 eumdem

203 1009 434 1062 puerum
477 993 541 1044 ad
572 999 748 1058 partes
794 991 912 1044 illas
942 989 1131 1058 quibus
1163 991 1366 1044 valeret
1413 990 1614 1043 viribus
1645 1006 1799 1043 revo-

201 1101 355 1139 care.
385 1084 554 1144 L‘itde,
579 1082 794 1150 pietatis
827 1097 987 1135 causa
1031 1084 1283 1148 permoti,
1330 1083 1431 1134 hoc
1470 1083 1801 1150 experientia

207 1185 300 1228 tua
333 1190 432 1230 nos
461 1174 769 1227 decrevisse
818 1183 1134 1239 cognoscat,
1171 1183 1227 1225 ut
1274 1174 1339 1225 atl
1397 1173 1806 1228 Panormitanas

212 1277 420 1336 partes,
453 1264 540 1317 ubi
574 1278 662 1316 res
693 1263 888 1330 agitur,
925 1263 1096 1318 it-sunt
1130 1262 1455 1328 mancipium
1485 1307 1499 1329 ,
1547 1263 1559 1315 l
1586 1273 1670 1317 cet
1695 1263 1804 1331 jam

214 1356 470 1412 monachi
502 1354 740 1407 habitum
773 1352 1084 1419 sumpserit,
1127 1353 1319 1406 debeat
1355 1368 1628 1415 revocare,
1657 1369 1808 1406 eum-

207 1462 319 1516 que
370 1445 598 1499 Fantino
652 1441 926 1497 defensori
988 1451 1173 1495 nostro
1220 1445 1562 1506 contradere,
1597 1453 1652 1496 ut
1693 1444 1809 1510 ipse

207 1539 340 1608 quid
389 1539 458 1591 de
511 1550 577 1589 eo
624 1533 738 1588 fieri
797 1534 1035 1598 debeat,
1096 1537 1387 1587 secundum
1436 1536 1808 1602 praeceptionis

220 1637 424 1680 nostra;
447 1626 665 1686 seriem,
690 1623 844 1690 cujus
874 1633 928 1677 et
971 1632 1021 1676 te
1062 1637 1276 1692 quoque
1304 1632 1480 1677 textus
1508 1625 1698 1691 poterit
1731 1625 1810 1676 iu-

212 1722 475 1782 formare,
507 1715 797 1768 salubriter
845 1725 1190 1783 exsequatur.
1225 1715 1269 1769 A
1319 1716 1487 1770 latore
1517 1732 1644 1784 ergo
1676 1732 1812 1780 prie-

1901 541 2198 598 rematteat,
2236 532 2375 584 unde
2416 531 2681 600 posthaec
2724 529 2750 567 δ
2783 529 3029 586 redivivo
3072 534 3282 599 possint
3325 534 3496 602 litigio

1902 624 2139 695 fatigari.

2451 723 2474 750 ⁸
2521 712 2854 767 EPISTULA
2896 713 2958 768 ν.

2102 821 2170 858 ΑΙ)
2202 819 2531 858 ΜΑΒΙΝΙΑΝΙῙΗ
2575 819 2927 856 ΜνιςΝΝΑτΕΜ
2969 817 3279 856 EI‘ISCOPUII.

2217 895 2499 947 Maurentii
2538 896 2768 948 homines
2821 897 3164 947 commendat.

1975 985 2264 1056 Gregorius
2296 987 2588 1040 Mariniano
2629 988 2884 1055 episcopo
2914 987 3202 1040 llztvettttaz.

1980 1079 2264 1148 Postquam
2289 1080 2684 1148 gloriosissimo
2710 1079 2820 1133 filio
2849 1091 3036 1134 nostro
3069 1081 3368 1134 Maurentio
3396 1080 3497 1131 hoc

1907 1171 2051 1238 apud
2084 1186 2179 1223 vos
2209 1171 2380 1222 solum
2410 1180 2584 1235 potest
2610 1171 2883 1236 sufficere,
2919 1173 3059 1239 quod
3094 1187 3214 1224 eum
3257 1181 3497 1224 nostrum

1908 1274 2026 1312 esse
2058 1259 2331 1327 proprium
2367 1274 2472 1311 non
2515 1261 2769 1324 nescitis,
2804 1261 3036 1326 qualiter
3083 1261 3132 1313 ei
3178 1276 3207 1311 a
3240 1260 3393 1313 vobis
3431 1271 3502 1312 stt

1910 1348 2346 1402 concurrendum
2387 1349 2622 1402 scribere
2655 1366 2760 1402 non
2795 1350 3076 1403 debemus.
3112 1350 3216 1404 Sed
3251 1366 3338 1416 ne,
3381 1353 3502 1403 data

1910 1441 2235 1504 occasione,
2289 1440 2680 1494 fraternitatem
2728 1450 2968 1496 vestram
3025 1443 3075 1494 in
3131 1457 3288 1496 causa
3340 1444 3505 1511 ipsius

1912 1532 2330 1600 praatertttittere
2370 1531 2666 1598 videamur,
2703 1531 2902 1584 latores
2952 1532 3293 1600 prmsentium
3352 1545 3504 1583 com-

1913 1619 2260 1683 mendantes,
2303 1618 2580 1673 hortamur
2622 1630 2676 1671 ut
2705 1620 2826 1684 quia
2858 1634 2951 1673 eos
3003 1635 3101 1686 pro
3154 1617 3504 1687 percipiendo

1913 1717 2156 1783 precario
2180 1730 2276 1767 suo
2307 1715 2430 1768 illuc
2454 1716 2693 1768 noscitur
2716 1715 3097 1780 transmisisse,
3125 1724 3298 1768 vestra
3323 1729 3424 1780 0pc
3447 1714 3501 1768 in

209 1812 444 1863 sentiunt
495 1804 878 1872 experientiam
938 1813 1083 1856 tttattt
1145 1805 1389 1858 volumus
1436 1804 1462 1842 ιθ
1515 1807 1814 1874 lidejussio-
1847 1815 1887 1871 Β
1917 1809 2168 1862 omnibus
2199 1805 2226 1843 ι)
2261 1807 2572 1861 fulciantur.
2617 1807 2738 1870 Cui,
2769 1819 2824 1859 ut
2854 1807 3046 1861 melius
3096 1817 3352 1874 praestare
3386 1821 3511 1873 pos-

220 1914 346 1952 netn
396 1896 674 1962 accipere,
727 1895 816 1962 qui
873 1895 1197 1961 mancipium
1245 1895 1417 1962 ipsum
1459 1896 1508 1948 in
1558 1911 1654 1949 sua
1683 1914 1711 1950 a
1761 1906 1813 1951 te

214 2001 382 2041 manu
433 1981 754 2051 suscipiens,
791 1983 898 2037 illic
950 1984 1045 2037 tibi
1092 1985 1143 2037 itt
1200 1985 1550 2053 Neapolitana
1599 1989 1816 2043 ciiitate

217 2095 318 2147 pro
347 2093 412 2130 eo
448 2075 662 2144 scriptis
692 2075 971 2128 evidenter
1007 2077 1270 2144 spondeat
1297 2079 1438 2147 quod
1484 2079 1632 2132 illum
1669 2081 1815 2134 Fan-

217 2172 335 2227 tino
365 2169 638 2226 defensori
688 2180 875 2223 nostro
923 2169 1039 2224 sine
1067 2171 1247 2239 aliqua
1294 2175 1640 2226 excusatione
1688 2189 1820 2226 con-

221 2264 422 2321 tradat.
464 2274 520 2316 ut
558 2262 656 2315 hac
688 2262 1048 2327 praeveniente
1097 2263 1302 2316 cautela
1327 2304 1341 2329 ,
1390 2273 1444 2316 et
1483 2276 1730 2329 precator
1757 2265 1813 2316 li-

223 2356 324 2409 ber
352 2369 380 2406 a
405 2351 671 2406 cautionis
689 2366 801 2406 sum
831 2353 1087 2405 reddatur
1115 2355 1347 2415 vinculo,
1377 2362 1433 2406 et
1453 2368 1616 2406 causa
1663 2369 1814 2407 man-

221 2445 376 2513 cipii,
405 2444 548 2497 sicut
575 2441 951 2497 constituimus
971 2483 988 2507 ,
1036 2444 1325 2496 auxiliante
1357 2443 1607 2506 Domino,
1637 2446 1821 2510 dispo-

227 2546 409 2590 llallll‘.

801 2602 1131 2658 EPISTULA
1173 2602 1260 2658 ιν.

628 2711 693 2748 ΔΙ)
723 2710 989 2749 ΡΔΝΤΙΝυΜ
1031 2710 1402 2748 DEFENSOREM.

231 2786 313 2842 De
329 2787 554 2855 ﬁnienda
584 2785 862 2839 Maurentii
890 2795 1070 2837 contra
1095 2785 1518 2838 Pnnormitanam
1543 2785 1827 2840 Ecclesium

516 2872 674 2909 causa
708 2865 910 2908 moneat
948 2855 1195 2908 Victorem
1218 2858 1528 2926 episcOpum.

308 2943 600 3014 Gregorius
633 2945 863 2998 Fantino
887 2944 1182 2998 defensori.

319 3035 755 3090 Gloriosissimus
786 3036 923 3088 filius
954 3045 1136 3087 noster
1163 3035 1487 3088 Maurentius
1509 3075 1524 3100 ,
1576 3035 1832 3102 magister

241 3127 496 3187 militum,
523 3139 737 3177 causam
761 3125 828 3177 de
855 3137 1030 3176 massa
1055 3123 1284 3176 Gentina
1331 3133 1515 3177 contra
1552 3123 1831 3175 Panormi-

242 3227 427 3269 tanam
455 3214 749 3268 Ecclesiam
779 3212 978 3267 habere
1007 3227 1066 3266 se
1088 3215 1350 3278 queritur,
1376 3223 1425 3265 et
1460 3212 1524 3264 ad
1561 3213 1662 3266 hoc
1696 3213 1833 3265 lato-

244 3320 360 3358 rem
392 3302 735 3368 pratsentium
760 3341 778 3367 ,
825 3303 966 3353 facto
1015 3299 1300 3364 mandato,
1333 3300 1664 3361 transmisit,
1697 3297 1839 3366 quod

246 3393 444 3447 debeat
485 3392 603 3445 sine
645 3390 993 3445 excusatione
1042 3391 1217 3458 aliqua
1258 3391 1560 3442 terminari.
1611 3389 1840 3457 Ideoque

252 3483 589 3552 experientia
621 3489 709 3534 tua
742 3480 1250 3533 reverendissimum
1303 3478 1526 3531 fratrem
1559 3489 1612 3531 et
1658 3477 1840 3543 coepi-

263 3586 486 3640 scopum
509 3579 752 3624 nostrum
781 3568 1077 3632 Victorem,
1105 3577 1319 3620 servato
1341 3566 1565 3631 honore,
1604 3580 1843 3619 commo-

251 3669 380 3714 neat
417 3670 473 3711 ut
525 3667 614 3711 aut
667 3658 886 3726 pacifice
932 3672 1151 3712 causam
1200 3657 1369 3726 ipsam
1431 3657 1547 3710 sine
1586 3656 1842 3710 dilatione

252 3751 466 3805 studeat
497 3750 810 3815 terminare,
838 3757 930 3802 aut
959 3758 1111 3803 certe
1140 3749 1184 3802 si
1214 3750 1402 3803 utilius
1434 3749 1540 3802 sibi
1567 3763 1688 3803 esse
1725 3762 1846 3801 cre-

252 3843 452 3897 diderit
494 3858 611 3895 eatn
651 3842 854 3910 judicio
895 3841 1135 3904 definiri,
1178 3843 1327 3895 omni
1381 3855 1530 3894 mora
1568 3852 1839 3904 cessante,

255 3937 373 3988 vice
413 3947 507 3986 sua
536 3947 820 4000 personam
852 3931 1098 4000 legaliter
1120 3931 1367 3985 instituat
1408 3945 1528 3996 quae
1565 3931 1632 3983 de
1657 3931 1843 3983 eadem

256 4039 434 4080 massa
467 4023 607 4092 apud
637 4023 1084 4092 gloriosissimum
1119 4023 1288 4075 lilium
1319 4032 1559 4075 nostrum
1589 4023 1844 4076 domuum

257 4126 286 4156 ι
322 4116 644 4170 Venantinm
700 4114 986 4183 patricium
1038 4123 1091 4166 et
1140 4114 1527 4180 experientiam
1579 4124 1722 4166 tuam
1753 4114 1847 4167 de-

257 4210 382 4266 beat
429 4207 611 4262 subire
658 4206 942 4275 judicium,
991 4203 1204 4275 118a.
1234 4216 1289 4257 ut
1318 4219 1482 4259 causa
1521 4205 1636 4273 ipsa
1677 4206 1848 4273 possit

257 4297 476 4368 cognita
514 4297 743 4352 veritate
781 4295 1064 4365 distingui,
1098 4304 1190 4349 aut
1245 4306 1394 4350 certe
1445 4296 1580 4349 alios
1634 4296 1753 4359 sibi,
1802 4296 1846 4348 si

256 4400 439 4459 partes
462 4388 757 4453 voluerint,
807 4397 860 4441 te
909 4388 1245 4450 imminente,
1279 4388 1482 4457 eligant
1517 4386 1843 4457 cognitores.

258 4481 328 4535 Ft
356 4479 614 4549 quidquid
659 4477 854 4531 mediis
883 4476 1246 4529 sacrosanctis
1304 4477 1610 4545 Evangeliis
1656 4477 1725 4529 ab
1769 4478 1848 4528 cis

1916 1897 2056 1960 sitis,
2090 1898 2211 1964 quia
2244 1911 2342 1948 vos
2376 1896 2428 1949 in
2481 1897 2587 1949 mul
2619 1896 2662 1949 is
2699 1911 2820 1951 esse
2851 1914 2954 1951 nun
2986 1906 3068 1951 est
3096 1898 3313 1949 dubium
3359 1912 3514 1950 occu-

1926 1999 2102 2055 patos,
2130 1988 2379 2041 Mennam
2415 1991 2710 2053 notarium,
2748 1988 2871 2057 quia
2897 1987 3034 2042 bene
3079 1987 3227 2040 novit
3255 2002 3374 2041 esse
3400 1989 3512 2040 sol-

1921 2078 2120 2142 Iicitus,
2174 2079 2462 2147 deputate,
2523 2091 2578 2132 ut
2610 2080 2742 2147 ipse
2770 2095 2866 2134 eos
2919 2089 3102 2133 vestro
3155 2081 3405 2143 nomine,
3458 2079 3513 2130 in

1919 2172 2125 2223 cunctis
2167 2169 2256 2222 ubi
2299 2185 2521 2223 necesse
2560 2170 2758 2236 fuerit,
2811 2170 3024 2225 studeat
3051 2171 3328 2238 adjuvare,
3379 2169 3506 2238 quia

1921 2259 2044 2327 quid
2085 2275 2248 2329 agere
2299 2260 2561 2323 debeant,
2609 2261 2734 2313 dato
2784 2262 2884 2314 sibi
2929 2260 3243 2328 capitulari,
3299 2268 3355 2311 ut
3386 2273 3511 2325 per-

1924 2347 2148 2413 hibent,
2209 2361 2333 2403 sunt
2393 2351 2668 2403 instructi.
2728 2350 2967 2418 Cumque
3021 2365 3123 2420 ego
3176 2354 3513 2403 sanctitatem

1923 2450 2158 2494 vestram
2185 2458 2280 2494 sua
2312 2443 2362 2494 in
2389 2442 2643 2508 przesettti
2669 2442 2929 2496 relatione
2963 2442 3362 2496 infortnaverim
3389 2485 3404 2507 ,
3448 2443 3518 2495 ita

1929 2544 2025 2582 vos
2055 2531 2104 2582 in
2147 2530 2265 2599 ejus
2293 2535 2471 2585 causis
2504 2532 2817 2600 impendite,
2852 2543 2909 2586 ut
2934 2534 3070 2587 sicut
3108 2546 3160 2587 et
3197 2549 3294 2587 nos
3321 2535 3388 2586 de
3419 2534 3525 2586 fra-

1928 2623 2185 2674 ternitate
2214 2634 2388 2675 vestra
2418 2623 2552 2676 certi
2576 2639 2780 2690 sumus,
2819 2634 2869 2676 et
2910 2625 2996 2677 ille
3021 2626 3239 2679 omnino
3280 2624 3520 2690 cottﬁdi',

1930 2710 2080 2762 vobis
2109 2710 2568 2780 suffragantibus,
2618 2714 2819 2767 utilitas
2850 2712 3049 2782 ipsius,
3105 2716 3212 2770 Deo
3256 2714 3523 2786 adjutore,

1931 2800 2217 2855 salubriter
2256 2813 2566 2871 peragatur.

2494 2912 2826 2968 EPISTULA
2878 2914 2963 2971 Vl.

2322 3037 2388 3074 AD
2427 3037 2750 3076 THEODORUM
2789 3039 3134 3077 ευηΑτοκιῖιι.

2271 3133 2605 3186 Commendat
2652 3135 2920 3188 Mauri-nlii
2951 3137 3200 3191 homines.

2017 3216 2307 3288 Gregorius
2343 3221 2630 3276 Theodoro
2663 3225 2918 3277 curatori.

2011 3307 2144 3372 Quia
2175 3308 2252 3362 sic
2277 3310 2343 3363 de
2369 3312 2535 3378 gloria
2585 3322 2763 3366 vestra
2808 3314 2947 3368 sicut
2976 3315 3044 3371 de
3072 3316 3395 3373 cltarissinto
3439 3335 3527 3375 re-

1940 3410 2065 3450 vera
2094 3397 2201 3451 filio
2239 3400 2458 3453 omnino
2502 3403 2900 3469 prmsumimus,
2942 3407 3074 3460 certi
3116 3408 3184 3462 de
3230 3409 3404 3475 vobis,
3437 3427 3532 3464 eos

1944 3487 2036 3554 qui
2070 3491 2236 3542 nostri
2270 3499 2395 3544 sunt
2437 3494 2898 3547 commendamus.
2934 3496 3014 3550 0b
3043 3513 3199 3565 quam
3253 3515 3386 3560 rem,
3423 3517 3534 3569 pa-

1943 3584 2098 3630 terno
2145 3580 2444 3636 salutantes
2497 3582 2714 3651 affectu,
2745 3599 3052 3653 quaesumus
3083 3599 3143 3642 ut
3191 3593 3531 3656 praesentiunt

1944 3669 2460 3742 ptirtitoribtts,quos
2485 3674 2906 3741 gloriosissimus
2930 3677 3256 3732 Maurentius
3279 3682 3534 3749 magister

1946 3759 2168 3814 militum
2193 3763 2258 3816 ad
2291 3770 2315 3798 °
2341 3765 2636 3831 precarium
2667 3780 2824 3820 suum
2868 3769 3234 3838 accipiendum
3289 3775 3538 3826 transmi-

1944 3849 2034 3914 sit,
2058 3865 2292 3906 veSIram
2328 3855 2610 3909 tuitionem
2642 3857 2916 3925 impertire
2962 3859 3291 3929 dignemini;
3347 3876 3538 3928 quate-

1947 3955 2072 4006 nus,
2097 3944 2250 3998 vobis
2282 3947 2771 4015 patrocinantibus,
2804 3964 2902 4004 nec
2943 3965 3148 4004 moram
3197 3952 3306 4006 illic
3353 3964 3539 4007 contra

1954 4032 2218 4086 ratioaem
2251 4049 2349 4089 nec
2381 4036 2618 4090 laborem
2662 4039 2895 4093 debeant
2942 4042 3235 4106 sustinere,
3265 4043 3358 4096 sed
3390 4045 3544 4110 quid-

1953 4121 2081 4188 quid
2108 4125 2362 4190 praadicto
2398 4128 2608 4196 1185
2656 4128 3048 4196 gloriosissimo
3099 4130 3214 4183 viro
3243 4135 3538 4200 competit,

1955 4215 2140 4283 gloria:
2170 4227 2363 4272 vestra:
2393 4219 2746 4286 cpitulatione
2773 4222 2891 4275 sine
2918 4223 3229 4275 difﬁcultate
3261 4225 3536 4292 percipiat,

1956 4313 2012 4358 ut
2052 4316 2104 4358 et
2133 4308 2477 4376 ipseluostris
2528 4311 2756 4378 amplius
2788 4313 2857 4364 sit
2902 4311 3125 4364 devotus
3147 4312 3450 4378 ob-equiis,
3487 4323 3544 4367 et

1953 4409 2050 4446 nos
2081 4410 2175 4462 pro
2222 4413 2287 4452 eo
2317 4396 2524 4453 referre
2569 4399 2790 4467 gratias,
2838 4400 2975 4454 sicut
3023 4402 3242 4469 dignum
3274 4409 3394 4468 est,
3449 4417 3540 4456 va-

1952 4483 2174 4538 leamus.

257 4573 420 4627 fuerit
467 4579 728 4626 statutum
783 4568 856 4621 ita
913 4568 1029 4634 lege
1085 4577 1296 4622 servata
1344 4575 1436 4620 tua
1495 4568 1741 4620 volumus
1783 4567 1851 4620 ad
1883 4558 1931 4616 D
2007 4613 2014 4619 .

327 4720 356 4758 b
388 4720 442 4772 In
485 4726 713 4786 utroque
761 4713 1050 4769 Rbemcnsi
1098 4723 1152 4769 et
1197 4715 1248 4768 in
1296 4713 1468 4768 Vatic.
1510 4714 1583 4778 D,
1629 4714 1844 4786 ﬁdejtts-

376 4805 443 4839 m.

256 4807 510 4912 ὅΜιὲιηδτ.
537 4855 625 4908 1V.
649 4886 721 4897 —
753 4863 779 4891 ι
811 4854 1213 4921 Transpositam
1239 4867 1360 4908 esse
1399 4857 1533 4907 hanc
1560 4855 1842 4923 epistolam

258 4937 447 4984 censet
476 4925 918 4990 Gussattvillteus,
944 4926 1082 4992 quod
1108 4925 1218 4993 jam
1252 4925 1436 4979 ittdict.
1469 4927 1786 4993 pra:cedenti
1817 4944 1846 4980 e

260 5015 395 5050 vms
418 4998 683 5050 sublatum
715 5011 835 5047 esse
870 4995 1181 5048 Venantiutn
1230 5006 1458 5048 constet.
1513 4997 1581 5047 At
1638 4995 1849 5048 Venan-

259 5071 388 5120 tittm
422 5069 562 5119 hunc
605 5065 671 5117 ab
702 5067 806 5116 alio
836 5065 1190 5129 extnuttacbo,
1210 5065 1361 5131 cujus
1383 5066 1502 5117 filia:
1527 5065 1756 5118 Barbara
1790 5075 1844 5119 et

257 5139 547 5200 Antonina,
587 5136 975 5188 secernendum
1007 5146 1271 5199 putamus.
1305 5135 1538 5202 Uterque
1570 5150 1698 5188 sane
1752 5153 1842 5202 pn-

258 5208 442 5261 tricius
464 5208 579 5267 luit,
606 5205 701 5258 sed
733 5205 816 5256 hic
847 5203 1427 5266 Panortttitattus,alter
1449 5203 1842 5269 Syracusanus.

260 5277 336 5330 De
363 5274 745 5329 Panormitauo
787 5274 1129 5340 intelligenda
1170 5282 1254 5326 est
1292 5274 1455 5339 epist.
1489 5275 1561 5327 55
1613 5275 1732 5328 libri
1767 5291 1838 5338 tx,

259 5346 449 5398 indict.
481 5346 535 5396 9..
568 5343 647 5394 Ad
678 5343 926 5397 eumdem
969 5350 1196 5395 exstant.
1229 5342 1385 5409 epist.
1409 5343 1479 5395 40
1519 5342 1677 5411 hujus
1699 5345 1840 5408 libri,

258 5426 314 5470 et
345 5414 410 5468 l5
445 5411 564 5466 libri
593 5427 710 5464 xui.

336 5486 362 5520 υ
396 5485 449 5535 In
495 5491 698 5534 recent.
734 5479 834 5532 Ed.
856 5520 869 5540 ,
904 5480 1143 5532 recidiva.
1193 5477 1469 5532 Veteribus
1511 5479 1730 5533 Excttsis
1765 5481 1842 5533 fa-

260 5561 384 5606 vent
415 5551 584 5603 Vatic.
611 5553 653 5604 Λ
681 5560 733 5602 et
763 5549 1082 5603 Victorinus.
1117 5549 1169 5601 ltt
1205 5550 1536 5616 paucissimis
1567 5550 1691 5602 Mss.
1726 5553 1840 5606 lucc

260 5624 483 5692 epistola
513 5627 839 5692 continetur.

333 5693 512 5745 Ertsx.
541 5689 602 5743 V.
625 5715 692 5730 --
719 5697 742 5725 ι
765 5689 893 5744 Eam
925 5688 978 5742 in
1004 5687 1315 5758 Remigiano
1345 5697 1564 5752 tantum,
1583 5690 1634 5742 itt
1670 5688 1841 5742 Victo-

1950 4719 2088 4791 rino,
2121 4734 2172 4775 et
2202 4722 2253 4775 in
2284 4721 2454 4776 Vatic.
2477 4723 2552 4786 Δ,
2581 4723 2899 4791 reperimus.

2021 4790 2045 4862 ξ’
2090 4792 2220 4844 Dicti
2255 4791 2496 4858 Codices,
2525 4790 2790 4862 fulcimur.

2023 4861 2199 4938 _Erts_'r;
2395 4861 2530 4938 -—Ma'
2573 4864 2656 4938 De,
2703 4865 2944 4932 precario
2990 4865 3123 4938 lege
3177 4874 3355 4920 notam
3402 4872 3432 4938 f
3471 4871 3536 4925 ad

1950 4933 2104 4998 epist.
2132 4929 2201 4984 46
2233 4930 2322 4984 lib.
2358 4948 2394 4984 t.
2441 4934 2536 4987 llic
2564 4945 2614 4987 et
2645 4929 2716 4986 ίη⁷
2737 4937 3000 5000 superiori
3041 4929 3200 4999 éltisl.
3244 4929 3535 5003 precarium

1951 5004 2159 5073 videtur
2185 5017 2303 5073 esse
2323 5003 2645 5069 stipendium
2669 5005 2916 5068 militare,
2933 5007 3071 5073 quod
3094 5007 3422 5062 Mattrentius
3441 5027 3550 5061 ma-

1951 5072 2114 5136 giSter
2145 5072 2369 5143 militum
2399 5090 2493 5136 pro
2516 5088 2574 5125 se
2599 5075 2816 5143 suisque
2845 5077 2914 5127 ab
2942 5072 3117 5129 a-rarii
3149 5078 3412 5143 praefectis
3442 5095 3540 5132 seu

1949 5141 2308 5207 quarstoribus
2332 5143 2597 5196 Ravenna:
2617 5141 2932 5206 degentibus
2962 5141 3306 5212 exposcebat.
3346 5149 3543 5200 Dicun-

1951 5218 2037 5263 tur
2065 5229 2092 5262 a
2126 5213 2384 5278 Gregorio
2430 5214 2750 5278 saccellarii,
2783 5214 2876 5267 lib.
2904 5230 2957 5279 v,
2991 5216 3151 5282 epist.
3180 5216 3274 5282 ‘21,
3307 5217 3370 5270 ad
3395 5217 3542 5270 Con-

1948 5285 2237 5352 stanttnam
2269 5285 2404 5350 Aug.
2457 5283 2626 5348 Sicut,
2663 5284 2854 5352 inquit,
2896 5287 2950 5337 in
3009 5285 3266 5339 Ravenna:
3311 5291 3541 5352 partibus

1948 5351 2278 5422 dominorum
2304 5353 2464 5418 pietas
2495 5354 2636 5422 apud
2663 5351 2882 5413 primum
2924 5357 3199 5408 exercitum
3227 5351 3398 5408 Italae
3424 5374 3540 5410 suc-

1949 5422 2215 5493 cellarium
2260 5421 2427 5488 habet,
2465 5421 2583 5493 etc.
2615 5422 2705 5487 Ut,
2737 5425 2803 5476 ad
2834 5425 3188 5479 obtinendum
3221 5431 3542 5493 quantocius

1952 5491 2427 5566 lioostipendium,
2460 5492 2784 5566 Mariniatttts
2812 5495 3219 5566 etTlteodorus,
3241 5491 3341 5550 hic
3373 5499 3535 5566 hujus

1950 5561 2099 5637 urbis
2129 5573 2362 5637 curator,
2406 5577 2471 5616 ex
2505 5567 2663 5630 epist.
2708 5563 2778 5616 98
2818 5564 2910 5617 lib.
2964 5581 3015 5618 tx
3040 5606 3055 5630 ,
3086 5568 3172 5637 ille
3212 5561 3495 5635 episcOptis
3522 5610 3540 5637 ,

1949 5629 2246 5685 Maureutio
2282 5631 2513 5698 faveant,
2541 5629 2640 5688 eos
2662 5642 2814 5702 rogat
2836 5647 3053 5690 sanctus
3085 5629 3392 5706 Gregorius.
