3928 6292
526 281 667 337 1225

1069 393 1396 448 EPISTOLA
1440 395 1544 448 VII.

701 506 768 544 AD
806 502 1158 549 SAVINELLADI,
1198 503 1477 541 COLUMBAI
1520 504 1584 541 ΕΤ
1627 505 1923 542 ΑσκιειιΑδι.

522 584 673 638 Idem
699 582 766 634 ad
792 581 1020 650 singulas
1049 581 1282 643 scribens,
1317 581 1548 631 hortatur
1573 591 1624 631 ut
1647 580 1952 650 largioribus
1975 582 2103 634 elec-

759 652 982 719 mosyuis
1013 651 1232 703 cwlestes
1259 659 1551 716 comparent
1581 652 1861 704 thesauros.

592 744 880 812 Gregorius
911 751 934 776 ³
969 741 1269 806 Savinellte,
1299 740 1573 795 Columbae
1598 750 1649 795 et
1685 741 1919 810 Aguellie
1947 756 1973 792 a
2005 755 2070 811 pa

522 835 691 889 ribus.

590 924 730 979 Satis
753 939 858 989 me,
882 922 1109 990 gloriosa
1138 923 1263 987 ﬁlia,
1289 921 1612 989 operationis
1635 932 1738 975 tua:
1759 922 1939 976 audita
1961 922 2099 976 booa

522 1015 815 1082 lietiﬁcant,
850 1014 990 1082 quod
1023 1015 1108 1066 illa
1139 1029 1300 1082 agere
1339 1015 1637 1081 perhiberis
1679 1031 1770 1080 per
1799 1030 1938 1081 quag,
1974 1015 2099 1066 dum

517 1104 792 1173 egentibus
811 1101 1227 1155 misericorditer
1251 1101 1519 1164 subvenis,
1545 1102 1654 1167 ipsa
1676 1101 2097 1155 misericordiant

520 1195 888 1260 consequaris,
926 1203 976 1246 et
1010 1193 1161 1256 alios,
1209 1192 1572 1258 temporaliter
1603 1193 1907 1256 nutriendo,
1946 1194 2098 1246 bonis

518 1288 572 1340 in
602 1297 857 1339 aeternum
890 1285 1196 1338 cmlestibus
1226 1285 1453 1337 satieris.
1514 1285 1578 1336 Et
1621 1285 1742 1338 ideo
1772 1286 1893 1352 quia
1928 1286 2097 1338 ﬁdelis

518 1388 600 1430 est
629 1378 710 1429 cui
742 1375 939 1439 credis,
969 1373 995 1410 ι’
1019 1389 1203 1427 set-ura
1237 1375 1548 1428 commenda
1577 1390 1636 1428 ea
1667 1391 1784 1442 qua:
1810 1376 2015 1435 tribuis,
2042 1383 2099 1427 ut

515 1469 568 1521 in
603 1468 686 1520 die
715 1466 1069 1519 tribulationis
1097 1467 1322 1534 recipias
1343 1468 1481 1533 quod
1514 1467 1796 1533 impendis.
1828 1467 1916 1519 Ait
1946 1484 2098 1519 nam-

512 1574 615 1626 que
637 1559 880 1627 egregius
924 1556 1239 1625 prsidii-ator
1269 1575 1280 1609 :
1316 1556 1438 1611 Scio
1468 1558 1548 1608 cui
1573 1557 1785 1621 credidi,
1835 1568 1880 1608 et
1929 1567 2095 1610 certus

510 1664 622 1701 sum
647 1649 765 1715 quia
796 1658 969 1712 potens
999 1657 1070 1698 est
1100 1661 1299 1697 servare
1329 1647 1613 1715 depositum
1642 1661 1805 1698 meum
1849 1646 1903 1697 in
1946 1644 2093 1697 illum

515 1738 647 1790 diem
676 1735 758 1805 (Il
797 1735 922 1789 Tim.
964 1751 1000 1798 t,
1048 1736 1157 1799 12).
1192 1735 1351 1799 Ecce,
1384 1735 1614 1802 gloriosa
1649 1735 1774 1797 lilia,
1803 1743 1997 1802 quanta
2025 1737 2094 1788 sit
2125 1752 2170 1810 Β

511 1829 770 1882 bonorum
802 1843 1022 1895 cperunt
1063 1826 1328 1879 certitudo
1371 1827 1673 1890 considera,
1727 1835 1781 1879 et
1834 1826 1977 1893 larga
2028 1827 2100 1879 sit

510 1934 723 1984 semper
767 1932 955 1970 manus
995 1917 1044 1968 in
1083 1931 1266 1985 opere,
1299 1925 1354 1967 ut
1380 1917 1467 1967 ﬁat
1492 1915 1645 1968 vobis
1674 1915 1812 1983 quod
1842 1917 2095 1982 scriptum

509 2017 593 2061 est
625 2024 638 2059 :
671 2007 931 2059 Absconde
974 2007 1342 2074 eleemosynam
1379 2005 1430 2056 in
1475 2005 1589 2057 sinu
1622 2005 1880 2070 pauperis,
1912 2013 1957 2056 et
1987 2004 2095 2056 Itth

510 2117 603 2166 pro
645 2110 692 2151 te
728 2099 956 2152 exorabit
986 2099 1174 2165 (h‘ccli.
1207 2113 1364 2161 xxix,
1404 2097 1506 2163 15).
1536 2096 1785 2165 Quisquis
1815 2098 1971 2165 igitur
1997 2112 2091 2150 co-

507 2192 713 2258 piosmn
747 2190 797 2242 in
829 2191 980 2245 ccelis
1005 2190 1230 2242 ﬂuctum
1257 2189 1453 2243 habere
1475 2188 1764 2253 desiderat,
1798 2189 2088 2256 seminare,

510 2285 634 2337 dum
669 2293 877 2351 tempus
909 2293 1005 2345 est,
1044 2299 1148 2335 non
1190 2283 1419 2344 omittat,
1465 2289 1523 2334 ut
1561 2281 1860 2347 manipulos
1903 2281 1956 2332 in
2004 2281 2091 2333 die

510 2376 700 2428 messis
723 2391 841 2428 cum
870 2375 1048 2426 laetitia
1070 2373 1306 2440 colligat.
1331 2371 1461 2423 Nam
1485 2373 1571 2437 qui
1591 2371 1838 2424 sentinant
1859 2373 1911 2424 in
1929 2372 2091 2439 lacry-

510 2467 630 2528 mis,
664 2466 715 2516 in
756 2465 942 2532 gaudio
972 2471 1155 2514 metent
1187 2462 1414 2531 (Psalm.
1448 2475 1606 2520 cxsv,
1639 2459 1719 2528 5).
1769 2460 1871 2513 Sed
1917 2460 2090 2528 qualis

507 2554 705 2607 messis
731 2567 796 2605 ex
825 2551 1127 2620 hujusmodi
1170 2560 1408 2604 semente
1456 2548 1629 2601 futura
1662 2551 1752 2614 sit,
1784 2548 1922 2602 dicat
1950 2551 2091 2617 Apo-

507 2644 677 2696 stolus
712 2659 726 2696 :
762 2641 860 2704 Qui
890 2643 1103 2694 seminat
1132 2642 1184 2693 in
1212 2657 1362 2693 carne
1391 2657 1506 2703 sua,
1556 2639 1620 2692 de
1664 2655 1813 2692 carne
1856 2650 2002 2694 metet
2041 2647 2091 2694 et

506 2735 919 2802 corruptionem;
949 2733 1035 2799 qui
1061 2741 1230 2784 autem
1258 2731 1471 2783 seminat
1496 2731 1548 2782 in
1575 2731 1780 2797 spiritu,
1815 2730 1878 2784 de
1904 2732 2090 2798 spiritu

519 2831 566 2876 et
600 2832 746 2876 metet
775 2825 926 2875 vitam
952 2831 1190 2876 wternam
1222 2820 1364 2890 (Gal.
1395 2837 1469 2888 vr,
1518 2823 1595 2891 8).
1640 2823 1717 2876 Ne
1745 2837 1871 2876 vero
1915 2823 2089 2890 inopia

516 2929 615 2967 nos
662 2913 912 2981 egestatis
949 2911 1202 2978 inveniat,
1248 2912 1382 2966 hanc
1418 2913 1569 2966 nobis
1606 2927 1836 2967 messem
1885 2915 2091 2967 satione

508 3007 785 3076 multiplici
810 3021 1201 3075 prmparemus;
1231 3014 1286 3060 et
1313 3017 1514 3074 quanto
1544 3005 1758 3059 uberius
1787 3006 1968 3059 satiari
1997 3020 2090 3059 cu-

512 3099 707 3165 pimus,
743 3106 888 3150 tanto
919 3098 965 3152 ei
996 3112 1024 3150 a
1052 3112 1156 3166 quo
1187 3108 1352 3150 totum
1386 3099 1688 3166 accepimus
1726 3098 1922 3167 largius
1962 3113 2092 3151 con-

506 3190 762 3240 feramus.
789 3188 915 3239 Nam
944 3187 1056 3254 ipse
1085 3186 1150 3239 de
1180 3203 1240 3241 se
1273 3188 1526 3240 Dominus
1555 3188 1631 3240 ait
1659 3203 1671 3239 :
1703 3186 1904 3241 Esurivi
1929 3189 2086 3251 enim,

501 3287 548 3330 et
577 3278 785 3330 dedistis
812 3275 936 3329 milii
961 3278 1306 3342 maudttcare;
1335 3278 1489 3343 sitivi,
1523 3286 1567 3330 et
1598 3278 1808 3332 dedistis
1847 3278 1973 3328 mihi
2009 3279 2088 3329 bi-

507 3366 662 3430 bere;
689 3366 807 3433 hes]
823 3383 875 3420 es
905 3368 1002 3436 fui,
1029 3375 1075 3419 et
1101 3369 1377 3437 collegistis
1405 3383 1484 3420 me
1506 3384 1526 3428 ;
1557 3371 1726 3420 nudus
1756 3369 1854 3436 fui,
1892 3377 1938 3421 et
1969 3385 2090 3434 0pc-

504 3458 681 3510 ruistis
702 3474 778 3510 me
803 3457 1016 3526 (Matth.
1043 3473 1168 3521 xxv,
1189 3459 1306 3525 55),
1330 3468 1457 3520 etc.,
1489 3460 1718 3526 atquein
1748 3460 2090 3513 conclusione

504 3549 844 3617 subjungitur
873 3563 888 3602 :
921 3551 1078 3600 Amen
1110 3550 1225 3601 dico
1248 3550 1406 3612 vobis,
1437 3550 1664 3616 quandiu
1694 3550 1881 3619 fecistis
1911 3551 1999 3603 usti
2027 3566 2090 3603 ea:

503 3639 578 3690 1ιὶ.»
602 3639 847 3706 fratribus
889 3641 1013 3692 meis
1055 3639 1299 3703 minintis,
1344 3640 1468 3691 mihi
1508 3639 1721 3707 fecistis.
1767 3641 1875 3694 Iloc
1930 3641 2090 3708 igitur

501 3727 794 3779 studiosius
817 3727 978 3795 agite.
1007 3737 1059 3780 et
1084 3728 1197 3780 tunc
1225 3736 1441 3793 agentes
1462 3728 1671 3781 interra
1691 3727 1842 3782 vobis
1863 3728 2087 3782 retribui

502 3817 579 3869 nil
608 3819 883 3883 quaeratis,
915 3817 1035 3884 quia
1063 3832 1290 3884 superna
1319 3816 1748 3872 desiderantibus
1776 3818 2084 3887 temporalia

503 3907 645 3958 nulla
679 3915 821 3958 sunt.
853 3905 960 3958 Sed
991 3906 1059 3958 ibi
1085 3905 1346 3959 desideria
1379 3919 1552 3961 vestra
1580 3909 1744 3976 figite,
1793 3909 1883 3962 ubi
1935 3909 2088 3976 quid-

498 3995 627 4065 quid
655 3996 962 4048 retribuitur
995 3997 1153 4050 tinem
1185 4011 1291 4049 non
1325 3998 1569 4066 suscipit.
1620 3999 1820 4051 Bonum
1849 4014 1975 4066 ergo
2003 3999 2086 4051 fa-

502 4087 709 4141 cientes
737 4103 840 4140 non
866 4087 1144 4151 deﬁciatis,
1171 4098 1225 4140 ut
1253 4087 1360 4142 illic
1383 4091 1533 4142 vobis
1562 4090 1839 4144 thesauros
1871 4090 2088 4146 thesau-

502 4178 676 4231 rizare
722 4179 955 4246 possitis,
1015 4179 1102 4232 ubi
1146 4193 1318 4246 neque
1361 4195 1566 4248 aerugo,
1600 4196 1773 4249 neque
1812 4180 1954 4234 tinea
1994 4182 2088 4236 de-

507 4270 742 4336 molitur,
776 4277 831 4323 et
873 4269 958 4324 ubi
1001 4268 1145 4323 fures
1203 4286 1309 4324 non
1364 4270 1644 4335 eﬂ‘odiuut,
1700 4286 1798 4326 nec
1845 4274 2089 4328 furantur

508 4360 727 4428 (Matt/t.
760 4362 856 4428 τι).
1779 4341 1814 4380 ⁸

1740 281 1976 336 SANCTI
2019 280 2340 335 GREGOIUI
2383 279 2594 336 MAGNI

2133 404 2175 456 Α
2208 394 2493 460 custodiat,
2541 403 2700 461 atque
2749 390 2827 445 sic
2868 405 2961 444 cor
2999 400 3228 445 vestrum
3256 390 3320 444 ad
3346 392 3538 445 bonam
3577 407 3801 461 semper

3656 285 3804 338 “22‘

2209 482 2571 550 operationem
2618 482 2897 546 accendat,
2940 491 2991 533 ut
3023 489 3075 535 et
3104 480 3188 533 hic
3212 481 3361 534 vobis
3382 497 3532 535 suam
3563 485 3798 551 gratiam

2209 575 2424 634 tribuat,
2474 585 2528 628 et
2573 575 2640 627 ad
2685 573 2874 643 gaudia
2921 586 3017 627 vos
3060 574 3398 642 postmodum
3437 584 3640 627 aeterna
3683 591 3803 644 per-

2207 666 2386 720 ducat.

2733 754 3061 810 EPISTULA
3108 755 3241 808 Vlll.

2489 862 2556 898 AD
2595 859 2875 899 εοιωιωωί
2917 861 3152 899 Νυωυιιε
3195 861 3506 900 ΕΡΙΞΟΟΡυΙ.

2204 935 2281 989 De
2320 937 2460 1003 gravi
2497 936 2727 988 Donadei
2752 937 2990 988 adversus
3029 936 3277 989 Victorem
3304 939 3605 1003 episcopum
3633 954 3779 989 suum

2273 1008 2477 1074 querela
2506 1007 2729 1075 inquirat
2765 1007 3003 1072 sollicite,
3043 1017 3097 1058 ut
3133 1022 3412 1076 congruam
3457 1009 3545 1061 det
3595 1024 3796 1076 prunam

2272 1092 2409 1129 reus.

2272 1168 2560 1236 Gregorius
2591 1165 2850 1220 Columbo
2875 1167 3127 1234 episcopo
3152 1166 3431 1220 Numidiae.

2270 1263 2438 1325 Quam
2471 1261 2647 1327 gravis
2679 1269 2732 1312 et
2769 1259 2949 1312 auditu
2995 1258 3113 1326 ipso
3159 1259 3506 1312 intolerabilis
3541 1259 3788 1314 Donadei

2201 1352 2383 1405 latoris
2415 1352 2778 1418 przesentium,
2823 1351 2910 1419 qui
2958 1365 3017 1404 se
3047 1352 3236 1404 asserit
3275 1352 3434 1405 fuisse
3477 1352 3794 1417 diaconum,

2198 1443 2270 1493 sit
2307 1441 2548 1508 querela,
2581 1441 2648 1491 ab
2679 1455 2744 1494 eo
2774 1440 2892 1491 data
2923 1441 3108 1508 petitio
3139 1456 3254 1507 qua:
3284 1451 3495 1495 tenetur
3523 1443 3577 1494 in
3612 1443 3797 1495 subdi-

2201 1531 2266 1582 tis
2305 1529 2624 1583 fraternitati
2656 1541 2847 1583 vestrae
2900 1530 3056 1584 faciet
3102 1533 3461 1585 manifestum.
3510 1533 3621 1588 Sed
3675 1536 3792 1602 quia

2198 1619 2438 1685 pervenit
2465 1619 2530 1671 ad
2575 1634 2673 1672 nos
2707 1619 2846 1686 quod
2897 1633 2991 1687 pro
3031 1621 3290 1686 corporali
3338 1631 3559 1687 peccato
3604 1621 3792 1676 fuisset

2196 1708 2497 1771 depositus,
2530 1708 2746 1761 dilectio
2767 1717 2942 1761 vestra
2966 1709 3144 1761 subtili
3171 1709 3268 1761 hoc
3297 1711 3653 1777 inquisitione
3679 1729 3792 1780 per-

2203 1800 2399 1866 quirat,
2429 1808 2483 1850 et
2511 1798 2554 1850 si
2586 1799 2651 1849 ita
2675 1809 2775 1862 est,
2803 1799 2855 1850 in
2883 1801 3190 1868 ptenitentia
3219 1803 3547 1866 retrudatur,
3575 1815 3633 1856 ut
3653 1821 3794 1858 com-

2201 1889 2348 1942 missi
2383 1889 2562 1956 llagitii
2587 1888 2854 1942 vinculum
2887 1891 3131 1958 lacrymis
3163 1890 3327 1956 possit
3363 1892 3675 1948 absolvere.
3734 1894 3793 1949 Si

2198 1993 2323 2031 vero
2377 1979 2560 2032 insons
2608 1980 2675 2032 ab
2716 1980 3019 2048 hujusmodi
3063 1984 3454 2049 perpetratione
3499 1984 3786 2051 claruerit,

2197 2082 2298 2120 una
2327 2083 2447 2121 cum
2481 2070 2706 2137 primate
2726 2071 2959 2135 concilii,
2991 2072 3074 2125 vel
3103 2072 3216 2126 aliis
3259 2074 3518 2127 fratribus
3567 2078 3784 2142 coepis-

2193 2159 2446 2226 copisqne
2498 2161 2714 2224 nostris,
2757 2163 2934 2213 omnia
2985 2177 3102 2229 qua:
3151 2164 3337 2231 petitio
3381 2165 3498 2232 ejus
3547 2166 3790 2220 continet

2201 2250 2440 2316 diligenti
2472 2265 2501 2302 a
2533 2250 2682 2304 vobis
2710 2252 3100 2306 examinatione
3126 2254 3406 2321 quaerenda
3439 2265 3589 2308 sunt.
3651 2257 3715 2308 Et
3745 2259 3786 2309 si

2193 2340 2411 2407 querela
2439 2339 2554 2409 ejus
2583 2340 2806 2394 veritate
2836 2339 3065 2407 fulcitur,
3099 2350 3151 2395 et
3182 2343 3232 2395 in
3263 2343 3515 2412 episcopo
3543 2346 3667 2412 ejus
3703 2346 3782 2398 Vi-

2193 2439 2365 2496 ctore,
2398 2430 2488 2498 qui
2524 2441 2707 2484 contra
2756 2430 2921 2485 Deum
2975 2441 3029 2486 et
3069 2434 3402 2488 sacerdotale
3445 2439 3777 2503 propositum

2195 2527 2398 2573 tantum
2428 2521 2764 2576 committere
2791 2523 2939 2582 nefas
2969 2538 3073 2577 non
3102 2528 3310 2589 metuit,
3347 2528 3598 2580 canonici
3641 2529 3785 2598 vigo-

2193 2614 2268 2667 ris
2318 2615 2416 2667 ista
2460 2613 2723 2668 districtio
2774 2622 3038 2681 teneatur,
3085 2625 3141 2669 ut
3167 2631 3230 2669 ex
3261 2616 3578 2672 deﬁnitione
3613 2629 3784 2672 vestra

2192 2720 2353 2773 quam
2405 2707 2475 2758 sit
2531 2707 2763 2770 iniquum
2793 2707 2934 2772 quod
2968 2706 3091 2760 fecit
3123 2704 3405 2776 intelligat,
3458 2719 3514 2762 et
3565 2709 3656 2762 hic
3693 2726 3787 2760 suo

2193 2796 2364 2849 ordini
2397 2796 2736 2858 reformatur,
2773 2798 2896 2864 quia
2927 2799 3057 2851 satis
3098 2813 3410 2866 perversum
3457 2809 3514 2852 et
3541 2810 3565 2834 τι
3591 2811 3781 2854 cautra

2193 2887 2610 2940 ecclesiasticam
2638 2890 2890 2954 probatur
2913 2903 3032 2942 esse
3059 2903 3358 2955 censuram,
3387 2900 3445 2943 ut
3469 2890 3670 2944 frustra
3696 2908 3788 2960 pro

2193 2978 2937 3044 quorumdamvoluntatibus
2984 2981 3104 3048 quis
3155 2979 3413 3049 privetur,
3474 2999 3640 3050 quem
3690 3001 3784 3038 sua

2194 3071 2349 3138 culpa
2378 3073 2460 3125 vel
2495 3071 2696 3124 facinus
2728 3072 2796 3125 ab
2825 3070 2990 3126 ofﬁcii
3018 3089 3122 3141 quo
3168 3072 3404 3143 fungitur
3451 3076 3648 3144 gradu,
3683 3091 3784 3131 non

2120 3122 2164 3182 ο
2195 3122 2376 3231 ista.
2396 3122 2437 3198 δ’
2456 3122 2629 3232 (om;
2645 3122 2788 3215 as:
2813 3122 2989 3226 55,2
3006 3122 3082 3232 if.

2753 3273 3078 3329 EPISTOLA
3118 3275 3209 3329 IX.

2565 3402 2632 3439 AD
2672 3401 2984 3439 ANTIIIIIUII
3023 3401 3406 3440 SUBDIACGNUI.

2193 3477 2454 3530 Adcodato
2483 3481 2610 3542 seul,
2655 3478 2700 3531 si
2740 3494 2915 3530 revera
2951 3495 3141 3548 pauper
3171 3480 3257 3544 sit,
3287 3481 3480 3534 relaxet
3507 3497 3574 3533 ex
3601 3486 3786 3536 annuis

2689 3549 2867 3600 solidis
2889 3550 3085 3600 duobus
3107 3565 3282 3601 unum.

2263 3637 2553 3706 Gregorius
2581 3637 2867 3691 Anthemio
2891 3637 3239 3692 subdiacono.

2266 3729 2519 3781 lndicavit
2540 3728 2694 3782 nobis
2724 3729 3051 3792 Adeodatus,
3084 3729 3427 3797 praesentium
3461 3730 3626 3797 lator,
3662 3742 3783 3786 ante

2192 3819 2388 3873 multos
2417 3833 2583 3873 annos
2613 3820 2665 3872 in
2696 3822 2814 3874 solo
2856 3835 2916 3874 se
2956 3819 3093 3889 juris
3135 3821 3390 3874 Ecclesia:
3435 3833 3640 3878 nostra:
3690 3825 3784 3878 hac

2190 3910 2500 3964 conditione
2527 3909 2814 3963 a‘diticinm
2846 3912 3110 3980 posuisse,
3145 3921 3200 3964 ut
3229 3913 3363 3966 duos
3394 3915 3600 3969 solidos
3632 3918 3783 3970 anuis

2190 4000 2416 4067 singulis
2443 3999 2824 4055 ecclesiastica:
2847 4002 3038 4055 rationi
3067 4004 3432 4070 persolveret;
3457 4014 3513 4058 et
3535 4007 3782 4074 postejus

2190 4087 2392 4139 obitum
2420 4087 2590 4139 solum
2621 4088 2793 4154 ipsum
2845 4103 2965 4142 cum
3019 4091 3266 4158 imposito
3306 4093 3540 4147 rediticio
3581 4095 3650 4147 ad
3695 4097 3778 4160 jus

2193 4179 2446 4234 Ecclesia:
2477 4179 2593 4234 sine
2613 4180 2948 4235 dubitatione
2975 4182 3151 4249 aliqua
3176 4195 3500 4239 remaneret.
3531 4186 3637 4240 Sed
3662 4191 3776 4254 quia

2189 4274 2378 4328 asserit
2397 4289 2456 4328 se
2484 4275 2534 4327 in
2558 4281 2757 4328 tantam
2783 4277 3090 4343 pauperiem
3115 4279 3455 4344 pervenisse,
3488 4282 3776 4334 uteosdem

2189 4366 2324 4420 duos
2355 4367 2575 4429 solidos,
2625 4367 2762 4421 sicut
2804 4369 3140 4435 promiserat,
3185 4370 3410 4436 singulis
3455 4387 3562 4424 non
3615 4377 3778 4438 possit

575 4452 860 4516 Praeterea,
895 4451 1116 4520 gloriam
1153 4461 1382 4508 vestram
1413 4463 1636 4522 paterno
1664 4456 1959 4511 salutantes
2003 4457 2084 4511 af-
2116 4476 2162 4534 υ
2190 4457 2344 4509 annis
2373 4457 2700 4524 impendere,
2734 4468 2787 4511 et
2809 4460 2879 4510 ob
2908 4458 3006 4510 hoc
3031 4475 3190 4512 unum
3219 4460 3320 4513 sibi
3351 4460 3503 4526 petiit
3527 4463 3774 4523 relaxari,

513 4541 675 4607 fectu,
707 4542 1001 4597 indicamus
1032 4559 1124 4611 per
1160 4544 1380 4598 latorem
1428 4548 1770 4614 praesentium
1818 4548 2084 4617 Hilarum,

505 4633 885 4686 cliartularinm
914 4643 1175 4700 nostrum,
1200 4635 1390 4689 clavim
1416 4651 1512 4690 nos
1540 4653 1569 4689 a
1590 4637 1949 4694 sacratissimo
1965 4656 2086 4694 cor-

503 4740 632 4793 pore
655 4725 791 4780 beati
825 4725 967 4779 Petri
998 4726 1361 4793 apostolorum
1396 4729 1650 4797 principis
1699 4732 2081 4798 transmisisse,

504 4817 556 4869 in
581 4832 681 4883 qua
708 4817 774 4870 de
794 4817 996 4870 catenis
1017 4831 1228 4886 quoque
1251 4817 1414 4885 ipsius
1442 4817 1738 4872 benedictio
1760 4821 2081 4874 continetur.

500 4905 631 4971 Qua:
670 4907 808 4960 collo
851 4916 1027 4959 vestro
1069 4921 1350 4974 suspensa,
1402 4907 1501 4960 hoc
1539 4907 1712 4972 vobis,
1755 4923 1821 4963 eo
1848 4909 2082 4964 interce-

502 4998 685 5061 dente,
714 4995 884 5066 gratia
911 4996 1258 5050 absolutionis
1287 4995 1400 5060 ﬁat,
1453 4997 1667 5067 1186
1713 4998 1851 5066 quod
1879 4998 1959 5051 illi
1988 5000 2085 5053 fuit

502 5104 664 5143 causa
710 5086 970 5158 martyrii.
1016 5086 1366 5156 Omnipotens
1397 5087 1534 5142 Deus
1562 5090 1612 5142 in
1646 5104 1743 5142 suo
1771 5104 1867 5144 vos
1893 5091 2084 5146 timore

571 5245 750 5314 Erts'r.
795 5245 907 5300 VII.
944 5256 1062 5286 -ει
1103 5247 1158 5301 1η
1190 5245 1507 5300 Colbertinis
1548 5245 1674 5299 Mss.
1717 5245 1861 5299 varie
1890 5246 2082 5314 legitur

502 5313 660 5381 hujus
686 5316 841 5382 epist.
879 5317 1173 5382 inscriptio.
1221 5316 1275 5369 In
1319 5331 1425 5369 uno
1446 5317 1631 5370 eadem
1662 5326 1742 5368 est
1766 5331 1828 5371 ac
1856 5313 2080 5370 aliorum

499 5385 694 5450 passim
717 5385 972 5438 Codicum
999 5397 1102 5440 vet.
1132 5403 1263 5453 quos
1286 5386 1454 5440 secuti
1476 5401 1675 5439 sumus.
1705 5387 1760 5439 In
1783 5388 1950 5440 altero
1975 5395 2086 5437 tan-

499 5461 606 5524 tum
632 5455 816 5518 babes,
844 5456 1115 5524 Sat-mella:
1135 5457 1197 5508 de
1219 5458 1556 5524 eleemosyna.
1576 5456 1626 5508 In
1651 5457 1770 5509 aliis
1787 5455 2082 5518 Savinellw,

500 5520 756 5575 Columba:
783 5533 829 5574 et
854 5523 1038 5575 Callw.
1075 5526 1127 5577 In
1151 5525 1375 5586 Turon.,
1408 5520 1502 5592 pro
1531 5536 1576 5578 et
1600 5525 1765 5578 Galla:
1793 5543 1824 5576 a
1852 5525 2082 5589 paribus,

499 5591 615 5659 It‘gu
634 5603 678 5644 et
702 5593 868 5662 Galla’
892 5596 1105 5658 parenti,
1136 5597 1284 5660 quasi
1310 5591 1572 5651 Savinella
1588 5606 1640 5651 et
1661 5596 1918 5650 Columba
1945 5606 2082 5648 nata:

497 5672 698 5723 CSHBIII,
728 5673 780 5712 et.
802 5661 953 5710 Galla
988 5676 1173 5714 mater.

2189 4547 2521 4612 esperientia
2559 4557 2644 4601 tua
2675 4559 2827 4602 curet
2857 4550 3152 4618 addiscere.
3185 4551 3250 4605 Et
3278 4552 3324 4605 si
3359 4567 3565 4621 pauper
3607 4555 3679 4606 ita
3723 4565 3776 4605 ut

2187 4637 2378 4692 asserit
2408 4637 2689 4694 manifeste
2734 4650 2840 4708 est,
2868 4648 2894 4676 ει
2931 4654 3111 4695 nostra
3170 4645 3522 4710 ptmstatioue
3576 4655 3770 4712 partem

2189 4729 2417 4782 mediam
2474 4730 2766 4782 relaxatam
2801 4731 3064 4797 volumus,
3109 4742 3162 4783 ut
3203 4734 3358 4785 annis
3399 4735 3625 4802 singulis
3675 4752 3772 4788 non

2186 4817 2417 4886 amplius
2440 4833 2599 4886 quam
2629 4834 2791 4872 unum
2824 4819 3052 4873 solidqu
3075 4821 3349 4885 exsolvat,
3380 4824 3505 4889 quia
3529 4833 3584 4876 et
3609 4827 3774 4876 anatis

2191 4911 2398 4962 senium
2431 4918 2483 4963 et
2517 4909 2795 4976 pauperies
2825 4909 2940 4977 ejus
2969 4910 3168 4964 indicat
3197 4922 3253 4964 ut
3283 4927 3420 4964 onus
3458 4915 3601 4979 quod
3652 4917 3776 4977 petit

2191 5003 2238 5056 ei
2265 5002 2456 5057 debeat
2481 5001 2729 5057 relavari.
2761 5002 2832 5054 lta
2855 5017 2982 5069 ergo
3012 5002 3115 5054 hoc
3143 5004 3342 5056 servari
3379 5007 3592 5075 1187
3616 5005 3770 5058 studii

2192 5092 2267 5144 tui
2323 5093 2413 5153 sit,
2455 5101 2512 5145 ut
2548 5099 2724 5144 tamen
2773 5091 3150 5159 pr0prietatetn
3185 5093 3285 5145 soli
3335 5103 3496 5160 atque
3545 5095 3770 5163 impositi

2259 5244 2283 5282 δ
2304 5245 2503 5318 Eseusi
2524 5244 2867 5318 recentiores,
2895 5261 3070 5298 securo
3091 5248 3378 5310 commoda,
3401 5256 3454 5301 et
3483 5249 3637 5316 paulo
3657 5261 3767 5318 post

2186 5315 2553 5376 retributionis,
2588 5330 2682 5381 pro
2713 5316 3074 5367 tribulationis.

2262 5389 2437 5438 l‘.PIST.
2483 5385 2615 5438 VIII.
2639 5414 2709 5424 —
2739 5393 2764 5421 ⁸
2786 5384 3045 5451 Corruple
3071 5385 3120 5438 in
3155 5385 3565 5453 recentioribus,
3594 5398 3763 5442 contra

2189 5452 2473 5507 Ecclesium
2502 5456 2744 5521 probatur
2773 5471 2879 5507 esse
2907 5470 3196 5508 censuram.

2259 5523 2285 5560 δ
2313 5525 2365 5576 In
2392 5524 2575 5576 iisdem
2605 5533 2804 5577 recent.
2839 5525 3050 5576 additur
3077 5541 3092 5577 :
3130 5525 3316 5576 Datum
3346 5541 3513 5577 mense
3537 5527 3758 5582 Octobri.

2187 5594 2366 5645 indici.
2399 5595 2452 5646 5.
2501 5595 2573 5666 De
2620 5594 2716 5645 hac
2757 5603 2846 5666 aut
2886 5594 2983 5646 alia
3029 5605 3149 5648 nota
3181 5595 3560 5666 chronologicn
3584 5610 3760 5651 omnes

2191 5666 2316 5718 Mss.
2345 5665 2514 5716 nostri
2541 5677 2760 5732 prorsus
2785 5664 2963 5718 silent.
