4026 6350
280 300 418 355 I225

985 297 1468 354 EI‘ISTULARUM
1510 299 1643 353 Llll.
1689 301 1803 354 XII.
1845 331 1869 340 -

1981 299 2203 354 NDICT.
2252 300 2313 353 V.
2356 328 2422 338 —
2463 302 2675 357 liPIST.
2721 302 2830 356 XII.

3412 307 3549 361 12.16

271 410 493 468 aedilicii
520 419 640 478 post
663 409 864 462 obitum
890 409 1055 477 ipsius
1086 408 1114 447 δ
1149 409 1404 465 Ecclesia:
1432 410 1789 470 sollicitudine
1813 420 1867 466 et
1893 418 1940 474 Α
1971 409 2219 478 petitoria
2246 411 2772 468 nobisinsinuatione
2795 415 3081 483 suggessit,
3103 429 3221 484 qua:
3245 412 3472 472 habetur
3500 421 3552 473 in

273 504 512 577 vigilanti
539 518 667 560 cura
689 516 993 556 conserves.

852 611 1181 667 EPISTOLA
1223 613 1291 666 Χ.

681 721 747 758 Δί)
785 719 1054 757 ΡΑΝτιΝυιι
1095 718 1459 758 υετεκεοκειι.

281 799 472 855 lsidori
493 797 780 853 heredibus
802 797 953 848 instet
974 805 1027 848 ut
1049 797 1421 849 xenodochium
1437 807 1752 860 construant,
1776 807 1866 852 aut

610 869 717 935 iam
738 875 1021 920 constructo
1040 867 1262 919 tribuant
1292 865 1536 936 legatum.

351 966 645 1036 Gregorius
674 964 903 1019 Fantino
930 962 1218 1017 defensori.

358 1059 431 1112 Ea
462 1071 582 1126 quae
616 1054 790 1110 lienda
822 1053 1037 1108 mandat
1084 1053 1182 1122 piae
1211 1053 1499 1108 voluntatis
1530 1054 1775 1121 intentio,
1813 1062 1869 1108 ut

280 1152 350 1206 ad
374 1150 622 1207 effectum
655 1147 868 1202 valeant
899 1147 1202 1210 pervenire,
1231 1160 1375 1199 cura:
1416 1143 1578 1199 debet
1621 1146 1869 1200 sacerdo-

282 1242 404 1295 talis
426 1241 680 1294 existere.
715 1237 948 1292 Proinde
988 1235 1337 1304 experientiae
1383 1244 1486 1289 tuae
1532 1236 1870 1306 pracipimus

282 1341 344 1386 ut
376 1331 675 1387 haeredibus
703 1329 912 1394 lsidori,
947 1327 1172 1381 illustris
1194 1327 1467 1382 memoria:
1497 1329 1617 1393 viri,
1652 1329 1866 1383 assidue

282 1433 339 1479 et
367 1423 558 1477 fortius
611 1421 807 1475 debeat
861 1418 1163 1484 imminere,
1217 1428 1276 1471 ut
1316 1419 1704 1474 xenodocbium
1731 1420 1870 1488 quod

284 1523 313 1551 ι
341 1521 526 1566 auctor
551 1526 736 1568 eorum
782 1525 876 1580 per
923 1509 1121 1565 ultimae
1162 1510 1448 1566 voluntatis
1499 1510 1782 1564 arbitrium
1813 1511 1866 1565 in

286 1604 666 1657 Panorntitana
698 1601 812 1654 ﬁeri
836 1601 1054 1654 civitate
1081 1599 1379 1663 constituit,
1410 1602 1527 1655 sine
1567 1602 1742 1671 aliqua
1767 1602 1871 1656 dif-

286 1693 548 1762 ficultate,
583 1694 875 1749 secundum
922 1708 984 1748 ea
1026 1709 1146 1762 quae
1188 1703 1312 1748 sunt
1354 1693 1608 1762 disposita
1649 1695 1874 1765 implere

1967 503 2219 570 subditis,
2256 505 2309 558 in
2339 506 2704 574 suprascripto
2730 515 2910 559 castro
2930 508 3218 560 oratorium
3247 521 3310 562 se
3338 517 3554 577 sumptu

1968 596 2182 665 proprio
2207 611 2301 664 pro
2323 610 2418 650 sua
2445 596 2728 651 devotione
2749 596 3015 662 fundasse,
3043 597 3186 667 quod
3213 598 3265 653 in
3293 599 3550 654 honorem

1967 690 2108 745 beati
2161 691 2305 746 Petri
2350 692 2720 760 apostolorum
2771 691 3024 760 principis
3061 691 3329 747 desiderat
3364 707 3555 748 conse-

1967 780 2128 833 crari.
2151 779 2219 836 Et
2240 780 2381 845 ideo,
2416 779 2578 834 frater
2599 778 2933 844 charissima,
2967 779 3010 833 si
3035 778 3086 832 in
3107 788 3213 832 tua:
3234 779 3553 849 diteceseos,

1969 869 1996 906 δ
2029 873 2082 926 in
2134 887 2236 942 qua
2267 873 2586 927 visitationis
2638 871 2902 941 impendis
2940 872 3197 939 «afﬁciam,
3255 888 3552 930 memorata

1968 967 2291 1020 constructio
2313 965 2431 1033 jure
2457 964 2726 1032 consistit,
2772 973 2827 1021 et
2871 965 3073 1020 nullum
3111 981 3303 1035 corpus
3355 968 3552 1022 ibidem

1977 1057 2191 1126 1188
2239 1064 2445 1110 constat
2491 1055 2792 1119 humatum,
2839 1063 3084 1124 percepta
3119 1057 3360 1124 primitus
3390 1059 3556 1111 dona-

1970 1147 2114 1198 tione
2140 1143 2396 1214 legitima,
2419 1143 2471 1198 id
2494 1153 2577 1198 est
2597 1156 2620 1183 ο
2648 1144 2838 1198 fundos
2865 1160 2978 1198 cam
2987 1145 3138 1214 pulos
3155 1160 3274 1200 cum
3293 1146 3553 1201 conduma

1972 1248 2098 1300 una,
2133 1235 2296 1289 boves
2326 1235 2558 1290 domitos
2589 1237 2794 1304 parium
2826 1251 3006 1301 unum,
3058 1252 3243 1292 vaccas
3280 1237 3431 1302 duas,
3459 1255 3557 1292 ar-

1972 1325 2116 1395 genti
2148 1325 2310 1380 libras
2341 1334 2591 1395 quatuor,
2620 1327 2814 1380 lectum
2852 1335 3080 1381 stratum
3112 1341 3292 1393 unum,
3323 1326 3352 1364 ἀ
3382 1329 3434 1382 in
3467 1343 3557 1396 pe-

1972 1414 2116 1469 culio
2142 1414 2316 1484 capita
2344 1415 2674 1484 quindecim,
2711 1423 2734 1452 °
2765 1416 3041 1470 atramenti
3069 1417 3240 1486 capita
3275 1418 3404 1487 duo,
3451 1416 3559 1473 fer-

1974 1514 2215 1560 ramenta
2257 1521 2478 1560 numero
2511 1507 2762 1576 quinque,
2811 1516 3104 1574 praisentes
3147 1508 3342 1564 liberos
3384 1525 3413 1564 ιι
3462 1511 3553 1564 tri-

1972 1593 2116 1650 butis
2139 1595 2405 1650 liscalibus
2425 1595 2627 1651 solidos
2658 1610 2775 1664 sex,
2806 1593 2826 1634 ί
2853 1597 3120 1667 geStisque
3147 1599 3558 1668 municipalibus

1976 1685 2211 1756 alligata,
2245 1687 2558 1756 praedictum
2586 1687 2879 1742 oratorium
2927 1689 3239 1745 solemniter
3279 1706 3560 1746 consecra-

284 1782 562 1852 festiuent,
600 1801 667 1841 ne
690 1787 733 1840 si
766 1787 996 1856 amplius
1031 1786 1131 1840 ltoc
1161 1786 1335 1840 adhuc
1367 1786 1737 1857 negligendum
1774 1805 1868 1852 ptt-
1903 1777 1948 1836 Β
1975 1778 2077 1832 bis.
2114 1778 2490 1850 Presbyterum
2515 1794 2726 1849 quoque
2757 1789 2807 1834 te
2835 1779 2942 1834 illic
2969 1783 3295 1836 constituere
3315 1783 3561 1838 volumus

287 1878 542 1942 laverint,
589 1885 692 1931 tam
737 1889 974 1931 nostram
1021 1893 1181 1946 quam
1233 1876 1322 1931 Dei
1370 1877 1500 1931 iram
1551 1879 1619 1933 de
1669 1879 1874 1947 legibus

287 1966 617 2030 venientem,
650 1980 807 2035 quam
841 1965 1146 2036 huiusmodi
1205 1966 1611 2035 dispositionem
1651 1969 1874 2037 implere

283 2053 598 2110 dill'erentes
622 2065 918 2119 merentur,
953 2057 1252 2112 incurrant.
1295 2056 1352 2111 Si
1380 2071 1505 2112 vero
1534 2059 1783 2128 deputata
1818 2062 1869 2114 in

281 2161 472 2201 eorum
504 2148 858 2214 xenodocltio,
881 2150 1020 2219 quod
1049 2149 1280 2204 liendum
1299 2159 1398 2216 est,
1425 2153 1694 2221 quantitas
1722 2154 1871 2207 vide-

283 2245 372 2292 ιιι·
401 2236 540 2292 forte
570 2252 673 2292 non
706 2252 862 2306 posse
892 2238 1159 2308 sufﬁcere,
1195 2241 1341 2295 locus
1381 2242 1432 2295 in
1475 2258 1581 2311 quo
1628 2244 1870 2298 xenodo-

281 2326 463 2381 chium
499 2327 670 2396 ipsum
700 2326 876 2383 fuerat
916 2330 1371 2397 constituendum,
1407 2333 1488 2387 vel
1510 2334 1765 2404 quidquid
1797 2335 1869 2390 ibi

282 2414 532 2468 relictum
563 2424 665 2482 est,
700 2417 1037 2472 xenodochlo
1081 2420 1251 2474 sancti
1296 2419 1584 2486 Theodori,
1631 2423 1771 2491 quod
1819 2427 1868 2478 in

285 2506 541 2574 praediola
570 2508 784 2562 civitate
812 2523 842 2562 a
883 2509 1040 2564 Petro
1069 2511 1332 2579 quondam
1374 2513 1719 2569 constitutum
1766 2526 1868 2579 εει,

283 2597 604 2666 applicetur,
634 2607 898 2667 quatenus
927 2607 980 2653 et
1009 2599 1248 2656 bzeredes
1289 2616 1319 2655 a
1375 2603 1736 2658 sollicitudine
1789 2606 1872 2660 vel

283 2687 470 2743 labore
489 2690 845 2745 constituendi
877 2691 1192 2748 senodocltii
1218 2694 1430 2749 valeant
1448 2699 1589 2763 exui,
1615 2709 1668 2752 et
1687 2698 1869 2752 volun-

281 2787 366 2832 tas
393 2779 627 2836 defuncti
652 2782 938 2837 salubriter
973 2795 1146 2838 sumat
1176 2784 1445 2854 eliectum,
1497 2789 1624 2842 dum
1670 2793 1768 2846 etsi
1815 2792 1868 2846 in

284 2873 403 2927 loco
431 2873 559 2937 alio,
588 2873 688 2942 ipsi
720 2885 894 2929 tamen
927 2875 1002 2928 rei
1030 2875 1292 2945 quidquid
1334 2892 1363 2930 a
1408 2888 1659 2933 testatore
1703 2880 1870 2947 depu-

283 2970 453 3017 tatum
485 2971 567 3018 est
591 2973 860 3034 erogetnr.
889 2965 960 3019 lta
990 2980 1118 3033 ergo
1155 2967 1487 3034 experientia
1528 2975 1614 3022 tua
1670 2969 1870 3023 solliei-

281 3051 518 3106 tudinem
547 3063 716 3123 gerat,
751 3061 807 3107 ut
847 3069 1007 3107 unum
1034 3069 1064 3108 e
1091 3053 1301 3109 duobus
1330 3055 1447 3109 sine
1476 3056 1653 3126 aliqua
1676 3058 1867 3114 debeat

281 3142 399 3198 ﬁeri
430 3144 700 3199 tarditate.

845 3212 1171 3269 EPISTOLA
1213 3215 1303 3268 XI.

566 3318 634 3357 AD
673 3317 920 3360 PASSIVUI
959 3319 1232 3360 FIBIANUH
1273 3318 1587 3362 EPISCOPUII.

282 3393 507 3468 Mandat
529 3398 811 3468 oratorium
835 3413 1150 3468 consecrare,
1183 3406 1420 3468 percepta
1443 3401 1584 3466 prius
1606 3401 1876 3457 donatione

311 3466 555 3536 legitima,
571 3477 718 3536 atque
730 3467 836 3519 illic
851 3466 1191 3538 presbyterum
1206 3469 1520 3523 cardinalem
1536 3473 1854 3528 constituere.

357 3557 645 3628 Gregorius
676 3567 701 3595 ι
727 3558 945 3614 Passivo
966 3561 1217 3629 episc0po
1243 3561 1513 3616 Firmano.

356 3649 494 3704 Anio
514 3664 694 3706 comes
715 3652 873 3705 castri
895 3651 1254 3720 Apruticnsis,
1277 3651 1570 3708 Firmensis
1595 3655 1870 3724 territorii,

354 3761 534 3839 Ertsr.
576 3763 647 3818 IX
677 3764 784 3839 [Αζ.
820 3765 928 3838 10].
959 3797 1029 3808 -
1052 3777 1078 3805 ἰ
1125 3769 1356 3839 Remig.,
1402 3780 1586 3824 nostra:
1638 3781 1854 3839 prmia-

282 3836 448 3912 tionis
465 3844 606 3905 parte
637 3837 801 3890 media
828 3836 1092 3912 relaxata.
1125 3836 1351 3906 Victori,
1383 3851 1569 3897 nostra:
1605 3836 1858 3912 prorsum-

282 3906 473 3977 pti_ou_is
504 3908 940 3977 partemtnetliam
960 3910 1191 3963 relaxare
1215 3912 1313 3963 vol.

357 3973 385 4012 ι»
416 3975 471 4027 In
505 3975 670 4053 Vatic.
785 3975 1026 4053 Ecclesia:
1049 3980 1392 4053 sollicitudine
1420 3981 1654 4053 vigilanti
1679 3993 1864 4037 cuncta

283 4053 566 4124 serventur.
598 4044 654 4124 In
703 4045 925 4112 Victor.,
979 4046 1141 4124 Ec_cl._
1168 4044 1531 4124 sollicitudin'es
1570 4054 1707 4106 omni
1741 4055 1864 4124 vigi-

287 4115 448 4190 lantia
493 4123 674 4190 cuncta
698 4127 1017 4190 conservent.
1035 4119 1095 4190 In
1131 4119 1210 4173 Itis
1239 4120 1407 4176 tribus
1434 4124 1562 4178 solis
1591 4123 1723 4179 Cod.
1749 4115 1867 4190 epi-

285 4185 474 4239 stolam
501 4183 636 4239 hanc
658 4187 970 4256 reperimus.
1003 4189 1110 4244 Nec
1133 4190 1185 4245 in
1213 4190 1454 4260 pluribus
1493 4203 1702 4249 exstant
1747 4183 1868 4247 duae

284 4270 405 4323 qua:
434 4265 744 4324 sequuntur.

362 4325 544 4400 Epts'r.
652 4326 767 4400 [ΑΙ.
799 4324 915 4400 Il].
944 4359 1017 4370 —
1045 4338 1070 4364 ³
1101 4330 1144 4383 Α
1189 4345 1294 4398 quo
1321 4333 1406 4399 jus
1437 4334 1487 4388 in
1513 4348 1606 4389 eos
1637 4331 1867 4400 transiit,

287 4395 442 4461 cujus
464 4411 523 4450 re
543 4397 625 4450 vel
651 4395 960 4454 litereditate
982 4401 1119 4453 aucti
1142 4395 1285 4456 sunt.
1319 4395 1583 4458 Gusssuv.

365 4466 543 4542 Erts'r.
587 4467 662 4542 ξι.
696 4466 798 4537 [AL
852 4467 960 4542 ιξι.
986 4478 1104 4542 ef
1137 4468 1385 4542 Passivus
1430 4482 1546 4526 erat
1584 4474 1870 4542 episcopus

289 4535 575 4610 cardinalis
607 4535 870 4590 Firiuanm
895 4537 1167 4602 Ecclesiae,
1199 4550 1252 4593 et
1273 4541 1512 4594 visitator
1531 4535 1866 4610 Aprutiensis

284 4607 396 4678 jam
428 4620 456 4656 a
492 4606 648 4672 longo
695 4616 935 4678 tempore
977 4609 1178 4660 orbatae
1225 4620 1454 4676 pastore,
1501 4621 1558 4665 ut
1584 4606 1867 4678 'signilicat

288 4674 445 4748 epist.
475 4687 722 4748 sequens.
748 4675 834 4748 _Ad
865 4676 1007 4748 hunc
1036 4677 1213 4746 itaque
1228 4674 1540 4747 episcopum
1572 4674 1870 4748 pertinebat

289 4743 538 4820 dimcesis
577 4744 931 4820 Aprutiensis.
985 4761 1090 4800 non
1129 4743 1451 4820 'quidemiut
1488 4743 1864 4820 ad'proprium

291 4812 647 4889 sacerdotem,
679 4814 771 4867 sed
820 4824 1067 4889 tanquam
1098 4812 1166 4871 ad
1193 4819 1567 4889 siibsidiarium
1595 4812 1869 4889 cui-ltujus

291 4883 546 4938 Ecclesia:
570 4897 697 4936 cura
729 4893 782 4939 et
801 4886 1100 4940 sollicitudo
1130 4897 1246 4942 erat
1264 4888 1602 4944 demandata.
1629 4891 1702 4945 De
1724 4883 1870 4945 com-

292 4953 538 5007 meodata
585 4953 804 5009 Passivo
845 4957 942 5009 hac
986 4956 1220 5013 Ecclesia
1258 4958 1502 5014 dubitare
1547 4976 1650 5014 non
1692 4961 1873 5016 sinunt

295 5024 491 5100 tuncet
521 5025 1042 5100 sequensepistola;
1091 5028 1313 5100 proinde
1347 5030 1478 5084 nihil
1520 5031 1606 5086 hic
1645 5047 1871 5100 supcra-

295 5093 517 5158 bnndal,
545 5105 598 5146 ut
627 5095 839 5150 subolet
864 5093 1302 5154 Gussanvillaaus.
1486 5124 1489 5128 π

363 5162 401 5240 δ’
435 5162 704 5240 Suadebat
731 5163 1112 5240 Gussanvillaeo
1156 5177 1436 5225 contextus
1478 5172 1716 5240 epistolae
1760 5172 1876 5226 lucc

295 5233 470 5307 verba”
493 5234 697 5300 delere,
735 5235 882 5307 quod
909 5250 1152 5307 pugnare
1182 5240 1489 5295 viderentur
1515 5233 1655 5297 'cum
1694 5244 1780 5307 iis,
1820 5244 1875 5296 in

292 5315 396 5357 tua:
420 5304 705 5379 diaeceseos.
730 5305 802 5359 At
821 5303 1055 5360 additum
1073 5309 1341 5376 existimo,
1363 5311 1416 5364 in
1432 5327 1531 5377 qua
1545 5303 1871 5379 uisitationis,

295 5385 439 5448 ρίαν
456 5384 512 5448 ut
538 5374 833 5448 esplicetur
857 5391 961 5448 quo
985 5391 1147 5432 sensu
1177 5374 1453 5448 Aprutiuni
1481 5390 1602 5436 erat
1628 5374 1876 5438 dimcesis

293 5444 524 5521 Passivi.
547 5445 805 5500 Nimirum
828 5444 1046 5521 adeum
1079 5444 1528 5521 pertinebat,gnon
1557 5452 1697 5521 quod
1729 5461 1877 5506 esset

294 5512 412 5582 ejus
443 5513 727 5588 episcopus
771 5512 1090 5582 carilinalis,
1127 5519 1220 5573 sed
1252 5512 1712 5588 quia-ipsius'erat
1755 5522 1880 5577 visi-

297 5593 437 5637 tator
464 5593 520 5654 et
546 5585 831 5654 episcopus
851 5588 1012 5640 veluti
1037 5585 1544 5644 commendatarius.

373 5665 395 5691 ε
421 5653 591 5734 Alibi,
617 5655 993 5726 fundicampos.
1027 5656 1103 5712 De
1124 5659 1386 5716 eonduma
1417 5676 1594 5732 supra,
1626 5663 1783 5734 epist.
1811 5660 1883 5720 20

301 5725 392 5782 lib.
425 5741 497 5780 XI.
528 5723 791 5779 Gussauv.

583 5818 853 5879 Ριτιιοιη
904 5817 1226 5880 LXXVII.

1976 1870 2327 1936 cardinalem,
2359 1878 2420 1926 ut
2448 1871 2653 1940 quoties
2684 1871 2936 1940 praefatus
2957 1873 3202 1928 conditor
3229 1872 3344 1928 ﬁeri
3385 1884 3409 1921 ε
3459 1876 3561 1930 sibi

1975 1961 2167 2016 missas
2196 1960 2426 2016 fortasse
2455 1962 2701 2027 voluerit,
2733 1961 2818 2017 vel
2851 1963 3085 2018 fidelium
3111 1979 3403 2020 concursus
3433 1981 3564 2022 exe-

1973 2050 2133 2116 gerit,
2175 2047 2302 2104 nihil
2339 2050 2408 2105 sit
2446 2050 2589 2120 quod
2630 2051 2698 2106 ad
2743 2052 3025 2108 missarum
3063 2068 3216 2109 sacra
3258 2056 3563 2111 exhibenda

1973 2145 2232 2222 solemnia
2258 2147 2431 2201 valeat
2470 2147 2764 2218 impedire;
2813 2150 3112 2204 sanctuaria
3147 2163 3275 2206 vero
3309 2161 3562 2222 suscepta

1973 2236 2052 2288 sui
2085 2220 2214 2291 cunt
2234 2237 2538 2294 reverentia
2569 2238 2879 2292 collocabis.

2531 2329 2861 2384 EPISTULA
2901 2329 3016 2384 XII.

2257 2420 2325 2462 AD
2362 2422 2622 2466 PASSIVUM
2661 2424 2931 2463 FIRMANUII
2965 2421 3274 2462 EPISCOPUM.

1978 2494 2335 2566 Opportunum
2359 2496 2587 2550 hortetur
2599 2507 2652 2550 ut
2666 2498 2716 2550 in
2730 2496 2870 2551 bonis
2883 2497 3069 2551 studiis
3084 2507 3274 2550 crescat
3295 2513 3312 2558 ;
3338 2505 3442 2550 tum
3458 2514 3565 2550 mo-

2009 2567 2204 2619 nachus
2218 2568 2308 2635 ﬁat
2321 2567 2781 2633 autsubdiacouus,
2808 2583 2867 2620 ac
2888 2567 3094 2620 tandem
3111 2568 3313 2634 Aprutii
3327 2578 3519 2636 pastor.

2046 2652 2336 2726 Gregorius
2361 2657 2584 2713 Passiro
2619 2657 2873 2728 episc0po
2897 2667 2922 2694 οι
2955 2657 3223 2712 Firmano.

2048 2746 2191 2800 Bene
2215 2746 2366 2801 novit
2395 2747 2706 2803 fraternitas
2732 2757 2907 2803 vestra
2940 2747 3112 2819 (Crat.
3138 2750 3254 2803 dist.
3289 2749 3377 2815 Gl,
3403 2768 3449 2804 c.
3483 2751 3568 2821 I8)

1973 2851 2134 2906 quam
2179 2836 2340 2906 longo
2366 2837 2438 2892 sit
2467 2847 2709 2908 tempore
2735 2835 2763 2875 ιι
2805 2837 3085 2904 Aprutium
3129 2839 3382 2905 pastorali
3421 2840 3568 2894 solli-

1973 2926 2208 2981 citudine
2240 2927 2578 2982 destitutum.
2613 2927 2712 2981 Ubi
2740 2926 2828 2980 diu
2853 2927 3195 2996 q‘umsivimus
3217 2928 3306 2996 qui
3327 2930 3560 2984 ordinati

1973 3019 2267 3084 debuisset,
2297 3025 2353 3073 et
2380 3031 2713 3088 nequaquam
2739 3018 3005 3086 pomimus
3030 3017 3289 3073 invenire.
3321 3017 3426 3074 Sed
3442 3021 3562 3089 quia

1975 3109 2319 3178 Opportunus
2367 3109 2500 3164 mihi
2545 3110 2597 3163 in
2634 3107 2873 3162 moribus
2910 3107 3044 3173 suis,
3099 3118 3121 3145 ο
3166 3109 3217 3163 in
3258 3110 3563 3179 psalmodiis

1978 3200 2177 3266 studio,
2206 3201 2258 3254 in
2286 3215 2470 3254 amore
2496 3198 2755 3254 orationis
2787 3199 2942 3253 valde
2971 3198 3234 3264 laudatus,
3259 3199 3563 3270 religiosam

1978 3295 2136 3348 vitam
2167 3293 2476 3348 omnimodo
2497 3307 2654 3363 agere
2678 3291 2894 3360 dicitur,
2926 3291 3067 3346 hunc
3094 3292 3338 3347 volumus
3365 3305 3420 3347 ut
3450 3293 3559 3348 ira.

1980 3383 2202 3439 ternitas
2234 3392 2411 3439 vestra
2451 3383 2517 3438 ad
2547 3398 2604 3438 se
2635 3383 2792 3438 faciat
2832 3383 3040 3447 venire,
3067 3390 3122 3438 et
3158 3383 3225 3439 de
3266 3383 3440 3438 anima
3467 3398 3562 3438 sua

1979 3461 2294 3545 admoneat,
2327 3486 2589 3548 quatenus
2641 3478 2694 3531 in
2742 3476 2896 3532 bonis
2939 3476 3128 3532 studiis
3157 3489 3380 3533 crescat.
3425 3479 3564 3535 Etsi

1981 3568 2124 3624 nulla
2169 3570 2216 3624 ei
2254 3569 2477 3624 crimina
2505 3583 2622 3639 quae
2651 3583 2744 3639 per
2775 3567 2907 3637 legis
2933 3582 3100 3624 sacra:
3129 3569 3362 3638 regulam
3395 3578 3565 3623 morte

1981 3656 2009 3695 ἀ
2040 3658 2340 3714 mulctanda
2379 3668 2526 3727 sunt,
2552 3659 2788 3724 obviant,
2813 3666 2940 3713 tunc
2967 3656 3256 3713 hortandus
3285 3669 3367 3712 est
3397 3669 3451 3712 ut
3484 3657 3562 3711 vel

2039 3774 2067 3811 ά
2091 3773 2253 3839 Gall.,
2283 3774 2464 3842 quinae
2491 3773 2614 3827 tétes
2638 3773 2699 3827 de
2722 3771 2872 3825 bétail
2900 3772 3072 3825 blauc.
3109 3769 3383 3826 Gossnv.

2045 3855 2068 3882 ε
2092 3845 2180 3900 Sic
2214 3845 2437 3916 legimus
2467 3843 2522 3897 in
2554 3845 2704 3910 Mss,
2747 3844 2849 3916 nisi
2888 3843 3029 3912 quod
3069 3844 3120 3896 in
3156 3843 3321 3897 Vatie.
3351 3846 3414 3906 Α,
3464 3859 3563 3911 pro

1971 3913 2474 3985 wrantenti,legitur
2509 3921 2805 3968 iuramenta.
2839 3913 2965 3967 Post
2999 3923 3284 3967 :cramcnta
3317 3929 3561 3968 comme-

1974 3995 2253 4041 morantur
2279 3985 2626 4048 ferramenta,
2658 3985 2847 4039 ordine
2875 3998 3134 4052 congruo.

2052 4055 2071 4093 ί
2104 4056 2295 4124 Supra,
2331 4056 2422 4111 lib.
2454 4071 2512 4119 tt,
2555 4055 2740 4109 indict.
2775 4055 2860 4118 IO,
2888 4056 3044 4118 epist.
3079 4052 3165 4106 12.
3192 4052 3453 4124 Gussnv.

2046 4134 2072 4172 Β
2099 4122 2408 4179 Εκίιοιιιίιιθ
2435 4126 2728 4195 presbyteri
2748 4126 3032 4178 cardinalis
3047 4122 3403 4195 subodoratur
3425 4127 3563 4181 Gus-

1972 4195 2278 4265 sanvillams
2304 4197 2390 4249 hic
2417 4193 2500 4265 agi
2530 4193 2610 4249 de
2629 4195 2861 4263 parocho
2887 4209 2982 4248 seu
3013 4193 3250 4265 curione.
3280 4196 3349 4246 At
3375 4195 3564 4249 obser-

1974 4275 2062 4318 vat
2105 4263 2474 4328 Mablllonius,
2501 4273 2791 4319 comment.
2839 4265 2893 4318 in
2937 4263 3067 4316 0rd.
3104 4263 3281 4328 Rom.,
3315 4278 3436 4330 pag.
3470 4266 3558 4329 l9,

1974 4334 2218 4403 qumdam
2257 4335 2488 4388 oratoria
2531 4336 2713 4398 fuisse,
2757 4333 2808 4386 in
2837 4333 3028 4402 quibus
3057 4331 3249 4403 licebat
3281 4333 3559 4401 presbyte-

1975 4402 2090 4457 rum
2124 4404 2322 4457 habere
2343 4405 2691 4469 cardinalem,
2724 4419 2828 4456 non
2852 4404 2939 4472 qui
2967 4402 3231 4470 paroclius
3257 4412 3419 4466 esset,
3461 4405 3556 4457 sed

1975 4474 2136 4526 veluti
2161 4473 2490 4542 capellanus.

2050 4539 2242 4597 Εινιςιτ.⁷
2269 4543 2358 4596 XII
2390 4541 2495 4612 [ΑΙ.
2527 4540 2636 4611 15].
2669 4571 2740 4582 —
2765 4550 2792 4579 ⁸
2832 4542 2998 4612 Abest
3037 4539 3286 4612 Firmano
3325 4554 3356 4593 a
3395 4541 3564 4596 tribus

1901 4571 1949 4633 υ
2050 4571 2223 4597 131⁸131⁷.
2269 4571 2358 4596 All
2390 4571 2495 4612 [ιιι.
2528 4571 2740 4626 Ἰἷὶέικ-
2765 4571 2792 4579 ““
2832 4571 2998 4621 ηιξῦθι
3037 4571 3286 4593 ιυιηιηιυ
3325 4571 3356 4593 d
3395 4571 3560 4627 tllUU!

1975 4611 2233 4674 Colbert.,
2275 4623 2500 4678 quatuor
2539 4613 2735 4677 Vattc.,
2764 4613 3011 4666 omnibus
3043 4611 3224 4663 Norm.
3266 4619 3324 4666 et
3374 4612 3560 4681 turb,

1977 4685 2062 4736 ubi
2097 4682 2255 4736 etiam
2289 4683 2477 4750 legitur
2505 4681 2740 4748 Passibo,
2786 4698 2879 4751 pro
2910 4681 3141 4734 Passion.

2050 4752 2074 4790 ι»
2108 4751 2203 4806 Vel
2232 4749 2520 4818 Abrutium,
2555 4759 2612 4806 ut
2640 4763 2722 4806 est
2744 4749 2796 4806 in
2823 4753 3023 4807 Turon.
3056 4762 3109 4806 et
3136 4749 3298 4804 Vatic.
3329 4751 3394 4806 Α.
3423 4751 3561 4818 Quid

1978 4825 2044 4876 sit
2065 4824 2333 4890 Aprutium
2359 4822 2506 4876 disce
2534 4838 2598 4877 ex
2624 4824 2782 4890 epist.
2807 4825 2874 4878 68
2894 4823 3014 4876 libri
3040 4838 3092 4886 χ,
3125 4820 3308 4874 indict.
3342 4825 3393 4880 5,
3414 4833 3468 4876 et
3495 4839 3560 4876 ex

1978 4907 2098 4947 nota
2122 4895 2154 4944 ά
2181 4894 2319 4962 adii.
2353 4907 2406 4946 Ill
2433 4892 2569 4947 Viue
2620 4894 2787 4948 sancti
2827 4893 3091 4962 Gregorii,
3124 4907 3174 4947 c.
3210 4893 3268 4946 ιι
3325 4890 3561 4961 (Patrol.

1977 4973 2100 5016 tom.
2126 4961 2352 5024 LXXV,
2385 4963 2484 5019 col.
2516 4962 2638 5030 157,
2675 4975 2782 5019 not.
2810 4965 2887 5031 a).

2051 5043 2073 5071 ο
2108 5034 2160 5087 In
2190 5032 2374 5109 multis
2399 5034 2523 5087 Mss.
2560 5034 2750 5102 legitur
2772 5030 3127 5109 Importunas.
3153 5030 3410 5109 Eumdem
3434 5046 3558 5109 esse

1979 5113 2226 5168 putamus
2256 5103 2319 5156 ad
2351 5118 2506 5168 quem
2554 5113 2768 5158 sanctus
2815 5104 3104 5172 Gregorius
3143 5102 3361 5170 scripsit
3390 5102 3550 5170 epist.

1980 5173 2047 5225 68
2081 5173 2199 5227 libri
2245 5188 2300 5225 ι.
2339 5173 2490 5238 Quod
2542 5174 2626 5228 ltic
2656 5175 2848 5228 dicitur
2887 5175 2954 5228 de
3001 5173 3317 5243 psalmodia:
3357 5175 3558 5237 studio,

1979 5243 2138 5314 etiam
2165 5243 2430 5312 epiSCOpis
2458 5245 2780 5311 necessario,
2809 5241 3106 5299 illustratur
3130 5257 3196 5298 ex
3225 5241 3399 5297 Tolet.
3429 5259 3559 5314 syn-

1977 5311 2081 5385 odo
2115 5311 2319 5385 ᾼνιιιηε.
2351 5314 2386 5365 ‘2
2411 5331 2425 5368 :
2453 5313 2668 5368 Nullius
2712 5317 3062 5385 cujuscunque
3101 5313 3364 5385 dignitatis
3391 5311 3554 5366 cccle-

1981 5383 2461 5456 sjasticzrdeinceps
2508 5383 2791 5456 percipiant
2833 5386 3086 5454 gradum,
3129 5383 3217 5453 qui
3248 5399 3348 5456 non
3396 5394 3559 5436 totum

1985 5451 2301 5506 Psalterium
2343 5451 2422 5508 vel
2463 5451 2778 5509 canticorum
2823 5451 3112 5522 usualium,
3143 5451 3211 5507 ἐι
3251 5454 3561 5524 hymnorum

1983 5526 2201 5594 perfecte
2228 5526 2452 5580 noverint
2473 5528 2902 5594 supplementum.

2105 5593 2261 5649 Notat
2281 5592 2697 5652 Gussanvillaus
2722 5613 2822 5652 nec
2842 5596 3019 5651 omnia
3037 5635 3053 5660 ,
3091 5610 3190 5650 nec
3217 5595 3328 5650 sola
3359 5608 3478 5662 qua}
3508 5592 3560 5646 in

1985 5663 2149 5721 veteri
2163 5665 2279 5736 lege
2298 5668 2654 5737 puniebantur
2674 5678 2846 5724 morte
2868 5665 3127 5738 repellere
3144 5680 3172 5718 a
3194 5667 3559 5734 promotione;

3093 5824 3170 5883 39
