4026 6300
529 286 660 338 1217

1736 273 1977 331 SANCTI
2013 275 2341 332 GREGURII
2388 272 2601 329 MAGNI

3664 289 3688 324 1
3701 269 3818 322 2‘23

527 404 550 434 '
579 395 889 458 monachus,
921 393 1054 449 vela
1080 392 1226 446 vobis
1249 389 1610 445 subdiaconus
1641 388 1748 441 fiat.
1775 388 1838 441 Et
1859 396 1982 457 post
2002 389 2100 441 ali-
2131 392 2182 450 Α
2208 387 2628 457 magnitudinem
2657 393 2890 438 veSIram
2922 381 3244 436 incolumem
3287 382 3352 436 ad
3398 382 3640 437 Siciliam
3681 397 3812 452 per-

527 489 835 558 quantulum
858 486 1132 553 temporis,
1157 484 1201 536 si
1247 484 1356 537 Deo
1379 481 1654 550 placuerit,
1693 479 1804 546 ipse
1829 479 1894 531 ad
1929 488 2103 546 pasto-

527 583 691 636 ralem
720 595 903 636 cnram
933 579 1126 633 debeat
1167 577 1488 646 promoveri.
1531 574 1588 630 Si
1629 589 1745 642 qua:
1770 589 1897 628 vero
1923 573 2104 642 gravia

525 673 764 737 obviant,
808 671 972 724 multo
1011 670 1178 737 magis
1218 666 1585 720 admonendus
1623 671 1726 728 est,
1771 671 1828 717 ut
1855 665 2105 718 saeculum

528 764 812 832 relinquat,
857 772 908 814 et
936 760 1050 814 hazc
1076 756 1362 828 perfectius
1385 757 1593 810 deﬂeat.
1645 755 1776 810 Peto
1823 765 2000 809 autem
2052 764 2109 808 ut

529 870 628 924 pro
661 870 746 909 me
770 869 928 908 orare
953 852 1170 916 debeas,
1200 850 1320 920 quia
1351 863 1472 904 cum
1506 846 1938 902 tribulationibus
1984 862 2104 900 cor-

528 948 610 1002 dis
641 946 831 1016 I'atigor
860 944 1038 999 nimiis
1067 943 1336 996 doloribus
1366 939 1605 1007 corporis
1635 935 1680 992 ¹.

1063 1030 1396 1087 EPISTULA
1435 1029 1567 1083 XIII.

943 1144 1010 1183 AD
1043 1141 1303 1180 Ρλκτικωι
1345 1136 1711 1178 υεεεκεοιιεκ.

538 1223 778 1292 Defuncti
819 1217 1157 1292 Primoqeniti
1188 1216 1374 1292 notarii
1404 1230 1497 1292 res
1524 1213 1711 1292 absque
1738 1227 1882 1292 mora
1923 1210 2112 1292 intuta

602 1281 837 1355 collocet,
892 1307 952 1343 ne
1003 1281 1248 1341 Romana:
1307 1285 1548 1338 Ecclesia:
1601 1282 1775 1337 aliisve
1829 1281 2113 1335 Itarredibus

603 1370 830 1431 pereant.

607 1447 896 1517 Gregorius
928 1443 1154 1499 Fantiuo
1183 1443 1474 1498 defensori.

605 1540 904 1608 Cognoscat
934 1533 1264 1604 experientia
1296 1544 1381 1588 tua
1429 1541 1453 1568 ⁸
1501 1531 1915 1601 Primogenitum
1966 1539 2115 1584 nota-

531 1631 722 1684 larium
753 1637 994 1682 nostrum
1018 1625 1085 1681 de
1116 1625 1212 1678 hac
1239 1639 1334 1694 pro
1359 1624 1590 1693 peccatis
1612 1625 1725 1678 luce
1750 1624 2025 1681 transisse.
2051 1621 2113 1676 Et

2208 478 2420 532 venisse
2449 477 2817 546 cognovimus.
2867 475 2929 527 Et
2959 473 3197 527 Creatori
3235 484 3418 527 nostro
3450 474 3655 542 gratias
3685 474 3806 543 agi-

2210 581 2363 631 mus,
2421 567 2511 635 qui
2560 565 2716 620 solita
2753 580 2849 618 vos
2889 564 3086 632 pietate
3135 567 3402 633 protexit,
3433 578 3484 619 et
3530 565 3598 620 de
3637 568 3810 619 maris

2209 656 2443 726 periculo
2488 655 2748 711 liberavit.
2798 653 2948 708 Unde
2993 669 3216 730 necesse
3244 663 3328 709 est
3375 665 3432 707 ut
3463 655 3557 708 Dei
3589 656 3811 710 miseri-

2209 746 2470 810 cordiam,
2504 760 2665 814 quam
2697 745 2754 798 in
2784 742 2935 799 vobis
2962 757 3104 810 saepe
3129 744 3382 797 collatam
3411 744 3698 812 inspicitis,
3736 747 3810 799 ita

2212 849 2426 903 semper
2456 834 2509 887 in
2542 835 2685 887 omni
2710 844 2830 887 actu
2861 847 2974 901 pra:
3004 832 3172 886 oculis
3219 833 3477 897 habeatis,
3512 843 3567 886 ut
3609 833 3726 902 ejus
3759 838 3812 888 in

2211 924 2368 979 vobis
2396 926 2562 994 gratia
2595 923 2926 988 cumuletur;
2975 931 3029 977 et
3061 923 3198 976 sicut
3228 922 3297 976 ab
3324 925 3684 977 exterioribus
3719 939 3811 993 pe-

2214 1016 2425 1082 riculis,
2478 1015 2550 1068 ita
2588 1028 2802 1083 quoque
2833 1015 2898 1067 ab
2940 1012 3284 1067 interioribus
3313 1012 3526 1081 eripiat.
3579 1014 3812 1068 Paterna

2213 1109 2374 1176 igitur
2401 1107 2682 1160 dulcedine
2707 1106 3024 1166 salutantes,
3061 1104 3293 1172 petimus
3321 1112 3376 1156 ut
3405 1105 3470 1157 dc
3493 1115 3675 1158 vestra
3709 1121 3812 1161 nos

2215 1205 2605 1270 incolumitate,
2632 1205 2840 1274 quoties
2870 1219 2929 1258 se
2960 1203 3173 1258 occasio
3195 1203 3427 1269 dederit,
3459 1200 3738 1264 relevetis.

2770 1295 3102 1351 EPISTOLA
3143 1293 3260 1348 XV.

2636 1406 2702 1443 AD
2740 1403 2991 1442 ROIANL‘I
3033 1401 3398 1441 DEFENSOREI.

2221 1479 2559 1534 Laurentium
2575 1480 2721 1550 juvet
2751 1478 2802 1530 in
2827 1476 3068 1598 ﬁnienti?
3109 1475 3368 1546 Bonifacii
3399 1471 3683 1527 numerarii
3725 1486 3813 1524 ra-

2886 1556 3010 1598 tioni
3050 1562 3130 1598 us.

2886 1556 3130 1600 tionibus.

2289 1639 2581 1710 Gregorius
2612 1639 2854 1692 Romano
2876 1635 3170 1690 defensori.

530 1721 780 1792 quoniam
797 1727 1034 1773 sanctam
1057 1717 1374 1784 Romanam,
1394 1717 1496 1781 cni,
1515 1725 1732 1770 auctore
1751 1716 1877 1781 [)eo,
1905 1718 1945 1783 1
1960 1716 2117 1784 189

2295 1727 2694 1798 Experientiam
2743 1736 2889 1780 tuam
2935 1741 3039 1780 non
3069 1724 3201 1779 latet
3231 1724 3283 1777 in
3315 1720 3615 1776 rationibus
3647 1719 3810 1774 Boni-

534 1812 890 1875 deservimus,
929 1808 1246 1872 Ecclesiam,
1279 1817 1331 1860 ct
1373 1806 1652 1875 conjugem
1698 1819 1873 1868 suam,
1908 1820 2026 1872 quae
2058 1818 2117 1858 se

531 1903 745 1958 tuitioni
774 1899 1151 1957 ecclesiasticre
1183 1909 1364 1967 postea
1393 1896 1813 1961 commendavit,
1848 1895 2111 1962 lueredea,

515 1993 752 2049 'necnon
784 2001 838 2048 et
864 1992 1026 2046 filium
1062 1990 1238 2045 fratris
1273 1988 1377 2053 sui,
1412 1985 1440 2023 ι)
1476 1988 1525 2042 in
1556 2002 1715 2041 unam
1759 1992 1964 2040 unciam
2012 1986 2121 2041 has-

532 2086 716 2142 redem
743 2085 881 2138 idem
907 2082 1142 2137 noscitur
1168 2080 1486 2149 reliquisSe;
1519 2095 1579 2133 ea
1614 2092 1829 2147 propter
1851 2079 2029 2132 statim
2064 2086 2120 2132 ut

543 2177 648 2232 hoc
677 2182 1005 2246 prteceptum
1028 2172 1348 2240 susceperis,
1373 2180 1656 2238 antequam
1689 2185 1808 2224 eum
1840 2170 2119 2237 quisquam

528 2266 732 2323 obiisse
753 2272 1058 2336 cognoscat,
1084 2273 1138 2317 et
1173 2264 1227 2316 in
1259 2262 1552 2316 substantia
1585 2261 1724 2314 illius
1753 2259 1948 2329 aliquid
1975 2260 2120 2312 frau-

533 2356 621 2412 dis
645 2355 967 2420 committat,
994 2352 1059 2407 ad
1091 2354 1261 2406 locum
1289 2353 1338 2405 in
1371 2367 1476 2419 quo
1509 2367 1595 2405 res
1625 2352 1741 2418 ejus
1771 2360 1896 2405 sunt
1923 2365 2122 2405 recon-

531 2442 660 2500 dita:
683 2443 798 2499 sine
830 2458 978 2497 mora
1006 2441 1216 2496 curabis
1250 2441 1526 2504 accedere,
1560 2449 1755 2495 etcum
1785 2439 1931 2493 omni
1970 2440 2120 2494 solli-

531 2537 772 2594 citudine
788 2549 850 2589 ac
870 2535 1142 2603 diligentia
1162 2532 1321 2587 studii
1343 2533 1414 2587 tui
1442 2531 1529 2595 sit,
1550 2522 2121 2600 praiseute'Conseutio

537 2642 728 2696 puero,
755 2627 842 2695 qui
865 2640 1042 2680 rerum
1062 2625 1296 2694 ipsarum
1313 2637 1431 2677 esse
1458 2632 1638 2676 custos
1658 2621 1937 2687 asseritur,
1966 2621 2120 2674 adhi-

535 2717 660 2774 bitis
691 2716 932 2780 testibus,
965 2713 1278 2769 solemniter
1309 2726 1370 2766 ac
1405 2712 1674 2766 subtiliter
1695 2711 1892 2776 facere,
1926 2726 2122 2779 eaSque

542 2821 632 2865 rcs
672 2807 724 2860 in
752 2808 870 2859 loco
905 2803 1189 2868 tutissimo,
1231 2812 1286 2856 ut
1317 2802 1448 2856 utile
1478 2801 1802 2871 praevideris,
1835 2802 2120 2866 collocare.

538 2909 801 2970 quatenus
832 2906 957 2966 apto
985 2904 1227 2964 tempore
1269 2895 1372 2949 huc
1412 2910 1531 2949 cum
1562 2894 1748 2949 eodem
1776 2910 1961 2963 puero,
2011 2894 2123 2951 Deo

537 2992 852 3058 auxiliante,
887 2989 1099 3043 valeant
1128 2987 1434 3042 transmitti.
1461 2986 1565 3042 Sed
1589 2997 1642 3041 et
1664 2997 1879 3056 caetera,
1925 2989 1975 3042 in
2007 2989 2125 3058 qui-

539 3082 773 3156 buslibet
801 3079 959 3134 rebus
997 3090 1017 3117 ε
1055 3077 1169 3132 sive
1211 3077 1524 3145 corporibus
1573 3093 1693 3145 quae
1733 3076 1800 3132 de
1829 3077 2120 3131 substantia

539 3173 708 3244 ipsius
737 3185 856 3226 esse
887 3169 1160 3236 didiceris,
1189 3183 1311 3223 cum
1354 3169 1496 3223 omni
1529 3168 1846 3224 strenuitate
1876 3170 1929 3223 in
1961 3186 2120 3224 unum

540 3276 866 3332 congregare
912 3269 966 3315 et
1013 3259 1337 3314 consuluere
1384 3257 1600 3327 festina,
1646 3266 1705 3312 ut
1743 3257 1874 3313 nihil
1913 3258 1979 3313 de
2008 3258 2124 3329 ejus

540 3355 710 3426 possit
748 3353 985 3425 qualibet
1032 3351 1316 3406 occasione
1356 3350 1600 3420 deperire
1638 3351 1955 3406 substantia.
2003 3353 2124 3407 limo

545 3445 704 3513 igitur
731 3445 908 3498 omnia
941 3442 1011 3497 ita
1035 3443 1257 3498 sollicita
1288 3449 1344 3496 et
1382 3441 1560 3496 subtili
1601 3441 1757 3496 stude
1792 3457 1920 3496 cura
1971 3459 2124 3510 pera-

541 3553 686 3606 gere,
719 3547 774 3590 ut
806 3547 856 3591 te
883 3537 989 3591 illic
1013 3536 1189 3606 posito
1221 3551 1286 3590 ne
1309 3535 1647 3604 dispendium
1690 3535 1744 3589 in
1791 3535 1948 3590 rebus
1995 3535 2124 3604 ipsis

541 3627 773 3692 eveniat,
806 3637 860 3682 et
889 3626 1171 3696 cujuslibet
1202 3624 1403 3680 fraudis
1432 3626 1531 3681 sub
1567 3626 1800 3696 qualibet
1841 3627 2125 3681 occasione

543 3717 568 3754 ά
611 3720 724 3772 sive
763 3717 1119 3787 exquisitione
1156 3717 1301 3770 locus
1330 3717 1522 3785 aliquis
1553 3724 1734 3784 patere
1777 3731 1882 3770 non
1930 3718 2124 3771 valeat.

543 3810 762 3865 Summa
793 3824 917 3863 vero
939 3809 1198 3862 redituum
1231 3806 1345 3884 ejus
1374 3822 1490 3877 qua:
1519 3809 1588 3861 sit
1617 3809 1771 3863 nobis
1799 3809 1997 3876 pariter
2023 3811 2125 3864 tuis

543 3901 758 3970 scriptis
785 3899 1023 3954 indicare
1048 3896 1256 3953 festina.

1074 4009 1405 4065 EPISTULA
1453 4009 1591 4064 XIV.

941 4118 1008 4156 AD
1046 4117 1382 4156 AZIMARCIIUM
1422 4117 1736 4156 SCBIBONEII.

547 4198 595 4253 E
625 4196 780 4251 maris
819 4193 1046 4266 periculo
1075 4201 1300 4262 ereptum
1331 4191 1568 4245 hortatur
1616 4201 1669 4266 ut
1702 4194 1888 4248 divina:
1927 4195 2126 4250 miseri-

863 4265 1050 4317 cordia:
1078 4280 1334 4332 nunquam
1364 4280 1466 4315 non
1505 4265 1808 4318 meminerit.

617 4356 908 4426 Gregorius
935 4354 1256 4410 Azimarcho
1288 4353 1558 4410 Scriboni.

617 4452 828 4516 Quanto
861 4464 957 4501 nos
1001 4446 1243 4515 cognitus
1284 4459 1442 4499 casus
1484 4445 1647 4500 vestri
1698 4445 1956 4513 naufragii
1997 4461 2128 4500 con-

552 4546 814 4608 tristavit,
848 4552 993 4595 tanto
1039 4539 1374 4607 subsequens
1415 4537 1638 4606 epistola
1669 4537 1957 4602 relevavit,
1990 4539 2128 4607 quod

551 4723 699 4777 verbi
750 4722 914 4790 gratia
938 4762 952 4784 ,
1001 4720 1192 4776 furtum
1240 4733 1294 4778 et
1324 4721 1603 4778 fornicatio
1631 4737 1733 4776 non
1767 4722 2129 4776 multabantur

554 4805 755 4856 morte,
792 4792 1120 4859 repellebant
1150 4805 1323 4848 tamen
1355 4796 1420 4848 ab
1451 4794 1806 4847 ordinatione.

636 4862 804 4917 ‘Vide
829 4871 979 4915 notas
1011 4862 1062 4916 in
1089 4863 1246 4930 epist.
1272 4863 1295 4915 I
1325 4865 1443 4918 libri
1475 4879 1535 4929 v,
1571 4863 1753 4916 indict.
1787 4863 1869 4916 I5.

638 4930 741 4986 ¹1η
790 4933 997 4985 duobus
1043 4933 1275 4987 Colbert.
1327 4944 1380 4987 et
1419 4935 1469 4986 in
1519 4933 1734 4986 totidem
1788 4933 1954 4987 Vatic.
2006 4932 2128 4988 huic

553 5004 789 5074 epistolae
823 5001 1194 5074 prtemittitur__:
1227 5002 1402 5074 Mense
1421 5002 1684 5074 pctobri,
1715 5003 1894 5074 [παίει.
1927 5006 1979 5056 5.

625 5076 807 5129 Ει›;ετ.
825 5069 948 5144 XIII
974 5069 1292 5144 [Αι.15].--
1309 5082 1333 5108 ιι
1350 5072 1405 5144 In
1420 5073 1588 5125 Vatic.
1609 5074 1668 5134 A,
1705 5071 2044 5144 Rrimigeutiu
2055 5088 2123 5144 m.

627 5143 654 5182 δ
689 5141 992 5197 Ηωτεάριιί
1023 5143 1315 5196 unciarium
1370 5143 1670 5196 instituerat
1722 5141 1888 5195 filium
1949 5143 2124 5196 fratris

554 5215 670 5279 sui,
702 5215 948 5267 undecim
976 5213 1094 5266 aliis
1125 5212 1295 5267 unciis
1345 5213 1542 5266 relictis
1576 5221 1684 5266 tum
1735 5212 1988 5266 Ecclesia:
2022 5214 2126 5264 lto-

557 5298 750 5349 tuante,
783 5295 888 5336 tum
920 5285 1127 5352 conjugi
1157 5299 1289 5338 suae.
1315 5283 1389 5337 De
1421 5283 1656 5352 unciario
1688 5281 1897 5335 luerede
1921 5282 2042 5336 vide
2074 5283 2123 5335 in

558 5357 694 5422 Dig,
741 5355 831 5407 lib.
868 5350 1128 5420 xxx—tit.
1163 5353 1212 5412 I,
1246 5354 1346 5422 leg.
1384 5352 1485 5419 5-4,
1517 5352 1543 5422 §
1579 5350 1708 5405 Inde
1753 5351 1964 5419 dicitur,
1992 5363 2043 5407 et
2074 5356 2124 5406 in

557 5425 751 5486 lustit.,
784 5423 939 5491 lib.tt,
972 5425 1051 5477 tit.
1079 5422 1165 5486 Id,
1195 5422 1220 5491 §
1248 5423 1299 5480 6.
1334 5422 1595 5476 Gussauv.

630 5504 653 5531 ε
685 5493 837 5546 Prius
869 5490 1138 5559 legebatur
1163 5490 1263 5544 sive
1283 5494 1664 5559 corporalibus;
1689 5507 1806 5560 quae
1828 5490 2125 5560 Iectiojure

556 5562 828 5628 dISpICttIl
867 5561 1287 5630 iGussanvillmo.
1338 5563 1583 5617 Nostram
1645 5563 2122 5630 suppeditaverunt

561 5632 758 5685 Victor.
787 5641 836 5682 et
863 5629 1094 5699 Remig,
1125 5645 1217 5682 seu
1248 5629 1380 5683 alter
1407 5632 1596 5687 Rhem.
1615 5670 1630 5691 .
1664 5633 1717 5685 in
1743 5629 1936 5698 quibus
1965 5633 2114 5693 solis,

555 5715 604 5754 si
633 5699 935 5750 Vaticanum
968 5701 1011 5751 A
1061 5699 1266 5759 demas,
1319 5700 1506 5766 legitur
1556 5703 1666 5756 haec
1715 5699 1962 5768 epistola.
2014 5703 2113 5757 Per

2223 1818 2344 1872 facii
2386 1827 2410 1853 ο
2442 1816 2732 1872 numerarii
2763 1826 3002 1871 nostrum
3035 1815 3328 1870 secundum
3356 1813 3560 1882 aliquid
3597 1812 3812 1882 1190

2222 1908 2484 1964 interesse
2507 1947 2522 1974 ,
2577 1917 2794 1976 propter
2834 1906 2974 1975 quod
3005 1915 3206 1975 partem
3237 1905 3465 1974 aliquam
3498 1902 3813 1956 substauua:

2222 2015 2333 2054 sua:
2380 1999 2715 2054 xenodochio
2762 1999 2904 2067 quod
2931 1999 2996 2051 ad
3027 1999 3237 2052 beatum
3273 1997 3486 2050 Petrum
3534 1994 3812 2063 apostolo-

2225 2104 2344 2144 rum
2377 2090 2676 2159 principem
2723 2088 3071 2143 constitutum
3103 2097 3184 2142 est
3228 2087 3545 2155 dereliquit,
3575 2095 3630 2139 et
3657 2098 3810 2138 suam

2226 2180 2385 2234 nobis
2414 2180 2698 2248 conjugem
2731 2177 3142 2232 commendavit.
3179 2177 3242 2230 Et
3272 2177 3391 2230 ideo
3421 2175 3543 2244 quia
3570 2176 3809 2228 Laurea-

2225 2271 2353 2337 tius,
2388 2271 2468 2322 vir
2497 2269 2846 2334 clarissimus,
2873 2267 3214 2337 prmsentium
3238 2266 3482 2334 portitor,
3519 2280 3614 2332 pro
3641 2264 3806 2318 rati:-

2225 2360 2390 2415 nibus
2419 2359 2570 2428 ipsis,
2623 2358 2674 2412 id
2726 2367 2808 2412 est
2853 2371 3008 2411 nona:
3051 2372 3113 2411 ac
3138 2357 3356 2411 decima:
3396 2353 3702 2409 indictionis
3733 2354 3810 2406 fa-

2223 2451 2425 2504 ciendis
2455 2448 2797 2502 transmissus
2839 2455 2950 2513 est,
2983 2447 3142 2517 hujus
3175 2447 3267 2500 tibi
3302 2446 3676 2515 przec-ptionis
3705 2459 3803 2500 se-

2225 2542 2303 2596 rie
2349 2539 2674 2610 injnngimus
2707 2549 2764 2593 ut
2788 2541 2837 2594 ei
2868 2541 2966 2594 hac
3011 2540 3065 2593 in
3113 2553 3296 2606 causa,
3347 2553 3666 2608 quocunque
3715 2553 3809 2591 nec

2227 2643 2382 2685 cesse
2413 2630 2573 2684 fuerit
2625 2629 2866 2697 prarbere
2916 2629 3127 2694 solatia,
3178 2637 3338 2698 atque
3390 2643 3511 2682 eum
3560 2628 3813 2694 mquitate

2224 2728 2438 2776 servata
2479 2719 2668 2789 juvare
2712 2718 2956 2783 festines,
3009 2728 3278 2787 quatenus
3308 2718 3436 2771 dum
3481 2726 3532 2771 te
3575 2714 3811 2771 sollicito

2225 2813 2461 2866 rationes
2492 2812 2621 2880 ipsa:
2665 2811 2950 2864 salubriter
2983 2809 3179 2864 fuerint
3211 2812 3512 2864 terminata:
3534 2848 3549 2872 ,
3588 2817 3643 2862 et
3673 2823 3806 2876 pau-

2227 2918 2412 2974 perum
2445 2901 2535 2956 fiat
2567 2903 2768 2956 utilitas
2791 2942 2806 2967 ,
2836 2910 2889 2956 ct
2918 2901 3154 2956 mulieris
3186 2917 3302 2969 qua:
3333 2900 3703 2964 commendata
3729 2907 3813 2952 est

2227 2996 2378 3064 quies
2424 3004 2741 3062 procuretur
2789 3004 2947 3061 atque
2993 2993 3270 3045 securitas.
3317 2992 3449 3056 Quia
3497 3005 3624 3045 vero
3674 2991 3812 3045 nosti

2231 3084 2678 3154 quemadmodum
2726 3097 2901 3138 causae
2939 3093 2994 3137 et
3039 3084 3271 3137 maxime
3316 3082 3448 3137 tales
3493 3093 3738 3151 agantur,
3765 3083 3810 3134 si

2233 3175 2458 3230 forsitan
2488 3175 2688 3230 videris
2719 3175 2840 3243 quia
2871 3175 3105 3228 rationes
3136 3175 3263 3241 ipsa:
3294 3172 3431 3226 finiri
3460 3173 3576 3226 sine
3597 3173 3812 3241 dispen-

2229 3267 2319 3322 dio
2348 3284 2454 3322 non
2503 3275 2743 3336 possunt,
2799 3266 2863 3321 ad
2893 3265 3335 3336 gloriosissimum
3370 3264 3653 3318 Leontium
3706 3278 3809 3316 una

2231 3373 2353 3412 cum
2409 3357 2863 3412 reverendissimo
2927 3358 3089 3410 fratre
3145 3367 3200 3410 et
3248 3357 3567 3425 coepiscmio
3624 3364 3811 3408 nostro

2230 3450 2436 3505 Joanne
2456 3459 2507 3504 te
2530 3450 2606 3504 ire
2631 3463 2851 3504 necesse
2872 3459 2974 3513 est,
2994 3457 3047 3501 et
3069 3450 3335 3502 communi
3363 3464 3480 3501 cum
3500 3463 3563 3501 eo
3584 3447 3810 3501 consilio

2231 3554 2412 3606 agere,
2440 3548 2512 3604 et,
2546 3539 2612 3591 ad
2642 3526 2900 3607 quantum
2927 3540 3163 3606 potueris
3185 3538 3362 3605 eloqui
3385 3579 3397 3601 ,
3424 3539 3471 3590 ei
3505 3537 3813 3605 promittere

2229 3628 2487 3698 quidquid
2520 3630 2602 3683 vel
2646 3628 2772 3697 ipsi,
2799 3629 2881 3682 vel
2912 3629 3143 3682 diversis
3178 3628 3410 3680 dandum
3441 3626 3812 3696 suifragatori-

2230 3719 2330 3773 bus
2360 3720 2540 3783 fuerit,
2574 3719 2866 3772 dummodo
2893 3732 2984 3786 per
3009 3726 3186 3787 partes
3211 3733 3316 3770 non
3340 3725 3446 3782 eat,
3477 3716 3571 3771 sed
3590 3717 3818 3771 celerius

2233 3813 2392 3865 linem
2441 3810 2686 3878 accipiat.
2735 3809 2868 3863 Illud
2914 3819 3090 3864 autem
3142 3824 3251 3877 prae
3302 3809 3552 3862 omnibus
3586 3818 3816 3878 tragtare

2235 3917 2331 3953 vos
2359 3901 2630 3968 convenit,
2657 3910 2832 3953 utrum
2857 3914 2977 3952 cum
3006 3899 3260 3967 prmdicto
3290 3871 3815 3968 gloriosissinirrviro

2231 4003 2511 4063 antequam
2544 3993 2779 4047 rationes
2805 3993 3150 4059 incipiantur,
3201 4002 3290 4045 aut
3319 4002 3464 4045 certe
3492 3990 3637 4059 loqui
3693 4003 3812 4055 pro-

2235 4093 2412 4151 pterea
2437 4083 2701 4149 debeatis,
2724 4098 2790 4136 ne
2813 4085 2945 4136 forte
2967 4097 3122 4135 causa
3147 4086 3198 4134 in
3220 4080 3612 4135 examinatione
3631 4081 3811 4141 miss-i,

2234 4173 2385 4226 nobis
2401 4183 2583 4241 postea
2604 4173 2668 4226 ad
2685 4172 3036 4226 decidcndnm
3059 4172 3422 4226 difﬁcultatem
3439 4171 3688 4224 adducat.
3713 4169 3813 4224 Sed

2233 4266 2355 4334 quia
2390 4266 2578 4319 melius
2619 4267 2671 4318 in
2715 4267 2960 4333 prtesenti
3005 4266 3129 4334 quid
3160 4274 3408 4333 oporteat
3439 4265 3688 4333 poteritis
3717 4263 3810 4315 ati-

2233 4367 2464 4422 vertere,
2485 4357 2629 4426 quod
2661 4357 2843 4412 utilius
2865 4359 3034 4412 visum
3061 4358 3217 4411 fuerit
3238 4358 3401 4425 agite.
3433 4355 3487 4408 In
3518 4355 3618 4408 hac
3642 4365 3813 4407 tamen

2238 4449 2593 4518 promissione
2623 4450 2884 4504 sollicitos
2913 4464 3004 4503 vos
3036 4463 3156 4503 esse
3187 4464 3407 4504 necesse
3435 4459 3517 4503 est
3547 4457 3608 4502 ut
3635 4448 3809 4500 omnia

2239 4541 2365 4594 inibi
2397 4540 2781 4608 comprehensa
2825 4555 2918 4608 pro
2957 4540 3115 4593 totius
3145 4555 3321 4594 causa:
3360 4539 3638 4594 deeisione
3671 4537 3813 4606 plura

2237 4737 2459 4790 corpora
2491 4730 2665 4776 autem
2717 4722 3078 4790 intelliguntur
3127 4735 3232 4774 nou
3275 4720 3447 4773 solum
3478 4729 3724 4771 armenta
3757 4726 3809 4772 et

2236 4809 2448 4861 pecora,
2478 4795 2571 4846 seu'
2601 4796 2757 4845 etiam
2788 4794 3067 4857 mancipia.

2306 4862 2330 4898 α
2360 4864 2575 4921 Excusi.
2601 4864 2806 4920 vitiose.
2840 4864 2946 4915 sine
2973 4861 3326 4931 exquisitione.

2305 4933 2485 4986 EPIST.
2510 4931 2622 4985 XIV
2647 4934 2725 4984 At.
2759 4933 2842 4984 I7.

2305 5005 2478 5055 Erts'r.
2507 5003 2594 5054 XV
2630 5002 2734 5072 [AL
2763 5001 2872 5071 I0].
2921 5029 2991 5040 —
3032 5010 3057 5036 ⁸
3089 4999 3430 5054 Numerarius
3455 5000 3570 5055 sive
3617 5001 3816 5055 tabula-

2233 5072 2341 5125 rius
2370 5075 2458 5140 qui
2489 5071 2718 5124 rationes
2749 5080 3021 5138 supputat,
3068 5072 3340 5137 librosque
3392 5081 3573 5123 servat
3622 5073 3731 5126 dati
3761 5083 3814 5126 et

2233 5146 2457 5209 accepti.
2505 5142 2579 5194 De
2607 5143 2669 5194 iis
2716 5142 2881 5194 multa
2909 5141 3047 5209 apud
3085 5141 3444 5208 jurisperitos.
3496 5141 3738 5194 Memitnt
3763 5153 3816 5194 et

2234 5212 2484 5265 Sidonius
2525 5212 2724 5278 Apoll.,
2781 5211 2816 5264 l.
2845 5227 2881 5272 ι,
2932 5211 3090 5278 epist.
3126 5211 3220 5275 Η,
3267 5221 3320 5264 et
3369 5210 3459 5262 lib.
3488 5225 3547 5274 ll,
3601 5212 3813 5279 epist.l

2234 5282 2496 5335 Gussanv.
2530 5282 2674 5333 Huic
2700 5281 2981 5334 Iecuionem
3007 5281 3061 5332 in
3097 5280 3329 5346 Vulgatis
3353 5281 3499 5347 prius
3520 5282 3814 5347 corruptis-

2234 5355 2421 5404 simam
2472 5353 2796 5404 reStituitnus
2841 5365 2942 5418 ope
2978 5350 3093 5403 Vat.
3129 5355 3192 5414 A,
3244 5351 3334 5417 qui
3382 5350 3529 5403 solus
3556 5365 3678 5403 cum
3713 5349 3820 5403 Re-

2235 5423 2360 5488 tnig.
2414 5431 2468 5473 et
2520 5420 2718 5474 Victor.
2761 5421 3040 5489 epistolam
3098 5421 3234 5472 hanc
3280 5422 3540 5472 continet.
3600 5420 3656 5472 lu
3716 5423 3814 5474 Ms.

2235 5491 2434 5545 Victor.
2465 5499 2520 5543 et
2551 5491 2600 5543 in
2633 5502 2836 5544 recent.
2872 5490 3096 5543 Escusis
3144 5490 3370 5557 legitur,
3400 5506 3502 5542 non
3530 5490 3656 5541 latet
3682 5491 3822 5559 quod

2225 5561 2276 5613 in
2299 5560 2578 5613 rationibus
2601 5559 2857 5630 Bonifacii
2887 5561 3161 5630 numerarii
3191 5562 3354 5630 nostri
3373 5575 3587 5612 suorum
3617 5561 3814 5624 aliquid

2221 5631 2359 5699 apud
2399 5639 2446 5683 te
2492 5629 2743 5684 interesse
2773 5629 3079 5683 audivimus.
3127 5629 3306 5685 Lectio
3349 5639 3459 5685 vet.
3532 5630 3812 5686 Editorum

2220 5701 2392 5757 adhuc
2424 5700 2726 5756 mendosior
2748 5710 2852 5756 est.
