4026 6374
282 362 300 414 I
317 360 418 415 229

991 355 1475 413 EI‘ISTOLABUM
1519 354 1648 409 LIB.
1695 353 1810 406 XII.
1848 381 1917 391 --
1959 349 2203 406 INDICT.
2236 350 2295 404 V.
2337 379 2407 391 —-
2448 349 2659 405 EPIST.
2706 350 2815 403 XX.

3419 349 3554 404 197.0

288 474 459 527 solida
509 469 659 524 nullo
705 469 864 524 modo
911 471 1309 537 promittantur,
1364 466 1660 520 iudicantes
1691 465 1760 527 ei,
1818 464 1864 516 si
1895 465 1941 524 Α
1970 460 2262 515 secundum
2307 458 2629 513 desiderium
2674 470 2912 512 nosu'um
2949 458 3016 513 de
3065 468 3414 528 prosperitate
3461 477 3551 515 rc-

278 579 437 620 causa
465 562 731 630 exegerit,
783 564 901 629 quia
935 575 1134 628 pauper
1182 559 1398 612 omnino
1439 557 1724 612 defunctus
1757 564 1859 609 est.

278 656 430 722 Quod
461 664 515 707 ut
546 655 615 707 ita
646 667 769 706 esse
798 659 1087 718 ceguoscat
1108 695 1123 718 ,
1156 650 1438 716 exemplar
1467 663 1646 702 rerum
1679 647 1864 700 inven-

283 758 455 801 tarum
507 745 572 798 de
620 743 918 797 substantia
976 741 1142 808 ipsius
1196 739 1290 793 tibi
1345 739 1684 807 prmvidimus
1731 737 1863 790 diri-

276 837 536 906 gendum.
584 834 735 900 Quod
793 834 836 887 si
868 833 1005 885 forte
1032 829 1171 897 apud
1225 831 1532 898 praadictam
1571 827 1865 881 solidorum

281 925 632 995 quantitatem
655 924 960 977 consentire
993 920 1244 985 noluerit,
1269 919 1519 989 eligimus
1559 919 1735 989 potius
1768 919 1870 973 hoc

283 1018 424 1088 quod
473 1015 717 1085 pervenit
743 1013 808 1066 ad
838 1011 1231 1068 xenodochium
1273 1009 1519 1076 reddere,
1565 1024 1723 1078 quam
1757 1009 1870 1062 ina-

286 1124 407 1162 nem
426 1105 678 1161 invidiam
697 1103 983 1156 sustinere.
1011 1102 1068 1156 Si
1091 1116 1216 1155 vero
1237 1101 1592 1166 consenserit,
1623 1100 1868 1155 studiose

286 1197 551 1265 agendum
576 1203 660 1248 est
681 1203 738 1245 ut
760 1192 954 1246 exinde
975 1191 1234 1245 securitas
1257 1192 1578 1255 remittatur,
1607 1199 1869 1259 quatenus

293 1299 412 1355 pOSl
440 1285 618 1338 datam
650 1283 988 1354 securitatem
1016 1287 1071 1335 et
1096 1281 1420 1335 deeisionem
1453 1294 1614 1334 causa
1636 1280 1869 1334 recidiva

289 1376 485 1430 exinde
514 1375 733 1427 alterius
777 1373 924 1426 nullo
957 1371 1114 1424 modo
1143 1371 1316 1424 valeat
1353 1370 1665 1439 quaestionis
1698 1369 1870 1422 susci-

292 1465 415 1518 tari.
449 1464 598 1530 Quod
627 1470 807 1516 autem
840 1462 1056 1515 dederis
1104 1459 1130 1497 ι’
1158 1462 1209 1513 in
1238 1459 1342 1513 tuis
1383 1457 1678 1513 rationibus
1708 1473 1873 1513 nove-

293 1558 368 1611 ris
395 1555 783 1624 imputandum.

825 1642 1159 1696 EPISTULA
1203 1639 1338 1694 XVI.

688 1750 754 1787 AD
793 1749 1089 1787 ΑῑωΑιιοιιυ
1101 1749 1132 1785 Μ
1173 1746 1488 1786 εωιωοκειί.

1968 563 2079 606 stra
2129 552 2233 604 lani
2269 550 2528 604 fuerimus
2561 549 2769 613 eﬂ‘ecti,
2827 549 3167 618 liedemptori
3217 562 3403 606 nostro
3454 563 3552 619 pro

1972 643 2122 698 vobis
2161 658 2318 711 agere
2343 643 2541 710 gratias
2571 642 2865 694 valeamus.
2897 623 3252 709 Omnipotens
3283 643 3420 697 Deus
3449 645 3550 698 mi-

1970 731 2278 787 sericordiae
2321 747 2430 785 suae
2461 746 2554 785 vos
2586 730 2753 798 gratia
2786 739 3018 795 tueatur,
3065 741 3123 784 et
3169 732 3238 788 ab
3267 734 3414 788 omni
3460 737 3553 789 ad-

1971 823 2227 878 versitate
2257 831 2437 878 servet
2467 823 2662 877 illtesos
2690 833 2847 890 atque
2873 822 3157 878 custodiat.

2475 915 2807 969 EPISTULA
2847 914 3032 969 XVIII.

2285 1024 2350 1063 an
2392 1023 2707 1062 sermonem
2749 1023 2919 1062 noceat
2960 1008 3246 1063 ss'ttnmut.

2410 1100 2776 1154 Valdaricltum
2795 1101 3134 1156 commendat.

2047 1190 2334 1258 Gregorius
2368 1200 2394 1226 δι
2421 1189 2672 1259 Eupatori
2703 1190 2821 1244 duci
2848 1191 3127 1245 Sardiniae.

2047 1280 2179 1335 Cum
2215 1282 2350 1335 lator
2379 1283 2719 1350 praesentium
2750 1280 2776 1317 ι)
2811 1282 3158 1339 Valdarichus
3208 1282 3293 1339 illa
3321 1303 3418 1342 nos
3466 1303 3562 1356 pro

1977 1385 2073 1424 sua
2103 1370 2573 1426 commendatione
2606 1371 2845 1426 scribere
2877 1373 3107 1439 postulet
3152 1389 3270 1442 quae
3299 1379 3562 1445 magnitu-

1977 1460 2154 1514 dinem
2209 1470 2446 1514 vestram
2500 1461 2768 1530 aequitatis
2818 1461 3008 1516 intuitu
3065 1463 3183 1517 sine
3240 1466 3558 1535 cujusquam

1975 1550 2136 1603 etiam
2170 1550 2552 1605 intercessione
2584 1565 2689 1604 non
2731 1551 3035 1606 dubitamus
3063 1552 3283 1614 efficere
3303 1599 3316 1622 ,
3353 1559 3566 1626 petitio-

1979 1655 2101 1693 nem
2131 1641 2295 1710 ipsius
2317 1642 2537 1696 minime
2567 1642 2964 1709 despiciendam
2999 1647 3390 1713 prospeximus.
3425 1649 3560 1716 Quia

1980 1746 2107 1800 ergo
2139 1739 2196 1786 ut
2231 1747 2350 1786 cum
2383 1748 2550 1788 uxore
2577 1747 2706 1800 sua,
2732 1748 2892 1802 quam
2937 1733 3020 1787 hic
3050 1733 3116 1788 de
3166 1735 3403 1791 Romana
3434 1739 3563 1794 civi-

289 1827 569 1882 Laurentio
601 1825 858 1893 Bonifacii
883 1826 1141 1892 quondam
1173 1825 1451 1895 numerarii
1477 1823 1701 1878 rationes
1730 1824 1872 1895 apud
1904 1830 1952 1891 Β
1979 1833 2086 1878 tate
2107 1838 2225 1879 esse
2247 1825 2514 1893 perhibet,
2544 1826 2758 1890 reverti,
2789 1826 2927 1878 sicut
2946 1826 3235 1893 desiderat,
3269 1831 3444 1885 valeat
3469 1846 3558 1886 ve-

684 1896 953 1948 Leontinm
989 1895 1261 1963 exponenti
1301 1894 1487 1962 faveat.

363 1987 652 2056 Gregorius
680 1986 998 2040 Azimarcbo
1033 1985 1302 2040 Scriboni.

364 2077 776 2146 Magnitudinem
820 2084 1076 2140 vestram,
1130 2090 1235 2144 quo
1261 2081 1502 2144 tempore
1531 2072 1617 2130 hic
1664 2075 1718 2131 in
1764 2077 1874 2131 Ro-

295 2185 451 2224 mana
497 2171 627 2224 urbe
670 2168 797 2232 fuit,
846 2167 1160 2234 cognovisse
1207 2166 1496 2220 recolimus
1548 2167 1874 2223 Bonifacium

294 2259 564 2330 quondam
600 2261 980 2324 numerarium,
1012 2257 1231 2312 condito
1275 2267 1624 2324 testamento,
1661 2263 1870 2332 1191

293 2357 502 2419 partem
547 2349 775 2418 aliquam
827 2348 1158 2403 litereditatis
1206 2362 1317 2403 sua:
1350 2351 1684 2405 xenodochio
1732 2351 1873 2420 quod

292 2441 360 2494 ad
409 2449 648 2494 sanctum
700 2440 910 2495 Petrum
960 2439 1322 2508 apostolorum
1369 2440 1663 2510 principem
1713 2442 1874 2497 situm

291 2540 378 2585 est
400 2532 704 2599 reliquisse.
735 2533 801 2586 Et
831 2533 1082 2601 quoniam
1111 2547 1300 2600 gerere
1331 2547 1428 2588 nos
1456 2534 1873 2590 sollicitudinem

241 2616 254 2621 ”
292 2621 524 2674 diximus
569 2631 625 2675 ut
668 2621 733 2676 ad
777 2622 1064 2691 gloriosum
1106 2622 1269 2677 ﬁlium
1310 2634 1552 2678 nostrum
1595 2626 1873 2680 Leontium

292 2725 522 2775 persona
552 2727 648 2781 pro
671 2714 1003 2783 exponendis
1034 2714 1329 2769 ratiociniis
1348 2715 1512 2784 ipsius
1539 2717 1873 2782 mitteretur,

295 2819 481 2859 curam
511 2815 568 2861 ut
593 2807 853 2876 compleri
879 2807 1153 2861 debuisset
1183 2807 1482 2862 habuimus.
1518 2808 1724 2862 Idcirco
1752 2809 1873 2878 quia

298 2895 610 2952 Laurentius
665 2899 744 2951 vir
774 2898 1102 2952 clarissimus
1152 2902 1494 2967 praesentium
1526 2901 1755 2968 portitor
1809 2900 1876 2954 ad

298 2987 401 3040 hoc
450 2988 578 3042 illud
625 2990 862 3044 noscitur
912 3003 1032 3043 esse
1091 2990 1470 3054 transmissus,
1548 2992 1869 3060 magnitudi-

294 3092 418 3133 nem
450 3087 681 3133 vestram
711 3087 931 3146 paterna
962 3077 1252 3133 dilectione
1283 3079 1609 3146 salutantes,
1645 3082 1876 3148 petimus

295 3177 353 3223 ut
381 3169 427 3222 ei
453 3168 549 3222 hac
572 3169 623 3221 in
654 3182 812 3221 causa
842 3182 1180 3232 concurrere,
1212 3179 1370 3238 atque
1403 3179 1600 3236 vestra,
1636 3172 1774 3226 sicut
1802 3172 1868 3227 de
1901 3202 1944 3263 Ο

293 3259 447 3313 vobis
477 3257 791 3312 confidimus
816 3299 828 3320 ,
862 3258 1004 3310 salva
1032 3255 1236 3325 justitia
1285 3259 1594 3327 impendere
1640 3261 1870 3329 patroci-

297 3351 386 3404 nia
409 3348 671 3414 debeatis,
719 3357 977 3417 quatenus
1026 3347 1149 3401 dum
1199 3347 1575 3403 sincerissima:
1624 3350 1875 3405 bonitatis

297 3452 492 3496 vestra:
544 3440 702 3497 fuerit
730 3455 830 3507 Ope
859 3438 1128 3505 sulfultus,
1156 3449 1207 3494 et
1230 3440 1298 3494 de
1328 3439 1588 3496 viduitate
1633 3443 1875 3497 mulieris

297 3533 564 3602 quondam
599 3531 876 3595 Bonifacii,
917 3533 968 3585 e't
999 3531 1066 3586 de
1116 3532 1436 3600 pauperibus
1484 3533 1700 3601 quibus,
1734 3535 1878 3589 sicut

296 3623 546 3691 dicimus,
597 3622 737 3677 idem
794 3623 1092 3676 Bonifacius
1144 3623 1470 3676 lia-reditatis
1512 3638 1624 3677 suae
1671 3637 1875 3693 partem

297 3716 529 3783 aliquam
581 3714 896 3782 dereliquit,
947 3713 1249 3768 mercedem
1279 3714 1417 3784 apud
1456 3715 1876 3785 omnipotentem

300 3806 468 3859 Deum
494 3806 802 3876 acquiratis.

825 3893 1154 3949 EPISTULA
1187 3894 1345 3950 XVII.

615 4004 683 4041 ΑΙ)
721 4001 1082 4041 ιιλυιιιιιοκεδι
1133 4002 1559 4043 ΕΚΡΒΕῈΕΟΤΗΗ.

512 4099 686 4152 Amice
723 4099 956 4152 hortatur
985 4107 1038 4150 ut
1065 4099 1132 4150 ad
1161 4114 1214 4150 se
1241 4100 1424 4151 scribat
1454 4101 1664 4169 saepius.

373 4190 659 4259 Gregorius
687 4187 983 4244 Maurilioni
1008 4188 1353 4258 expraefecto.

376 4283 540 4337 Valde
561 4283 815 4336 miramur
831 4282 969 4352 quod
995 4297 1110 4346 nos,
1138 4280 1362 4336 diversis
1378 4281 1443 4337 de
1463 4281 1641 4337 Sicilia
1663 4286 1880 4339 venien-

301 4373 473 4441 tibus,
508 4374 675 4441 glorla
723 4384 896 4428 vestra
929 4373 1307 4427 incolumitatis
1358 4389 1469 4427 sua:
1513 4376 1700 4428 nuntio
1743 4377 1878 4430 rele-

301 4479 429 4518 vare
474 4465 763 4531 postponit.
819 4463 884 4516 Et
932 4474 1109 4516 utrum
1160 4464 1415 4516 oblivioni
1464 4465 1759 4530 cbaritatis,
1810 4481 1876 4520 an

1981 1915 2107 1969 stris
2136 1928 2194 1970 se
2225 1916 2396 1983 poscit
2425 1917 2732 1985 patrociniis
2768 1917 2977 1986 1192
3021 1917 3414 1987 adjuvandum,
3471 1937 3560 1990 pa-

1979 2012 2142 2058 ternas
2167 2004 2467 2060 dilectionis
2496 2005 2791 2060 salutantes
2821 2007 3037 2072 affectu,
3061 2008 3289 2074 petimus
3314 2021 3371 2066 ut
3393 2014 3493 2067 hac
3511 2013 3566 2069 in

1978 2110 2038 2150 re
2063 2097 2443 2165 magnitudinis
2486 2108 2676 2151 vestrae
2703 2098 2980 2152 tuitionem
3019 2099 3242 2165 habeat,
3276 2109 3331 2156 et
3357 2115 3386 2155 a
3413 2103 3566 2158 nullo

1978 2201 2071 2240 eos
2103 2187 2208 2240 illic
2239 2196 2427 2240 contra
2443 2187 2664 2242 rationis
2693 2189 2932 2242 ordinem
2955 2190 3200 2258 impediri
3218 2193 3564 2260 permittatis,

1977 2279 2070 2334 sed
2111 2280 2391 2335 desideriis
2421 2295 2606 2336 eorum
2647 2296 2744 2349 pro
2780 2290 2958 2335 vestra
3009 2283 3257 2339 mercede
3284 2284 3482 2340 adesse
3509 2297 3568 2340 et

1977 2385 2300 2427 concurrere
2345 2359 2584 2427 debealis
2607 2413 2620 2437 ,
2653 2386 2915 2442 quatenus
2945 2383 2998 2429 et
3043 2375 3117 2429 illi
3147 2391 3206 2431 se
3236 2377 3448 2446 adjutos
3476 2395 3567 2434 ve-

1977 2468 2085 2514 stra
2108 2475 2209 2530 ope
2237 2462 2623 2531 congaudeant,
2651 2471 2704 2515 et
2734 2464 3042 2531 magnitudo
3076 2475 3252 2519 vestra
3298 2468 3567 2535 poscenti-

1977 2552 2076 2608 bus
2114 2554 2441 2624 impendisse
2470 2553 2612 2624 quod
2656 2552 2857 2621 justum
2911 2555 3164 2625 piumque
3192 2566 3274 2613 est
3300 2558 3564 2614 videatur.

2511 2666 2848 2723 EPISTOLA
2892 2667 3033 2722 XIX.

2236 2783 2302 2821 AD
2341 2782 2684 2820 MAURENTIUM
2725 2783 3025 2822 MAGISTRUH
3066 2783 3307 2824 MILITUI.

2225 2858 2464 2912 Plectiles
2504 2860 2656 2912 sellas
2695 2861 2874 2929 viginti
2915 2871 3137 2929 quatuor
3177 2862 3320 2929 petit.

2051 2950 2338 3019 Gregorius
2371 2953 2665 3006 Maureutio
2704 2952 2958 3019 magistro
2989 2951 3242 3005 militum.

2047 3044 2344 3112 Geguoscat
2372 3043 2540 3112 gloria
2569 3051 2743 3096 vestra
2773 3049 2796 3074 ο
2839 3042 3120 3095 mandasse
3147 3055 3247 3095 nos
3275 3041 3566 3098 Anthemio

1977 3133 2302 3187 subdiacono
2331 3142 2387 3187 ut
2412 3131 2705 3202 aliquantas
2746 3132 2905 3186 sellas
2949 3130 3192 3200 plectiles
3230 3133 3385 3187 nobis
3425 3135 3560 3189 diri-

1977 3239 2100 3292 gere
2149 3223 2380 3277 studeat.
2430 3222 2537 3275 Aut
2580 3223 2624 3275 si
2675 3220 2840 3275 factas
2885 3235 2988 3275 non
3044 3221 3333 3289 invenerit,
3386 3221 3560 3290 ipsum

1980 3317 2118 3385 apud
2149 3331 2206 3370 se
2236 3316 2494 3369 artificem
2530 3315 2714 3380 tollat,
2749 3323 2806 3368 ut
2856 3315 2907 3368 in
2954 3315 3114 3369 domo
3159 3316 3329 3384 ipsius
3371 3316 3564 3371 debeat

1980 3409 2246 3475 laborare,
2275 3416 2324 3460 et
2359 3407 2439 3461 vel
2471 3405 2654 3475 viginti
2689 3415 2916 3474 quatuor
2953 3405 3114 3460 sellas
3145 3407 3364 3460 omnino
3393 3407 3562 3461 bonas

1980 3499 2156 3553 faciat.
2200 3498 2265 3551 Et
2297 3498 2415 3552 ideo
2444 3499 2566 3567 quia
2595 3499 2814 3551 omnino
2858 3497 3012 3551 nobis
3053 3506 3179 3552 sunt
3208 3501 3560 3562 necessariae,

1982 3591 2150 3661 gloria
2182 3597 2356 3643 vestra
2388 3599 2446 3643 ut
2472 3588 2573 3642 hoc
2603 3588 2715 3643 ﬁeri
2745 3589 2911 3657 possit
2939 3589 3236 3658 provideat.
3265 3589 3330 3643 Et
3355 3589 3399 3643 si
3422 3588 3561 3644 forte

1981 3697 2077 3735 vos
2098 3680 2206 3750 jam
2252 3679 2456 3748 aliquas
2485 3678 2842 3748 conquisistis,
2879 3678 3030 3734 nobis
3074 3694 3163 3732 eas
3195 3679 3558 3734 transmittite.

1983 3769 2090 3828 Sed
2133 3780 2187 3827 et
2230 3769 2440 3824 Iuliano
2482 3769 2598 3824 viro
2627 3769 2924 3823 clarissimo
2950 3768 3190 3839 bmajori
3232 3769 3564 3826 excellentia:

1983 3873 2197 3925 vestrae,
2229 3871 2318 3916 aut
2343 3861 2388 3914 si
2419 3861 2538 3930 quis
2572 3860 2710 3915 alter
2742 3860 3006 3924 habuerit,
3042 3874 3137 3913 eas
3168 3860 3321 3913 nobis
3347 3861 3560 3913 mittere

1985 3961 2258 4023 procuret.
2307 3953 2382 4007 Ita
2419 3967 2548 4022 ergo
2578 3950 2748 4021 gloria
2779 3960 2955 4006 vestra
2985 3948 3176 4016 faciat,
3217 3960 3273 4004 ut
3304 3950 3415 4006 haec
3444 3966 3563 4019 quae

1983 4047 2299 4115 scripsimus
2340 4044 2713 4100 sollicitudinis
2743 4055 2939 4097 vesme
2985 4042 3216 4098 debeant
3241 4042 3410 4098 modis
3449 4057 3565 4096 om-

1986 4137 2142 4192 nibus
2164 4136 2412 4190 instantia
2448 4135 2741 4203 prorurari.

2531 4223 2861 4279 EPISTULA
2905 4223 3024 4276 XX.

2239 4333 2304 4370 AD
2344 4332 2689 4370 IIAUBENTIUM
2731 4330 3031 4369 MAGISTBUM
3074 4330 3316 4368 MILITUII.

1985 4405 2063 4458 Ad
2109 4405 2326 4476 Aroyerm
2376 4407 2538 4458 mittat
2597 4406 2864 4474 epistolam
2915 4421 3062 4456 suam
3125 4406 3186 4457 de
3224 4405 3456 4474 jnvando
3509 4424 3563 4461 ιη

2091 4475 2327 4528 vehendis
2360 4477 2425 4527 ad
2453 4491 2595 4528 mare
2626 4476 2852 4527 trabibus
2895 4476 3085 4528 Sarino
3127 4475 3460 4529 subdiacono.

299 4554 634 4620 occupationi
662 4553 853 4606 debeat
878 4554 1111 4619 reputari
1135 4591 1150 4618 ,
1204 4554 1493 4606 nescimus.
1537 4554 1604 4606 Et
1633 4555 1754 4608 ideo
1783 4571 1872 4608 sa-
1912 4572 1960 4628 ι)
2056 4563 2345 4632 Gregorius
2374 4563 2666 4617 Maureiitio
2684 4565 2939 4632 magistro
2961 4563 3212 4617 militum.

299 4649 534 4702 Iutautes
562 4654 796 4713 paterna:
828 4644 1100 4697 cbaritatis
1131 4643 1347 4708 affectu,
1385 4646 1612 4712 petimus
1634 4653 1710 4711 ut,
1741 4661 1878 4713 quo-

306 4739 406 4791 ties
431 4737 695 4791 scribendi
714 4752 772 4790 se
797 4737 1006 4790 occasio
1023 4736 1255 4801 dederit,
1288 4737 1354 4791 de
1375 4747 1549 4791 vestra
1573 4752 1670 4794 nos
1690 4739 1881 4804 salute,

305 4841 360 4883 et
391 4827 620 4898 qualiter
649 4827 788 4882 circa
815 4842 909 4882 vos
939 4837 1143 4898 agatur,
1174 4828 1431 4895 refovete,
1463 4838 1726 4899 quatenus
1754 4831 1878 4885 dum

370 4983 400 5021 ι)
433 4984 506 5038 Ita
535 4984 663 5038 Mss.
687 4982 915 5052 Remig.,
946 4981 1144 5037 Victor.
1171 4993 1223 5038 et
1256 4983 1424 5038 Vatic.
1453 4984 1516 5053 A,
1552 4985 1640 5040 ubi
1666 4987 1716 5040 in
1751 4986 1874 5040 Vul-

300 5055 437 5125 gatis
462 5054 806 5126 legitu_r_.__t_uis
824 5053 1116 5126 rationibus
1134 5057 1458 5126 imputantur.

376 5126 557 5178 EPIST.
590 5123 751 5178 XVII.
800 5124 884 5176 Al.
927 5124 1012 5176 19.

375 5195 552 5248 Ειηετ.
581 5193 738 5247 XVIII
760 5191 1099 5265 [λυθῇ-⁸
1120 5193 1237 5265 Lib.
1255 5211 1328 5261 ix,
1354 5196 1536 5251 indici.
1558 5196 1612 5261 2,
1641 5198 1797 5264 epist.
1823 5200 1875 5264 6,

303 5266 536 5330 loquitur
563 5261 782 5334 sanctus
799 5261 1087 5334 Gregorius
1108 5263 1174 5317 de
1194 5265 1480 5330 Eupaterio
1508 5261 1760 5334 magistro
1782 5261 1880 5324 mii-

301 5337 527 5408 litumin
554 5332 816 5408 Sardinia.
846 5331 989 5386 Idem
1008 5331 1214 5386 videtur
1241 5349 1359 5389 esse
1387 5350 1449 5390 ac
1480 5331 1713 5404 Eupator
1737 5340 1877 5408 ejus-

307 5405 430 5457 dem
465 5405 652 5458 insulte
685 5404 812 5455 dux.

375 5472 400 5508 δ
427 5473 483 5527 In
513 5473 743 5542 Κριτής..
775 5470 1165 5542 thldricltilla.
1194 5471 1252 5525 In
1283 5473 1456 5529 Vatic.
1487 5478 1548 5537 A.
1584 5477 1879 5530 Baldarith.

303 5543 360 5599 In
382 5542 660 5595 Sall-Vict.
678 5541 1090 5595 ’Waudaricilla.
1119 5543 1317 5598 Praeter
1348 5545 1444 5600 hos
1467 5545 1689 5602 Codices
1713 5549 1883 5601 nullus

302 5614 443 5668 Innc
466 5613 622 5679 epist.
647 5611 882 5665 exhibet.

377 5685 555 5736 Eptsr.
589 5680 705 5753 XIX
741 5681 848 5751 [AL
873 5679 986 5750 23].
1024 5709 1096 5753 ε·-
1136 5690 1160 5720 ⁸
1184 5681 1390 5753 Remig.
1416 5694 1468 5740 et
1494 5685 1721 5752 Victor.,
1751 5690 1882 5741 scri-

302 5756 461 5826 psisse
505 5768 616 5806 nos.
651 5750 849 5808 Prester
891 5753 989 5808 hos
1014 5750 1142 5810 Cod.
1191 5765 1245 5812 et
1288 5750 1459 5813 vane.
1486 5759 1562 5828 Α,
1594 5750 1771 5815 nullus
1816 5774 1878 5815 ex

2059 4655 2347 4722 Propterea
2399 4656 2538 4725 quod
2590 4657 2641 4709 in
2689 4655 2948 4710 Ecclesiis
2998 4657 3274 4712 beatorum
3330 4657 3476 4713 Petri
3517 4670 3572 4716 et

1989 4745 2138 4801 Pauli
2185 4747 2361 4802 trabes
2390 4756 2515 4800 sunt
2561 4749 2914 4814 necessariae,
2948 4749 3166 4804 Omnino
3205 4751 3404 4806 Sabino
3445 4754 3574 4808 sub-

1990 4837 2214 4893 diacono
2266 4838 2589 4907 iniunximus
2643 4850 2698 4894 ut
2768 4840 3068 4907 aliquantas
3125 4851 3150 4879 α
3194 4843 3261 4898 de
3325 4845 3566 4910 partibus

1991 4994 2185 5068 nostris
2218 4995 2342 5049 Mss.
2374 4996 2650 5068 epistolam
2683 4997 2817 5052 hanc
2847 5000 3242 5068 complectitur.

2057 5064 2082 5101 ι’
2109 5065 2219 5118 IInc
2246 5076 2347 5126 est,
2375 5066 2488 5134 ejus
2516 5067 2932 5133 domusmajnri.

2060 5135 2236 5207 Emsr.
2277 5135 2370 5188 XX
2402 5136 2507 5205 [ΑΙ.
2537 5135 2650 5207 ‘24].
2700 5150 2767 5178 '-—
2791 5147 2813 5173 ο
2840 5141 3118 5204 Baronius,
3153 5151 3278 5195 tom.
3315 5141 3432 5196 VIII
3464 5147 3572 5198 An-

1987 5206 2093 5279 nal.
2117 5245 2131 5266 ,
2171 5207 2233 5256 ad
2257 5222 2352 5279 an.
2380 5207 2484 5260 602
2505 5246 2519 5270 ,
2570 5206 2842 5261 contendit
2873 5211 2972 5279 legi
3005 5211 3202 5265 debere
3229 5210 3526 5266 Brutiorum
3548 5255 3567 5276 ,

1990 5275 2115 5327 licet
2160 5274 2467 5348 reclamant
2500 5278 2675 5348 omnia
2729 5279 2838 5332 fere
2865 5274 2972 5332 tam
3028 5295 3157 5334 mss.
3205 5297 3361 5348 quam
3419 5274 3563 5338 edita

1989 5344 2337 5422 exemplaria,
2370 5345 2469 5398 nisi
2501 5345 2770 5422 forteduo
2793 5349 3080 5422 Mss.\’oss.
3111 5362 3162 5404 et
3194 5344 3413 5415 Rhem.,
3447 5371 3567 5422 qua:

1990 5411 2167 5482 legunt
2197 5411 2498 5467 Britiorum.
2528 5419 2718 5472 Sanior
2748 5427 2924 5473 tamen
2965 5420 3175 5474 videtur
3207 5422 3366 5477 lectio
3394 5411 3563 5478 Baro—

1989 5485 2161 5547 nii,et
2187 5482 2330 5563 favet
2357 5484 2687 5564 conjectura.
2729 5488 2863 5564 Quid
2913 5492 3053 5564 enim
3099 5490 3296 5564 Sabino
3348 5494 3567 5547 subdia-

1987 5568 2122 5629 cono
2149 5555 2449 5629 regiona_ri_o
2469 5597 2482 5620 ,
2512 5555 2807 5613 Maurentio
2837 5560 3089 5629 magistro
3115 5561 3339 5616 militum
3374 5564 3564 5629 ltalim,

1987 5632 2040 5676 et
2069 5626 2223 5691 Arogi
2257 5624 2376 5676 duci
2405 5624 2798 5701 Beneventano,
2824 5628 2891 5683 de
2912 5624 3018 5701 quo
3046 5632 3267 5698 epistola
3298 5624 3564 5701 sequenti,

1987 5707 2270 5773 columnae
2299 5707 2418 5746 cum
2454 5696 2720 5773 Britannis
2737 5696 3390 5773 i‘etc._Czet_erumBrutii
3419 5705 3568 5756 fuere

1990 5763 2116 5818 ohm
2143 5761 2305 5818 Italize
2335 5765 2515 5834 populi
2543 5776 2728 5824 contra
2762 5768 2995 5827 Siciliam
3027 5770 3168 5828 inter
3193 5772 3477 5826 Lucaniam
3512 5782 3562 5819 ιιι

1979 5922 2036 5938 .J"
