4026 6328
779 417 1113 474 EPISTOLA
1151 419 1343 476 XXIV.

515 525 587 565 ιιι
623 524 859 564 ιοΑΝΝειι
901 526 1266 566 SUBDIAGONUI
1306 526 1586 566 RAVBNNAI.

258 597 436 662 lubet,
467 597 736 664 reprobato
764 595 1086 663 Constantio,
1121 597 1401 660 Maurum,
1426 599 1470 651 si
1500 598 1683 667 dignus
1712 599 1852 651 inve»

335 670 528 732 niatur,
547 669 774 720 abbatem
805 668 1075 730 ordinari;
1097 685 1128 719 a
1150 668 1516 734 peculiaritatis
1542 677 1680 734 peste
1701 683 1849 720 mun-

336 739 454 790 dari
477 739 874 799 monasterium;
898 735 1100 789 Claudii
1127 737 1324 790 abbatis
1353 739 1544 802 scripta
1565 753 1626 789 es
1648 753 1734 789 ore
1754 753 1848 790 suo

333 817 566 874 excepta,
597 809 686 860 sed
715 824 745 858 a
773 823 867 858 suo
912 823 1059 860 sensu
1104 809 1156 859 in
1202 808 1375 860 multis
1431 807 1600 860 aliena
1627 845 1642 869 ,
1683 807 1749 858 ad
1794 821 1848 860 se

336 878 489 930 mitti.
527 876 646 930 Non
675 876 853 946 probat
885 892 978 930 sua
1025 876 1078 946 in
1107 874 1294 929 Jobum
1342 876 1704 946 commentaria
1753 893 1848 944 pu-

335 947 466 1017 blice
485 947 552 998 ad
597 944 796 1017 vigilias
842 946 959 1015 legi.
1015 944 1184 1017 Magis
1232 947 1470 1017 expedire
1516 955 1572 998 ut
1600 945 1848 1017 legantur

339 1014 671 1069 Psatmorurn
701 1014 1003 1068 commenta.
1038 1014 1195 1068 Nolle
1243 1031 1314 1079 se,
1341 1016 1465 1068 dum
1491 1019 1545 1067 in
1590 1015 1684 1067 hoc
1730 1031 1848 1068 cor-

339 1102 464 1156 pore
493 1095 980 1156 versaretttr,opera
1005 1101 1098 1138 sua
1128 1087 1178 1138 in
1213 1085 1471 1152 publicum
1495 1083 1647 1154 facile
1670 1086 1848 1155 prodi-

334 1155 412 1210 re.
445 1157 685 1209 Albinum
711 1164 758 1209 et
788 1155 1075 1225 Augustum
1103 1159 1439 1209 commendat.

337 1244 630 1314 Gregorius
654 1243 844 1300 Joanni
873 1243 1202 1298 subdiacono
1232 1243 1522 1300 Ravennae.

337 1333 628 1388 Venientes
683 1333 931 1388 monachi
980 1335 1292 1390 monasterii
1335 1337 1604 1406 quondam
1637 1337 1843 1393 abbatis

259 1421 505 1486 Claudii,
528 1423 828 1490 petiverunt
853 1421 958 1477 sibi
986 1423 1354 1478 Constantium
1402 1426 1722 1480 monachum
1754 1427 1847 1481 ah-

264 1512 446 1567 batem
479 1512 682 1568 debere
712 1512 985 1567 constitui.
1011 1513 1156 1578 Quos
1188 1513 1342 1568 valde
1364 1528 1464 1583 ego
1493 1515 1544 1568 in
1577 1530 1670 1570 sua
1705 1517 1846 1586 peti-

263 1602 411 1657 tione
437 1602 733 1662 detestatus
764 1617 908 1668 sum,
938 1601 1062 1670 quia
1099 1601 1226 1656 mihi
1259 1612 1485 1657 terrena:
1526 1606 1690 1659 menti
1722 1620 1845 1661 esse

260 1692 575 1745 omnimodo
604 1701 984 1761 apparuerunt,
1016 1692 1108 1761 qui
1145 1703 1416 1749 terrenum
1452 1695 1613 1752 nimis
1659 1697 1844 1752 homi-

944 306 1425 366 EPISTOLARUM
1468 308 1593 364 LIB.
1637 307 1753 364 XII.
1794 337 1861 349 —-
1905 306 2154 365 INDICT.
2200 308 2263 363 V.
2303 336 2371 349 -ο
2415 307 2626 378 EPIST.
2670 308 2858 366 XXIV.

3402 316 3537 371 1256

1876 420 1928 478 Α
1957 420 2245 490 despectus
2258 419 2476 476 mundi?
2493 421 2772 488 Quomodo
2794 422 2954 494 igitur
2969 426 3225 483 mundum
3239 427 3540 501 despiciunt

1951 510 2040 578 qui
2068 510 2120 564 in
2155 511 2485 567 monasterio
2525 512 2680 580 positi
2712 526 2904 570 aurum
2936 519 3218 584 quaerunt?
3263 519 3335 574 Ita
3379 521 3538 591 igitur

1952 609 2039 653 tua
2069 599 2397 669 experientia
2423 600 2604 664 faciat,
2631 611 2686 656 ut
2711 616 2883 673 neque
2905 605 3008 660 loci
3032 607 3296 664 ordinatio
3317 609 3540 666 differa-

1954 699 2059 758 tur,
2079 705 2248 760 neque
2271 690 2336 745 ad
2359 706 2456 746 nos
2481 692 2702 747 ulterius
2720 694 2818 748 hac
2838 694 2905 749 de
2925 711 2985 749 re
3003 698 3214 766 querela
3233 701 3535 769 perveniat.

2024 776 2052 816 ἀ
2096 780 2384 847 Prmterea,
2409 782 2528 851 quia
2563 783 2700 838 idem
2723 784 3071 841 charissimus
3093 789 3359 858 quondam
3393 791 3532 847 filius

1951 885 2103 926 meus
2129 869 2407 938 Claudius,
2437 873 2609 942 aliqua
2639 888 2724 928 me
2755 874 3006 945 loquente
3027 877 3094 934 de
3117 879 3438 947 Proverbiis,
3467 882 3537 939 de

1957 964 2193 1020 Canticis
2242 965 2571 1020 canticorum
2595 1009 2609 1032 ,
2641 966 2709 1022 de
2747 967 3064 1038 Prophetis,
3097 971 3166 1027 de
3202 972 3352 1029 l'bris
3391 990 3528 1045 quo-

1952 1070 2055 1125 que
2085 1055 2310 1128 Regum,
2340 1065 2394 1112 et
2427 1065 2451 1093 ο
2501 1056 2569 1112 de
2600 1057 2928 1128 IIeptateuco
2959 1062 3225 1130 audierat,
3271 1078 3390 1133 qua:
3433 1079 3534 1135 ego

1953 1148 2153 1216 scripto
2183 1148 2393 1204 tradere
2424 1164 2532 1215 prae
2561 1150 2871 1207 infirmitate
2911 1169 3019 1208 non
3067 1156 3237 1223 potui,
3278 1154 3296 1194 τ
3334 1157 3446 1226 ipse
3471 1173 3533 1212 ea

1955 1253 2053 1293 suo
2078 1253 2241 1293 sensu
2270 1239 2512 1308 dictavit,
2547 1256 2612 1296 ne
2639 1241 2911 1298 oblivione
2941 1244 3270 1315 deperirent,
3303 1257 3363 1302 ut
3407 1257 3534 1318 apto

1955 1337 2196 1396 tempore
2228 1328 2342 1384 haec
2395 1331 2584 1386 eadem
2639 1332 2767 1387 mihi
2815 1332 3060 1402 inferret,
3105 1345 3156 1390 et
3201 1337 3535 1394 emendatius

1953 1419 2302 1476 dictarentur.
2332 1419 2503 1492 (Qua:
2531 1435 2652 1476 cum
2703 1423 2832 1477 mihi
2883 1424 3118 1495 legisset,
3155 1426 3333 1482 inveni
3362 1427 3534 1484 dicto-

1953 1528 2069 1567 rum
2099 1527 2336 1570 meorum
2363 1529 2579 1570 sensum
2610 1513 2765 1569 valde
2796 1516 3035 1572 inutilius
3066 1517 3228 1573 fuisse
3258 1527 3533 1588 permuta-

1955 1603 2126 1673 tum.)
2177 1602 2328 1658 Unde
2359 1617 2580 1658 necesse
2632 1611 2716 1658 est
2759 1611 2817 1658 ut
2862 1614 2950 1658 tua
3001 1607 3359 1675 experientia,
3385 1608 3535 1663 omni

1952 1696 2301 1752 excusatione
2329 1707 2487 1766 atque
2517 1709 2665 1750 mora
2699 1704 2968 1762 cessante,
3013 1697 3078 1751 ad
3111 1697 3226 1768 ejus
3260 1708 3534 1754 monaste-

265 1796 390 1835 nem
444 1780 692 1834 abbatem
743 1781 1106 1850 quasiverunt
1156 1781 1375 1837 habere.
1427 1781 1661 1853 Cognovi
1705 1785 1844 1840 enim
1877 1797 1926 1858 Β
1957 1788 2092 1843 rium
2121 1787 2362 1854 accedat,
2390 1788 2682 1843 convenire
2732 1787 2925 1844 fratres
2965 1788 3148 1855 faciat,
3173 1800 3225 1846 et
3255 1791 3356 1846 sub
3386 1792 3534 1847 omni

268 1871 413 1944 quod
439 1871 576 1928 idem
612 1870 955 1928 Constantius
994 1882 1021 1910 ει
1053 1873 1403 1942 peculiaritati
1450 1875 1678 1932 studeat.
1719 1877 1848 1944 Qua:

270 1979 360 2017 res
391 1965 622 2020 maxime
652 1973 880 2020 testatur
909 1981 1030 2021 eum
1060 1981 1153 2021 cor
1197 1968 1442 2022 monachi
1475 1984 1578 2024 non
1627 1970 1846 2026 habere.

266 2054 347 2106 Ac
375 2053 569 2108 deinde
598 2055 825 2124 cognovi
873 2057 996 2124 quia
1047 2054 1114 2110 ad
1153 2058 1542 2112 monasterium
1595 2058 1735 2128 quod
1796 2059 1849 2115 in

265 2142 294 2184 δ
331 2145 506 2199 Piceni
537 2146 807 2214 provincia
845 2147 1054 2219 1195
1093 2150 1254 2203 situm
1305 2159 1386 2205 est
1431 2151 1577 2206 solus
1626 2167 1849 2221 pergere

255 2231 384 2289 sine
411 2235 589 2305 aliquo
615 2236 837 2292 fratrum
869 2252 1088 2292 suorum
1112 2241 1469 2308 praesumpsit.
1506 2242 1581 2295 Ex
1607 2257 1706 2310 qua
1733 2243 1848 2312 ejus

264 2327 480 2380 actione
501 2327 848 2396 cognovimus
877 2329 1000 2398 quia
1022 2330 1109 2398 qui
1139 2329 1258 2384 sine
1284 2337 1419 2384 teste
1447 2331 1680 2386 ambulat
1704 2340 1849 2388 recte

267 2433 376 2474 non
409 2419 572 2485 vivat,
605 2431 694 2474 aut
715 2422 984 2490 quomodo
1011 2424 1131 2479 aliis
1178 2423 1415 2494 regulam
1468 2433 1646 2481 teneat
1687 2439 1846 2496 quam

273 2507 596 2578 sibimetipsi
625 2512 795 2567 nescit
821 2521 1024 2570 tenere.

344 2605 427 2658 Ab
448 2605 549 2660 hoc
573 2605 734 2676 igitur
759 2609 1094 2675 recedentes,
1111 2610 1445 2665 cellerarium
1464 2608 1747 2680 quemdam
1760 2625 1849 2666 no-

267 2696 412 2751 mine
439 2697 678 2753 Maurum
709 2701 1195 2772 petiverunt,cujus
1225 2703 1348 2757 vita:
1375 2713 1536 2772 atque
1566 2703 1848 2761 industria:

266 2784 435 2839 multa
462 2787 834 2853 testiﬁcantur,
867 2792 989 2858 quia
1021 2799 1078 2847 et
1106 2793 1371 2861 quondam
1394 2793 1562 2849 abbas
1590 2793 1846 2848 Claudius

263 2891 389 2931 eum
436 2879 750 2945 quihusdam
800 2881 1067 2937 laudabat.
1122 2883 1232 2938 Tua
1286 2883 1466 2952 itaque
1513 2885 1844 2952 experientia

263 2967 488 3024 sollicite
515 2972 781 3039 requirat;
816 2978 871 3027 et
910 2971 954 3026 si
981 2973 1099 3038 ejus
1133 2973 1240 3026 vita
1268 2973 1332 3026 ad
1366 2974 1540 3026 lorum
1570 2974 1846 3044 regiminis

261 3057 424 3126 digna
477 3069 581 3125 est,
641 3074 668 3112 a
719 3061 1166 3117 reverendissimo
1207 3061 1373 3118 fratre
1413 3071 1469 3118 et
1521 3065 1842 3135 coepiscopo

1956 1877 2178 1930 veritate
2207 1887 2645 1946 quantascunque
2669 1876 2736 1931 de
2777 1876 3005 1932 diversis
3036 1878 3329 1948 Scripturis
3374 1882 3534 1936 char-

1952 1966 2088 2020 tulas
2119 1965 2334 2032 detulit,
2365 1967 2430 2020 ad
2458 1966 2691 2021 medium
2733 1966 3017 2034 deducant,
3044 1983 3177 2039 quas
3209 1979 3263 2026 tu
3298 1972 3534 2042 suscipe,

1950 2067 2002 2112 et
2032 2056 2470 2132 mibi__celerrime
2495 2057 2816 2112 transmitte.

2022 2144 2097 2198 De
2125 2152 2216 2199 tuo
2245 2153 2422 2200 autem
2454 2145 2647 2210 reditu,
2680 2147 2802 2216 quia
2852 2147 3150 2204 molestiam
3195 2156 3248 2204 to
3294 2149 3528 2206 validam

1949 2237 2238 2292 incurrisse
2269 2240 2645 2309 cognovimus,
2674 2239 2784 2295 Deo
2814 2241 3067 2312 propitio,
3095 2242 3148 2298 in
3173 2243 3532 2315 subsequenti

1949 2330 2266 2396 cogitamus.

2021 2420 2150 2474 Illud
2184 2430 2364 2475 autem
2417 2420 2556 2490 quod
2608 2424 2678 2477 ad
2727 2439 2812 2479 me
2861 2427 3212 2494 quorumdam
3264 2429 3532 2488 relatione

1953 2512 2220 2580 perlatum
2250 2521 2352 2574 est,
2386 2515 2512 2580 quia
2537 2515 3018 2573 revercndissimus
3065 2519 3229 2574 frater
3277 2531 3331 2577 et
3352 2522 3536 2590 coepi-

1950 2616 2146 2670 scopus
2176 2617 2329 2658 meus
2361 2603 2686 2660 Marinianus
2717 2606 2819 2677 legi
2854 2616 2878 2654 8
2903 2617 3205 2666 commenta
3248 2610 3388 2666 beati
3430 2612 3532 2667 Job

1909 2719 1914 2726 -
1953 2697 2168 2766 publice
2195 2697 2262 2751 ad
2297 2697 2504 2764 vigilias
2528 2698 2709 2768 faciat,
2740 2715 2846 2754 non
2872 2709 3023 2770 grate
3049 2703 3285 2772 suscepi,
3321 2703 3536 2776 1196

1949 2788 2071 2858 quia
2105 2803 2208 2842 non
2239 2796 2324 2843 est
2349 2788 2479 2844 illud
2510 2805 2645 2860 opus
2672 2792 2962 2860 p0pulare,
2993 2801 3050 2848 et
3101 2793 3329 2849 rudibus
3376 2797 3534 2850 audi-

1947 2878 2153 2934 toribus
2183 2879 2617 2948 impedimentum
2650 2882 2818 2952 magis
2848 2897 3005 2950 quam
3033 2895 3346 2951 provectum
3376 2900 3532 2955 gene-

1948 2977 2050 3025 rat.
2079 2969 2185 3024 Sed
2217 2969 2302 3024 dic
2330 2969 2378 3025 ei
2407 2981 2464 3024 ut
2494 2967 2523 3008 ιι
2573 2981 2882 3027 commenta
2925 2972 3261 3028 Psalmorum
3311 2974 3412 3045 legi
3461 2977 3530 3032 ad

1947 3061 2156 3132 vigilias
2206 3063 2394 3128 faciat,
2437 3076 2556 3133 quae
2605 3072 2814 3120 mentes
2855 3063 3196 3119 saecularium
3242 3063 3307 3117 ad
3359 3063 3532 3122 bonos

262 3158 451 3203 nostro
491 3149 785 3204 Mariniano
812 3148 954 3204 hunc
1001 3150 1246 3205 abbatem
1277 3152 1514 3207 ordinari
1569 3151 1748 3207 faciat.
1785 3155 1840 3210 Si
1869 3157 1919 3223 ο
1950 3164 2127 3204 mores
2156 3149 2428 3219 praecipue
2457 3149 2769 3205 informant.
2821 3151 3008 3222 Neque
3051 3151 3195 3207 ehim
3241 3151 3365 3208 volo
3402 3153 3530 3209 dum

259 3257 391 3296 vero
429 3252 507 3297 est
534 3241 676 3312 quod
709 3243 759 3296 ei
790 3243 1006 3298 omnino
1043 3243 1246 3311 obviet,
1281 3253 1338 3301 et
1368 3260 1432 3300 ex
1483 3261 1578 3301 sua
1608 3260 1838 3316 congre-

257 3332 477 3399 gatione
522 3330 762 3386 invenire
801 3340 983 3400 aptum
1035 3333 1255 3387 minime
1301 3344 1547 3403 possunt,
1578 3336 1680 3406 ipsi
1734 3336 1839 3391 sibi

257 3420 475 3474 aliunde
504 3421 724 3490 eligant,
747 3430 800 3478 et
829 3421 876 3478 is
902 3437 1058 3492 quem
1087 3423 1348 3492 elegerint
1379 3425 1489 3479 fiat.
1515 3425 1628 3480 Hoc
1658 3435 1836 3481 autem

197 3518 200 3520 ‘
258 3511 515 3579 praedicto
544 3511 694 3567 fratri
725 3521 778 3567 et
798 3512 1117 3583 coepiscopo
1142 3524 1327 3571 nostro
1376 3517 1599 3572 omnino
1649 3518 1834 3576 dicere

258 3602 438 3669 stude,
470 3611 527 3657 ut
573 3603 994 3670 peculiaritatem
1041 3619 1072 3658 a
1121 3615 1352 3674 quatuor
1400 3617 1489 3661 aut
1528 3623 1558 3661 a
1607 3610 1841 3680 quinque

261 3693 573 3749 monasterii
604 3693 905 3760 monachis,
935 3695 987 3750 in
1012 3696 1203 3766 quibus
1232 3698 1425 3769 corrigi
1453 3699 1712 3756 hactenus
1739 3704 1840 3756 mi-

258 3788 404 3843 nime
433 3791 625 3859 potuit,
657 3791 1049 3848 studiosissime
1079 3802 1406 3861 compescat,
1442 3802 1496 3848 et
1529 3794 1629 3850 ha:
1658 3795 1834 3864 ipsum

257 3883 643 3936 monasterium
675 3898 704 3936 a
736 3885 824 3938 tali
856 3894 1009 3953 peste
1055 3887 1315 3942 mundare
1347 3887 1598 3954 festinet,
1629 3889 1753 3958 quia
1789 3890 1836 3945 si

259 3972 370 4027 illic
411 3983 434 4012 ε
467 3974 806 4041 peculiaritas
835 3991 864 4029 a
897 3976 1170 4033 monachis
1219 3979 1465 4045 habetur,
1499 3997 1671 4051 neque
1700 3998 1834 4038 con-

258 4062 442 4116 cordia
473 4077 645 4131 neque
676 4065 907 4120 charitas
928 4064 984 4122 in
1012 4070 1427 4139 congregatione
1456 4071 1644 4127 eadem
1683 4082 1834 4142 pote-

256 4152 330 4207 rit
351 4167 682 4220 permanere.
710 4155 845 4224 Quid
868 4167 949 4213 est
979 4168 1157 4214 autem
1192 4159 1404 4216 habitus
1432 4163 1702 4228 monachi,
1727 4163 1828 4218 nisi

259 4269 494 4342 plarihus
524 4272 603 4342 usi
631 4286 820 4327 sumus
849 4284 1083 4338 tantum,
1113 4274 1256 4342 quod
1290 4276 1340 4328 in
1386 4275 1505 4329 aliis
1543 4275 1682 4330 desit
1713 4274 1829 4330 haec

1947 3242 2000 3296 in
2032 3241 2132 3296 hac
2162 3255 2325 3295 carne
2351 3256 2491 3307 sum,
2515 3239 2560 3296 si
2582 3256 2687 3310 qua
2711 3241 2912 3297 dixisse
2941 3255 3029 3298 me
3054 3243 3315 3313 contigit,
3354 3257 3418 3299 ea
3449 3243 3528 3298 fa-

1947 3332 2052 3388 cile
2079 3330 2384 3386 hominibus
2413 3331 2692 3386 innotesci.
2723 3330 2853 3385 Nam
2884 3331 3010 3401 quia
3052 3333 3400 3391 dilectissime
3427 3349 3535 3391 tne-
3567 3397 3572 3404 ,

1947 3421 2132 3478 moria:
2152 3421 2430 3477 Anatolius
2447 3422 2702 3476 diaconus
2723 3424 2981 3493 quaerenti
3003 3438 3066 3478 ac
3082 3423 3293 3492 jubenti
3327 3427 3531 3482 domno

1945 3510 2257 3582 imperatori
2287 3511 2480 3566 librum
2509 3511 2726 3582 Regulae.
2749 3514 3030 3583 pastoralis
3055 3513 3225 3581 dedit,
3251 3531 3391 3585 mgre
3417 3531 3527 3572 sus

1936 3606 2086 3674 cepi,
2115 3619 2274 3674 quem
2305 3603 2674 3659 sanctissimus
2706 3604 2870 3659 frater
2895 3615 2949 3660 et
2991 3606 3345 3676 coepiscopus
3367 3624 3519 3664 meus

1935 3697 2251 3754 Anastasius
2283 3695 2650 3758 Antiuchenus
2699 3697 2754 3750 in
2792 3695 3034 3752 Graecam
3069 3698 3302 3769 linguam
3349 3708 3522 3757 trans-

1937 3789 2078 3844 tulit.
2111 3788 2202 3852 Et,
2234 3787 2371 3842 sicut
2399 3785 2526 3841 mihi
2558 3787 2815 3856 scriptum
2842 3797 2945 3855 est,
2987 3789 3037 3843 ei
3088 3789 3241 3844 valde
3297 3791 3522 3860 placuit,

1936 3879 2031 3934 sed
2063 3877 2190 3932 mihi
2223 3877 2378 3932 valde
2410 3876 2680 3945 displicuit
2708 3885 2764 3932 ut
2794 3878 2881 3948 qui
2926 3879 3146 3936 meliora
3193 3879 3392 3936 habent
3443 3882 3496 3936 in

1947 3971 2180 4026 minimis
2205 3978 2553 4038 occupentur.

2019 4065 2074 4118 In
2101 4070 2254 4132 parte
2274 4070 2454 4118 autem
2487 4061 2646 4117 tertia
2679 4060 2818 4116 beati
2841 4060 2945 4118 Job
2974 4061 3026 4116 in
3050 4077 3115 4118 eo
3139 4077 3296 4119 versu
3319 4063 3374 4119 in
3413 4079 3520 4134 quo

1945 4159 2203 4227 scriptum
2232 4165 2315 4211 est
2346 4172 2360 4209 :
2393 4153 2515 4210 Scio
2537 4154 2676 4225 quod
2699 4155 3008 4225 Redemptor
3036 4173 3180 4211 meus
3206 4158 3346 4224 trivit,
3365 4160 3533 4230 suspi.

1936 4274 2165 4328 solidum
2211 4269 2574 4340 dimisissesit
2604 4269 2857 4324 criminis.
2891 4269 3041 4340 Idem,
3065 4286 3120 4324 a.
3145 4269 3405 4340 Gregorio
3447 4273 3530 4330 fa-

260 4339 504 4415 epistola.
536 4341 678 4415 Idem
701 4344 903 4415 dictum
937 4347 1096 4399 velim
1134 4339 1208 4399 de
1233 4347 1392 4413 epist.
1421 4347 1487 4400 2!
1523 4347 1831 4415 praeceden-
1931 4353 2100 4404 ctum,
2125 4355 2240 4415 _n__on
2271 4339 2522 4394 dissimili
2553 4349 2751 4394 eventu
2773 4379 2788 4405 ,
2813 4349 2997 4395 narrat
3020 4339 3178 4396 Joan.
3209 4339 3359 4396 Diae.
3382 4383 3398 4406 ,
3429 4344 3524 4401 lib.

260 4413 320 4476 ti,
353 4423 404 4464 et
432 4411 500 4464 de
525 4413 680 4473 epist.
712 4413 782 4467 23
812 4416 1077 4475 sequenti.

331 4482 510 4553 Entsr.
543 4481 707 4553 XXIV
743 4483 851 4553 [AL
881 4481 995 4551 22].
1026 4512 1096 4524 —
1123 4491 1146 4518 α
1177 4483 1443 4553 Quantum
1492 4484 1832 4550 peculiarita-

259 4561 366 4605 tem
401 4551 451 4602 in
483 4551 760 4604 monachis
781 4552 1098 4616 detestetur,
1125 4567 1266 4619 saepe
1293 4552 1490 4605 indit-at
1521 4553 1826 4622 Gregorius.

255 4623 521 4690 Gussnv.
544 4623 832 4686 Quousque
869 4621 921 4674 in
972 4621 1291 4676 monachum
1346 4625 1447 4676 hoc
1505 4621 1831 4690 nequissimo

257 4690 388 4742 vitio
429 4688 759 4741 laborantem
789 4690 903 4756 ipse
943 4691 1026 4744 vir
1069 4692 1474 4756 sanctissimus,
1515 4688 1634 4745 cum
1667 4693 1832 4746 abbas

255 4767 420 4819 esset,
454 4757 775 4823 desaevierit,
807 4759 964 4814 docet
988 4759 1143 4814 Joan.
1179 4760 1348 4819 Diae...
1381 4761 1476 4814 lib.
1509 4777 1556 4825 ι,
1579 4775 1630 4815 c.
1670 4762 1755 4815 i5.

329 4826 364 4901 Ρ
397 4827 681 4901 Picenum,
711 4829 896 4901 vulgo_
917 4831 968 4882 la
1018 4829 1198 4884 Marco
1236 4829 1530 4897 d’Ancona,
1557 4832 1831 4901 provincia

253 4900 441 4961 Ilalim,
474 4898 691 4951 ditionis
722 4898 1026 4964 poutificim.

329 4980 354 5007 ο
399 4969 772 5038 Iiieronymus,
802 4971 956 5034 epist.
989 4971 1079 5033 2%,
1119 4971 1182 5023 ad
1218 4970 1563 5027 Eustochium
1587 5014 1599 5037 ,
1642 4971 1711 5027 de
1732 4985 1826 5027 cu-

254 5041 427 5094 stodia
460 5037 798 5106 virginitatis,
821 5040 910 5096 ubi
936 5042 1003 5095 de
1044 5044 1326 5104 monacho,
1359 5043 1468 5110 qui,
1499 5042 1700 5103 parcior
1730 5058 1829 5110 po-

255 5113 358 5163 tius
386 5125 540 5170 quam
569 5115 802 5173 avarior,
834 5120 1034 5164 centum
1078 5113 1271 5164 solidos
1310 5128 1434 5177 quos
1473 5114 1581 5166 lina
1614 5112 1830 5166 terendo

257 5180 564 5250 arquisierat
591 5179 813 5232 moriens
841 5181 1107 5248 dereliquit
1139 5196 1155 5233 :
1185 5181 1381 5234 Initum
1410 5194 1502 5246 cst,
1537 5184 1726 5250 inquit,
1752 5184 1830 5234 in-

253 5261 328 5303 ter
352 5247 628 5320 monachos
655 5250 924 5320 consilium
951 5247 1074 5316 quid
1106 5251 1239 5317 facta
1261 5268 1389 5315 apus
1419 5267 1438 5304 :
1475 5254 1568 5306 alii
1590 5247 1829 5320 pauperi-

252 5322 345 5374 bus
367 5318 740 5373 distribuendos
771 5334 879 5373 esse
907 5320 1178 5382 dicebant;
1223 5323 1315 5374 alii
1345 5323 1542 5374 dandos
1566 5318 1828 5385 ecclesiae;

253 5391 487 5442 nonnulli
541 5389 835 5454 parentibus
889 5390 1235 5444 remittendos.
1284 5391 1549 5445 Macarius
1593 5408 1741 5457 vero,
1787 5402 1836 5446 et

254 5457 473 5523 I’ambo,
492 5471 536 5511 et
561 5457 816 5524 Isidorus,
837 5467 882 5513 et
904 5462 1072 5512 caueri
1091 5477 1219 5529 quos
1242 5460 1425 5514 Patres
1446 5472 1644 5520 vocant,
1661 5471 1838 5516 sancto

254 5529 307 5580 in
354 5529 425 5581 eis
469 5529 704 5595 loquente
752 5530 987 5598 Spiritu,
1018 5530 1346 5584 decreverunt
1374 5531 1698 5596 infodiendos
1727 5547 1838 5584 esse

254 5614 369 5650 cum
397 5598 572 5669 eodeni
602 5599 824 5652 dicentes
855 5616 874 5652 .°
911 5599 1140 5654 Pecunia
1167 5610 1255 5653 tua
1294 5610 1456 5654 tecum
1484 5603 1548 5654 sit
1582 5602 1631 5653 in
1664 5601 1840 5669 perdi-

256 5670 465 5742 tionem.
512 5665 624 5721 Nec
673 5669 770 5720 hoc
809 5673 1081 5742 crudeliter
1125 5673 1398 5742 quisquam
1441 5681 1581 5738 putet
1628 5665 1840 5738 factum.

257 5737 452 5795 Tantus
478 5747 688 5795 cunctos
719 5756 810 5810 per
841 5737 1146 5812 lEgyptunt
1166 5737 1325 5797 terror
1358 5737 1556 5810 invasit,
1594 5737 1647 5795 ut
1684 5756 1842 5794 unum

2215 4425 2246 4455 Ε

2215 4425 2246 4455 ρ

1934 4429 1986 4476 ¹’
2011 4411 2435 4533 ἓἸΙῖΞιέῖοῗῗιίι
2469 4492 2538 4550 ex
2568 4492 2674 4544 quo
2704 4486 2919 4550 constat
2948 4489 3190 4533 sanctum
3209 4478 3526 4550 Gregorium

1859 4527 1914 4587 Ῑ)
1942 4554 1996 4606 iu
2027 4527 2262 4604 hami—liis
2293 4549 2458 4602 libros
2489 4527 2608 4600 illos
2636 4561 2815 4600 sacros
2840 4549 3245 4615 interpretatum
3276 4527 3419 4612 efse,
3451 4527 3522 4604 il:

1941 4619 2286 4678 lustravitnus
2340 4619 2390 4670 in
2448 4616 2853 4684 prmfationibus
2912 4631 3004 4670 seu
3065 4618 3524 4676 admonitionibus

1940 4690 2155 4759 praeviis
2194 4688 2258 4742 ad
2289 4685 2705 4742 commentarios
2753 4687 2807 4742 in
2831 4685 2926 4741 lib.
2947 4687 3178 4760 Regum,
3231 4689 3284 4745 in
3309 4690 3528 4748 Cantica

1941 4761 2295 4822 canticorum,
2327 4767 2433 4810 etc.

2017 4840 2038 4866 ε
2078 4828 2547 4901 Norm.,_'I‘uron.,
2584 4825 2716 4895 Reg.
2749 4833 2806 4881 et
2829 4827 2945 4894 alii,
2977 4826 3272 4901 Heptatiro,
3308 4830 3523 4901 legitur.

1945 4915 2047 4970 que.
2076 4900 2127 4952 in
2158 4908 2265 4952 vet.
2297 4895 2542 4970 Excusis.

2019 4968 2039 5009 ι
2079 4968 2480 5040 Reeent.,_ipse
2505 4983 2564 5020 ea
2613 4983 2705 5021 suo
2750 4979 2997 5040 sensuet
3036 4971 3190 5040 style.
3235 4969 3521 5040 Sequimur

1940 5041 2098 5104 Reg.,
2122 5039 2299 5105 Colb.,
2326 5038 2535 5103 Norm.,
2561 5046 2846 5108 utrumque
2874 5036 3102 5108 Rbem.,'
3119 5041 3312 5108 Vatic.,
3329 5036 3523 5109 Corb.,

1941 5111 2120 5171 Colb.,
2151 5120 2259 5163 etc.

2013 5191 2038 5228 ε
2078 5180 2180 5234 Seu
2206 5179 2367 5233 libros
2399 5177 2587 5232 Moral.
2614 5176 2669 5236 in
2689 5177 2792 5236 Job
2822 5187 2968 5236 torno
2997 5180 3018 5237 Ι
3044 5181 3359 5253 Gregorian.
3391 5196 3522 5252 0pc-

1939 5266 2056 5306 rum
2087 5258 2394 5306 contentos.

2011 5319 2038 5357 ιι
2082 5321 2155 5393 De
2185 5318 2587 5393 commentariis
2613 5317 2937 5393 inhpsalmos
2965 5322 3150 5393 paruit.
3184 5337 3238 5393 a4
3262 5323 3522 5393 Gregorio

1939 5389 2295 5456 elucubratis,
2324 5390 2546 5458 utvulgo
2561 5387 2815 5455 creditur,
2838 5390 2950 5445 haec
2970 5391 3190 5448 minime
3211 5387 3408 5449 debent
3431 5408 3522 5448 ac-

1941 5461 2070 5530 cipi,
2098 5467 2430 5532 cum‘postea
2450 5460 2633 5532 innuat
2659 5474 2717 5514 se
2739 5459 2966 5532 moleste
2997 5462 3138 5519 ferre
3159 5464 3299 5531 quod
3322 5464 3520 5532 scripta

1941 5529 2062 5595 sua,
2080 5530 2206 5584 dum
2230 5530 2345 5597 ipse
2365 5531 2590 5595 viveret,
2606 5529 2912 5586 hominibus
2927 5544 3110 5589 essent
3129 5529 3273 5589 nota.
3318 5529 3522 5588 Iudicat

1944 5600 2121 5673 itaque
2147 5599 2561 5673 commentarios
2587 5608 2678 5655 aut
2706 5601 2772 5658 ab
2809 5603 3141 5673 Augustino,
3170 5612 3265 5662 aut
3291 5604 3358 5661 ab
3391 5605 3521 5658 Arn-

1946 5671 2142 5736 bt'osio,
2175 5680 2300 5737 etc.,
2327 5671 2623 5740 evulgatos.
