4026 6368
503 390 637 445 1255

498 515 592 558 cor
621 500 742 571 quia
777 498 1062 569 prmdictus
1093 498 1255 554 frater
1281 506 1336 554 et
1360 497 1707 566 coepiscopo:
1739 509 1890 549 meus
1922 494 2080 548 Mari-

1711 383 1949 439 SA‘NCTI
1991 383 2314 439 GREGORII
2358 384 2565 440 MAGNI

3672 396 3693 444 I
3707 393 3816 448 236

2184 494 2255 548 ita
2299 494 2440 549 circa
2479 510 2600 550 eum
2649 495 2860 566 benigni
2903 498 3155 554 debemus
3193 501 3464 567 existere,
3501 512 3568 556 ut
3617 513 3808 558 tamen

496 557 688 646 nianns
713 590 1029 644 mendosum
1074 590 1318 644 codicem
1369 589 1580 641 habeat.
1612 585 1743 638 Nam
1778 587 1827 638 in
1877 585 2077 640 scrinio
2108 557 2148 613 Α
2184 582 2439 638 Ecclesia:
2470 585 2672 638 utilitas
2704 600 2807 640 non
2850 588 3089 655 laedatur,
3127 591 3225 644 hac
3264 591 3362 645 tibi
3410 596 3809 661 praeceptione

498 692 684 736 nostro
715 681 855 736 idem
889 682 1036 735 locus
1065 682 1220 735 aliter
1245 680 1470 733 habetur
1491 692 1647 746 quam
1684 676 1822 729 hunc
1853 675 1904 728 in
1930 674 2068 728 alio-

496 790 615 827 rum
665 773 950 827 Codicihns
997 788 1116 825 esse
1170 770 1430 838 Cognovi,
1465 779 1624 834 atque
1670 766 1787 819 ideo
1829 766 2076 820 eumdem

497 868 676 922 locum
707 867 928 922 relevari
961 865 1083 929 feci,
1115 873 1171 917 ut
1199 865 1336 918 sicut
1367 863 1416 915 in
1444 863 1639 915 scrinio
1664 869 1845 913 nostro
1872 869 1973 925 est,
2009 861 2075 912 ita

498 974 711 1030 quoque
733 960 870 1013 hunc
885 966 938 1012 et
963 957 1249 1025 smpefatus
1266 953 1428 1008 frater
1446 969 1593 1006 meus
1611 953 1821 1005 haheat.
1842 952 2078 1018 Quatuor

493 1052 637 1107 enim
669 1052 826 1106 verba
860 1060 1002 1115 sunt,
1036 1063 1153 1116 quae
1183 1048 1224 1100 si
1255 1045 1429 1100 eidem
1477 1045 1594 1097 luco
1643 1042 1930 1110 defuerint,
1967 1058 2073 1095 non

499 1141 764 1195 modicum
793 1148 1016 1209 possunt
1050 1138 1233 1190 lectori
1280 1134 1586 1202 scrupulum
1631 1148 1909 1202 generare.
1947 1133 2077 1186 Ilazc

492 1233 674 1285 omnia
705 1230 968 1285 subtiliter
993 1237 1046 1282 et
1084 1227 1332 1280 celeriter
1375 1239 1687 1292 exsequere.
1737 1224 1800 1277 Et
1840 1225 1883 1276 si
1932 1224 2075 1290 apud

495 1320 1000 1376 excellentissimum
1026 1317 1312 1372 exarchum
1344 1315 1478 1369 nihil
1514 1324 1681 1382 potes,
1711 1316 1794 1370 vel
1829 1315 1942 1369 hinc
1967 1331 2074 1368 non

496 1411 728 1466 videaris
751 1408 1049 1478 neglexisse
1077 1422 1195 1475 qua:
1226 1416 1402 1475 potes.

570 1505 647 1557 De
676 1504 791 1556 loco
818 1511 994 1555 autem
1029 1500 1204 1553 Albini
1250 1499 1375 1567 quid
1422 1498 1617 1560 dicam,
1657 1497 1724 1551 de
1773 1512 1876 1565 quo
1922 1497 2074 1551 nobis

496 1606 680 1666 aperte
707 1604 890 1650 contra
916 1595 1183 1664 justitiam
1216 1591 1610 1660 respondetur?
1655 1590 1730 1644 De
1759 1605 1866 1659 quo
1895 1602 2072 1645 tamen

492 1688 654 1741 debes
681 1685 973 1740 districtius
1003 1685 1262 1752 cogitare.

563 1778 828 1832 Praeterea
883 1784 1004 1829 ante
1048 1775 1375 1842 aliquantum
1432 1772 1684 1840 temporis
1732 1772 2073 1840 experientia:

492 1879 600 1922 tua:
626 1881 1054 1937 princeperamus
1086 1875 1143 1918 ut
1184 1866 1322 1932 apud
1374 1863 1853 1919 eminentissimum
1903 1861 2069 1914 filium

491 1967 732 2014 nostrum
764 1957 1068 2025 praefectum
1099 1964 1300 2026 ageret,
1327 1965 1588 2024 quatenus
1614 1969 1739 2008 cura
1775 1952 2068 2005 formarum

492 2049 754 2103 committi
816 2047 832 2086 ί
888 2051 1125 2117 Augusto
1176 2046 1474 2101 vicecomiti
1523 2044 1825 2108 debuisset,
1871 2057 1966 2110 pro
2005 2057 2072 2096 eo

495 2137 637 2205 quod
669 2138 888 2192 omnino
918 2137 1179 2191 δοιιὶι-ἱιιιε
1206 2145 1365 2204 atque
1393 2145 1640 2189 strenuus
1669 2135 1745 2188 vir
1767 2145 1868 2187 est.
1903 2133 1966 2185 Et
2000 2136 2070 2186 ita

499 2232 760 2284 hactenus
785 2229 1057 2297 distulisti,
1087 2236 1146 2282 ut
1177 2229 1329 2282 nobis
1359 2241 1456 2281 nec
1487 2226 1612 2296 quid
1647 2227 1822 2295 egeris
1869 2224 2068 2277 indica-

494 2332 603 2372 res.
635 2319 697 2372 Et
727 2318 847 2371 ideo
892 2319 1031 2386 apud
1081 2318 1326 2372 eumdem
1377 2315 1856 2370 eminentissimum
1907 2315 2071 2367 filium

498 2415 743 2461 nostrum
768 2407 852 2461 vel
875 2408 1032 2460 modo
1063 2409 1206 2460 omni
1237 2422 1395 2476 agere
1416 2407 1708 2460 intentione
1739 2406 1948 2470 festina,
1967 2401 1992 2440 ¹κ
2020 2412 2074 2457 ιιι

501 2503 685 2554 tormte
718 2501 970 2569 prmdicto
1009 2501 1310 2555 clarissimo
1340 2500 1456 2552 viro
1487 2514 1579 2566 per
1608 2500 1783 2552 omnia
1826 2497 2073 2551 ειιιιιιιιίι-

494 2603 694 2661 tantur,
723 2602 989 2662 quatenus
1036 2592 1396 2648 sollicitudine
1444 2607 1538 2646 sua
1601 2591 1933 2659 aliquatenus
1983 2606 2072 2644 eas

496 2685 670 2737 valeat
700 2683 1010 2737 reformare.
1044 2683 1173 2737 Nam
1205 2684 1283 2737 sic
1321 2682 1689 2750 despiciuntur
1717 2691 1877 2748 atque
1904 2681 2072 2749 negli-

496 2785 691 2843 guntur
714 2773 897 2830 forma)
922 2775 1072 2845 ipsae,
1098 2785 1154 2831 ut
1186 2777 1283 2828 nisi
1318 2775 1486 2842 major
1517 2774 1822 2828 sollicitudo
1878 2774 2071 2839 fuerit,

501 2869 636 2922 intra
668 2883 890 2938 paucum
933 2879 1140 2938 tempus
1166 2870 1384 2923 omnino
1408 2868 1720 2938 depereant.
1768 2867 1917 2923 Sicut
1946 2883 2075 2938 ergo

500 2960 640 3013 nosti
667 2974 824 3029 quam
851 2961 1153 3014 necessaria
1179 2975 1338 3015 causa
1368 2961 1438 3014 sit
1469 2970 1520 3013 et
1543 2960 1876 3028 generalitati
1901 2958 2071 3024 utilis,

496 3051 574 3104 sic
615 3050 938 3106 studendum
967 3052 1059 3106 tibi
1090 3060 1204 3119 est,
1236 3060 1296 3106 ut
1339 3053 1615 3121 prmdicto,
1640 3052 1777 3105 sicut
1817 3050 2070 3116 diximus,

497 3141 613 3196 viro
639 3141 656 3179 ι
689 3157 784 3211 pro
811 3158 906 3198 sua
941 3143 1299 3198 sollicitudine
1349 3142 1522 3197 modis
1550 3142 1800 3196 omnibus
1828 3141 2074 3195 commit-

498 3241 658 3290 tatur.
681 3243 720 3271 ω
754 3235 938 3290 Datum
968 3250 1150 3290 mense
1172 3236 1446 3299 Januario,
1481 3233 1774 3289 indictione
1805 3235 1856 3289 5.

890 3350 1097 3421 1197
1133 3348 1460 3403 EPISTULA
1500 3347 1662 3402 xxv.

900 3457 967 3496 AD
996 3457 1246 3496 ROIANUM
1287 3455 1651 3496 DEFENSOREH.

498 3530 621 3588 Non
645 3531 1290 3604 jungendos_matrimonio
1317 3546 1465 3604 extra
1492 3549 1714 3587 massam
1745 3535 1797 3586 in
1831 3551 1934 3604 qua
1964 3536 2070 3588 nati

781 3613 899 3658 sunt
929 3602 1073 3657 Petri
1099 3605 1377 3673 defensoris
1407 3603 1564 3671 ﬁlios.

568 3695 860 3764 Gregorius
886 3694 1131 3750 Romano
1160 3695 1449 3750 defensori.

572 3785 780 3851 Petrus,
813 3800 970 3854 quem
1003 3785 1339 3839 defensorem
1370 3783 1619 3849 fecimus,
1645 3783 1766 3852 quia
1798 3784 1866 3840 de
1894 3798 2068 3840 massa

490 3878 628 3947 juris
657 3878 912 3932 Ecclesia:
942 3886 1138 3932 nostra:
1181 3892 1298 3944 quze
1342 3875 1540 3930 Vitelas
1587 3875 1782 3929 dicitur
1811 3875 2070 3932 oriundus

493 3972 586 4037 sit,
611 3969 956 4037 experientiae
987 3977 1091 4022 tua:
1117 3967 1253 4022 bene
1283 3975 1364 4021 est
1393 3965 1685 4036 cognitum.
1711 3965 1777 4020 Et
1801 3966 1922 4022 ideo
1947 3969 2068 4038 quia

566 4104 584 4142 ί
631 4104 684 4157 In
724 4103 956 4166 Turon.,
1001 4104 1228 4173 Augusto
1264 4100 1470 4154 vicario.
1517 4100 1569 4152 In
1623 4099 1850 4173 Bhem.,
1883 4103 2060 4173 Augu-

490 4186 570 4229 sto
599 4175 736 4227 lmic.
769 4175 823 4228 In
858 4173 1029 4228 Yatic.
1064 4172 1104 4224 D
1130 4181 1184 4226 et
1215 4172 1286 4235 E,
1319 4172 1546 4241 Augusto
1594 4171 1704 4224 viro
1744 4171 2054 4227 clarissimo.

489 4246 547 4300 In
584 4244 750 4298 Vatic.
782 4245 838 4308 Β,
864 4243 1090 4314 Augusto
1113 4243 1307 4295 victori.
1333 4241 1514 4298 Secuti
1539 4256 1726 4296 sumus
1746 4241 2053 4310 Corb.,om-

487 4329 586 4383 nes
614 4315 796 4368 Norm.
829 4314 1111 4383 et-Anglic.

559 4382 584 4421 ι
623 4382 1012 4452 Conceptacnla
1059 4382 1248 4449 quibus
1296 4382 1638 4450 distinguitur
1676 4383 2049 4452 aquaeductus;

486 4454 650 4518 Gall.,
683 4456 755 4508 les
781 4455 991 4516 bassins,
1013 4455 1081 4507 les
1101 4454 1371 4506 réservoirs
1394 4455 1558 4518 d‘eau,
1604 4457 1674 4506 les
1695 4456 1923 4522 regards.
1949 4454 2052 4507 Ca-

485 4525 632 4579 nales
661 4525 926 4580 structiles
956 4533 1008 4577 et
1035 4525 1257 4586 arcuati,
1289 4525 1425 4591 apud
1459 4524 1777 4586 Vitruvium,
1806 4525 1894 4575 lib.
1921 4539 2012 4577 vm
2032 4565 2048 4588 ,

482 4609 535 4649 c.
560 4596 624 4660 'l,
653 4595 852 4650 Graecis
897 4593 1098 4663 δοχεῑα.
1137 4594 1386 4647 Sidonius
1416 4595 1592 4660 Apoll.
1614 4637 1627 4659 ,
1661 4593 1890 4646 Heroino
1921 4609 2046 4660 suo,

481 4667 642 4734 epist.
675 4666 708 4719 5
733 4665 823 4719 lib.
856 4679 871 4718 t
903 4683 917 4717 :
951 4663 1093 4717 Inter
1120 4663 1228 4716 lucc
1257 4673 1303 4716 et
1337 4665 1498 4730 patuit
1550 4664 1715 4716 Roma
1736 4664 2048 4734 conspectui,

479 4732 628 4805 cujus
654 4735 778 4788 mihi
805 4751 904 4788 non
929 4737 1093 4788 solum
1117 4735 1330 4803 formas,
1354 4750 1529 4805 verum,
1544 4735 1697 4785 etiam
1719 4732 2050 4805 naumachias

476 4804 683 4859 videbar
712 4815 1025 4875 epotaturus.
1045 4805 1167 4858 Erat
1188 4811 1367 4857 autem
1396 4804 1736 4869 magistratus
1756 4804 1845 4869 qui
1863 4817 2068 4875 curam

475 4873 770 4930 formarum
801 4874 1034 4943 gerebat,
1069 4875 1241 4927 dictus
1262 4888 1429 4943 comes
1456 4875 1754 4943 formarum,
1781 4873 2047 4943 utlegere

475 4953 565 4998 est.
594 4947 645 4999 in
679 4941 863 4998 n0tit'ia
891 4944 1120 5013 imperii,
1157 4951 1210 4997 et
1235 4942 1376 5010 apud
1399 4942 1802 5008 Cassiodorum,
1831 4941 1926 4996 lib.
1976 4957 2044 4995 vn

475 5013 711 5084 Variam,
743 5015 768 5083 §
796 5014 848 5068 6.
876 5013 1135 5068 Gusssnv.

550 5083 566 5121 ¹
616 5081 830 5147 Excusi,
883 5082 1266 5137 reluctantibus
1311 5081 1471 5147 Mss.,
1517 5099 1605 5150 per
1643 5081 2044 5136 sollicitudinem

470 5162 676 5208 tuam...
702 5155 1099 5209 committantur.

541 5233 580 5260 ιη
611 5225 733 5279 llate
765 5225 960 5277 habent
1006 5223 1111 5274 duo
1151 5220 1476 5283 Colhertini,
1522 5230 1574 5272 et
1618 5234 1756 5273 unus
1783 5235 1814 5273 e
1845 5219 2037 5286 Vatie.,

464 5293 576 5414 ἳςιὶ
595 5294 746 5349 initio
776 5294 1044 5364 epistolae.
1077 5291 1132 5346 In
1165 5291 1406 5360 Vulgatis
1440 5291 1628 5361 legitur
1653 5289 1840 5343 Datum
1868 5305 2039 5344 mense.

517 5376 544 5412 e
580 5379 626 5414 r.

517 5376 626 5416 eor.

539 5431 717 5485 Eprs'r.
749 5429 895 5488 XXV
919 5431 1027 5504 [AL
1055 5426 1168 5498 28].
1192 5439 1330 5504 —_V-i
1353 5429 1465 5504 Non
1493 5443 1584 5484 eos
1611 5429 1676 5504 de
1699 5427 1891 5504 quibus
1919 5431 2038 5504 agi-

463 5502 551 5568 lttr
580 5514 706 5552 vere
734 5499 938 5555 servos'
961 5502 1120 5554 fuisse
1154 5499 1507 5563 crediderim,
1549 5501 1642 5554 sed
1692 5508 1784 5551 aut
1828 5499 2038 5562 adonti-

461 5567 584 5637 lips,
616 5579 706 5619 aut
741 5569 908 5638 gleba:
943 5567 1205 5638 addictos,
1233 5584 1350 5635 qua:
1381 5570 1589 5636 species
1616 5578 1730 5621 erat
1761 5569 2036 5622 honestio-

466 5636 552 5709 εξξξ
583 5636 874 5689 servitutis.
931 5636 1261 5709 Jampridem
1309 5640 1459 5709 aiunt
1507 5638 1800 5709 ianalliis
1855 5640 2032 5709 nullos

455 5690 622 5774 fuisse
643 5690 1069 5774 servnspmprie'
1083 5699 1282 5774 dictos;
1303 5690 1520 5759 memini
1544 5690 1717 5759 tamen
1748 5722 1830 5759 me
1855 5690 2030 5774 legero

463 5767 512 5805 tt:
538 5767 914 5824 consuetudine
944 5767 1054 5822 sive
1087 5767 1202 5830 jure
1234 5775 1536 5840 municipali
1571 5775 1856 5845 Mcldensi,
1905 5767 2027 5844 pro-

2184 674 2531 738 tnandamus,
2581 685 2637 729 ut
2685 692 2802 729 eum
2857 679 3098 734 districte
3140 682 3344 735 debeas
3397 698 3802 745 commonere,

2183 773 2292 819 nell
2327 764 2463 818 filios
2491 780 2615 820 suos
2641 766 2878 835 quolibet
2904 769 3114 837 ingenio
3147 774 3228 824 vel
3259 771 3643 827 excusatione
3672 776 3804 828 toris

2183 858 2376 911 alicubi
2430 859 2479 911 in
2526 859 2769 928 coniugio
2811 864 3013 915 sociare
3045 877 3370 930 priesnmat,
3409 863 3442 903 ιι
3486 867 3592 919 sed
3643 868 3697 919 in
3740 883 3803 919 ea

2183 965 2380 1015 massa,
2409 952 2493 1004 cui
2532 952 2647 1020 lege
2687 961 2741 1007 et.
2774 955 3077 1008 conditione
3117 956 3261 1020 ligati
3303 965 3440 1009 sunt
3482 957 3799 1012 sociantur.

2182 1043 2236 1095 ln
2267 1059 2366 1111 qua
2399 1059 2456 1097 re
2486 1043 2648 1097 etiam
2692 1054 2745 1100 et
2784 1057 2923 1097 tuam
2968 1048 3184 1099 omnino
3219 1062 3459 1100 necesse
3505 1057 3598 1100 est
3635 1064 3801 1117 expe-

2181 1133 2428 1186 rientiam
2462 1149 2582 1188 esse
2611 1135 2925 1200 sollicitam,
2960 1145 3117 1204 atque
3160 1153 3254 1191 cos
3288 1146 3530 1200 terrere,
3572 1149 3634 1190 ut
3665 1154 3801 1205 qua-

2183 1224 2311 1279 libet
2341 1227 2624 1280 occasione
2655 1226 2721 1280 de
2753 1229 3090 1295 possessione
3134 1231 3216 1282 cui
3261 1232 3508 1285 oriundo
3553 1234 3798 1301 subjecti

2179 1329 2297 1371 sunt
2330 1321 2479 1373 exire
2508 1334 2611 1373 non
2637 1320 2888 1374 debeant.
2927 1321 3057 1374 Nam
3091 1323 3134 1376 si
3165 1324 3285 1390 quis
3317 1339 3521 1377 eorum
3559 1325 3796 1388 exinde,

2182 1411 2322 1477 quod
2359 1425 2463 1462 non
2495 1411 2783 1476 credimus,
2817 1411 2962 1466 exire
2993 1415 3420 1482 praesumpserit,
3454 1425 3683 1469 certum
3720 1416 3797 1470 illi

2180 1499 2249 1552 sit
2291 1499 2414 1567 quia
2463 1509 2644 1554 noster
2687 1516 2978 1555 consensus
3021 1519 3286 1570 nunquam
3334 1504 3410 1556 illi
3460 1505 3690 1566 aderit,
3741 1515 3798 1558 ut

2178 1590 2308 1645 foris
2338 1590 2402 1645 de
2427 1606 2604 1646 massa
2633 1593 2684 1646 in
2715 1608 2815 1660 qua
2847 1593 2955 1645 nati
2982 1603 3105 1646 sunt
3125 1601 3215 1646 aut
3248 1593 3510 1648 habitare
3543 1605 3645 1648 aut
3683 1596 3796 1649 de-

2179 1680 2337 1734 beant
2377 1683 2601 1744 sociari,
2642 1683 2736 1738 sed
2777 1692 2830 1738 et
2861 1693 2881 1721 τ
2925 1685 3244 1752 superscribi
3297 1695 3510 1739 terram
3567 1701 3790 1740 eorum.

2178 1771 2350 1839 Atque
2382 1780 2508 1826 tunc
2530 1773 2712 1827 sciatis
2741 1789 2834 1828 vos
2859 1790 2962 1827 non
2993 1774 3109 1828 leve
3134 1776 3436 1843 periculum
3470 1780 3785 1842 sustinere,

2178 1862 2222 1914 si
2257 1863 2407 1916 vobis
2439 1863 2831 1933 negligentibus
2874 1866 3152 1934 quisqttam
3193 1866 3442 1933 ipsorum
3478 1869 3789 1938 quidquam

2177 1951 2245 2006 de
2277 1952 2341 2006 iis
2371 1966 2490 2023 quze
2520 1955 2865 2024 prohibemus
2913 1955 3088 2012 facere
3125 1957 3370 2026 qualibet
3401 1968 3564 2014 sorte
3608 1969 3791 2015 tenta-

2177 2041 2332 2096 verit.

2677 2115 3004 2173 EPISTOLA
3048 2115 3234 2174 XXVI.

2435 2222 2499 2259 Αῐ)
2541 2222 2882 2261 ΜΑυΜΞΝΤΙυΙ
2920 2222 3217 2262 ιιΑοιετιιυιι
3259 2225 3516 2264 ιιιιιτωι.

2356 2294 2438 2348 Ne
2471 2298 2693 2351 dimissis
2723 2298 2860 2362 aliis,
2887 2297 3100 2352 Domitii
3126 2300 3294 2366 ﬁlium
3321 2303 3576 2354 retineat.

2252 2383 2545 2455 Gregorius
2574 2388 2867 2442 Maurentio
2895 2391 3148 2457 magistro
3179 2390 3436 2444 militum.

2251 2475 2408 2530 Pctiit
2456 2477 2716 2532 Domitius
2753 2478 2833 2532 vir
2865 2480 3196 2548 magnificus,
3234 2489 3293 2534 ut
3327 2488 3536 2535 vestrm
3581 2481 3780 2551 gloria:

2177 2567 2413 2622 scribere
2445 2569 2780 2634 deberemus,
2813 2580 3091 2638 quatenus,
3119 2571 3504 2640 navigantibus
3537 2572 3688 2638 aliis,
3720 2582 3777 2625 et

2180 2656 2291 2711 lilio
2318 2671 2415 2712 suo
2444 2659 2688 2713 similiter
2721 2670 2862 2713 esset
2892 2660 3099 2714 licentia
3128 2662 3442 2729 navigandi.
3471 2662 3539 2715 Et
3572 2678 3778 2728 quam-

2179 2749 2257 2802 vis
2280 2749 2344 2803 de
2369 2750 2533 2818 gloria
2567 2760 2736 2804 vestra
2761 2751 2892 2806 certi
2915 2768 3096 2806 sumus
3123 2754 3242 2820 quia
3275 2753 3409 2806 nihil
3442 2754 3592 2821 quod
3631 2753 3777 2805 indi-

2176 2848 2407 2895 scretum
2456 2850 2537 2895 est
2578 2842 2764 2907 faciat,
2797 2845 2890 2897 sed
2931 2844 3110 2896 omnia
3157 2843 3435 2912 sapienter
3487 2845 3773 2905 intendat;

2179 2934 2454 2988 hortamur
2477 2946 2652 2990 tamen
2675 2937 2794 2990 utsi
2826 2937 2915 2990 alii
2945 2937 3268 3001 relaxantur,
3303 2936 3398 2990 ille
3431 2951 3541 2989 non
3571 2938 3778 2990 debeat

2177 3026 2425 3092 retineri,
2451 3042 2518 3080 ne
2551 3027 2768 3086 forsitan
2800 3042 2905 3082 non
2934 3042 2996 3081 ex
3043 3030 3271 3092 ratione,
3303 3037 3328 3065 θ
3361 3029 3458 3082 sed
3493 3029 3611 3081 sola
3666 3029 3780 3079 fra-

2180 3129 2317 3174 trum
2373 3121 2647 3176 inimicitia
2700 3123 2914 3176 retineri
2965 3121 3226 3175 videatur.
3279 3122 3384 3175 Vos
3438 3131 3624 3176 tamen
3680 3122 3776 3188 qui

2180 3221 2479 3280 praesentes
2510 3213 2657 3278 estis,
2693 3213 2957 3280 aequitatis
2987 3213 3421 3266 consideratione
3453 3213 3773 3280 generalem

2104 3272 2148 3334 Ο
2179 3272 2336 3355 etiam
2367 3301 2648 3356 utilitatem
2692 3272 3050 3368 attendentes,
3094 3304 3283 3356 melius
3331 3272 3480 3371 quid“
3510 3302 3774 3370 expediat

2178 3394 2401 3464 potestis
2430 3394 2733 3449 advertere.

2671 3508 3000 3565 EPISTOLA
3041 3507 3252 3563 XXVII.

2531 3625 2598 3664 AD
2636 3625 2932 3672 QUERTINIIM
2973 3624 3392 3663 EII‘R.-EFLCTUH.

2181 3711 2284 3765 Cur
2313 3726 2405 3780 pro
2433 3710 2615 3766 Bonito
2636 3712 2951 3780 prazfectura:
2974 3711 3472 3832 adlministrationem
3497 3721 3774 3781 expetente

2787 3797 2935 3832 aaere
2965 3798 3028 3832 no
3055 3793 3112 3832 tt.

2787 3797 2935 3850 agere
2965 3793 3112 3836 nolit.

2247 3855 2534 3946 Gregoiius
2561 3875 2822 3944 Quertino
2849 3875 3190 3944 exprmfecto.

2249 3967 2594 4037 ‘Epistolam
2647 3967 2831 4039 gloria:
2873 3977 3066 4022 vestra:
3112 3967 3488 4035 suscepimus,
3541 3967 3598 4020 in
3657 3983 3768 4035 qua

2170 4106 2292 4159 bato
2321 4115 2374 4158 et
2405 4105 2550 4159 edito
2579 4119 2665 4158 an.
2702 4104 2858 4170 1509,
2893 4115 2994 4159 art.
3033 4106 3121 4169 78,
3165 4106 3336 4172 legem
3383 4118 3714 4175 sequentem
3750 4129 3764 4162 :

2174 4175 2419 4228 Homines
2471 4177 2771 4228 conditionis
2817 4191 2970 4229 serva:
3021 4193 3112 4229 nec
3160 4186 3374 4242 possunt
3422 4194 3512 4230 nec
3574 4180 3766 4232 debent

2167 4246 2354 4314 absque
2378 4246 2522 4297 venia
2557 4255 2603 4298 et
2641 4245 2963 4316 indulgentia
3009 4247 3266 4299 seniorum
3301 4263 3518 4299 suorum
3566 4264 3763 4303 uxores

2165 4316 2348 4367 ducere
2385 4316 2588 4376 liberas,
2615 4325 2704 4367 aut
2749 4316 2954 4368 alterius
3001 4333 3152 4385 quam
3198 4317 3301 4368 sint
3341 4326 3392 4368 et
3434 4319 3486 4370 in
3518 4334 3624 4385 qua
3655 4322 3763 4371 sint

2162 4385 2482 4438 conditionis.
2518 4385 2580 4438 Si
2619 4385 2741 4452 quid
2781 4394 2951 4438 autem
2997 4387 3050 4438 in
3098 4387 3416 4438 contrarium
3464 4396 3762 4441 attentare-

2158 4455 2280 4518 rint,
2308 4454 2684 4507 damnabuntur
2711 4457 2884 4508 multa:
2908 4471 3056 4522 quam
3076 4457 3228 4524 vulgo
3255 4456 3438 4508 dicunt
3467 4458 3534 4510 de
3572 4458 3656 4508 for
3690 4459 3762 4512 de

2163 4527 2418 4592 mariage,
2460 4542 2573 4587 qua:
2616 4525 2757 4578 cedet
2804 4525 2855 4576 in
2902 4542 3006 4577 rem
3051 4529 3306 4578 seniorum
3359 4542 3584 4593 quorum
3635 4541 3759 4578 sunt

2151 4595 2620 4660 servi.Exemplum
2640 4603 2742 4647 tam
2757 4595 2931 4648 simile
2949 4610 3105 4662 tritam
3122 4596 3201 4648 lac
3221 4596 3340 4649 lacti
3360 4607 3466 4658 est,
3487 4595 3594 4649 nisi
3610 4598 3758 4662 quod

2154 4663 2238 4733 hic
2270 4664 2431 4716 multa
2465 4666 2747 4733 irrogatur,
2779 4664 2891 4718 illic
2923 4675 3128 4718 terrore
3149 4666 3345 4733 agitur.
3398 4665 3678 4719 Gussnv.

2223 4732 2249 4770 ιι
2285 4734 2357 4787 De
2384 4732 2686 4803 original-iis
2730 4737 2844 4802 tege
2881 4743 2937 4787 et
2980 4732 3290 4788 conditiOne
3331 4735 3501 4790 alicui
3547 4750 3754 4792 massa:

2151 4803 2344 4872 ligatis,
2372 4818 2554 4870 supra,
2579 4805 2737 4870 epist.
2767 4806 2826 4858 zl
2866 4804 2956 4860 lib.
2986 4820 3054 4857 Iv.
3081 4805 3346 4858 Cussmv.

2224 4883 2247 4912 ο
2282 4874 2639 4944 ίΙιιιειριηεεοτ,
2665 4874 2788 4928 volo
2821 4875 2924 4927 illis
2954 4875 3200 4941 imperari
3231 4884 3587 4944 augmentum
3622 4893 3754 4944 pen-

2148 4943 2416 4996 sitationis
2447 4958 2657 4996 annum.
2700 4945 2895 4997 Eodem
2939 4944 3049 4998 fere
3089 4960 3252 4998 sensu
3307 4943 3515 5012 legistaa
3559 4943 3755 5002 dicunt

2146 5015 2568 5080 superindictum.
2608 5014 2782 5068 Dictat
2819 5015 3075 5076 creditor,
3108 5013 3297 5067 scribit
3325 5015 3568 5081 debitor,
3603 5028 3752 5071 terra

2146 5083 2426 5144 scribitur,
2455 5085 2664 5149 quando
2714 5093 2854 5137 tanta
2901 5084 3152 5138 mercede
3198 5085 3548 5146 conducitur.
3581 5102 3756 5152 super

2145 5153 2399 5206 scribitur
2420 5164 2575 5206 aucto
2599 5155 2792 5223 pretio.
2818 5152 3078 5206 Gussanr.
3116 5153 3171 5206 In
3204 5154 3415 5223 Remig.
3447 5169 3504 5210 et
3537 5157 3753 5212 Victor.

2145 5224 2232 5290 qni
2265 5224 2362 5275 soli
2395 5223 2547 5275 nobis
2576 5222 2834 5276 exhibent
2881 5223 3017 5275 hanc
3067 5224 3229 5291 epist.
3283 5222 3407 5278 cum
3459 5226 3642 5279 Vatic.
3678 5229 3756 5293 A,

2144 5293 2338 5360 legitur
2361 5302 2405 5362 et
2428 5293 2822 5362 superscriptam
2851 5301 3036 5345 terram
3061 5310 3257 5347 eorum.
3281 5294 3377 5348 Hic
3406 5299 3753 5362 superscribi

2145 5371 2340 5431 terram
2374 5361 2512 5414 idem
2535 5376 2664 5415 esse
2694 5361 3022 5431 videtur,4ac
3049 5363 3310 5431 appositis
3341 5361 3518 5419 titulis
3554 5366 3758 5421 Eccle-

2141 5430 2235 5483 sia:
2270 5431 2525 5484 Romana;
2556 5430 2879 5499 possessioni
2913 5429 3190 5496 vindicari,
3224 5435 3368 5500 quod
3403 5437 3573 5501 vulgo
3607 5438 3756 5491 dici-

2140 5515 2258 5571 mus
2284 5501 2387 5552 étre
2411 5501 2780 5571 reuniealsege
2812 5509 2991 5571 notam
3019 5502 3048 5554 b
3077 5503 3141 5556 ad
3172 5507 3329 5571 epist.
3365 5503 3436 5555 65
3470 5507 3571 5560 lib.
3608 5523 3652 5560 r.

2214 5570 2391 5650 Epls'r.
2618 5569 2723 5640 [ΑΙ.
2754 5569 2866 5634 ειη.
2890 5600 2960 5610 --
2986 5580 3012 5606 ³
3049 5568 3220 5627 Vatic.
3246 5576 3319 5638 A,
3355 5575 3446 5628 sed
3486 5578 3613 5629 sola
3663 5582 3754 5648 fa-

2138 5649 2276 5690 ctum
2311 5642 2611 5694 inimicitia.

2213 5709 2388 5761 firtsr.
2418 5708 2608 5781 XXVII
2638 5709 2742 5781 [Αζ.
2768 5707 2955 5779 50].-—-
2983 5719 3005 5745 °
3034 5712 3188 5766 Prius
3220 5713 3504 5781 legebatur
3537 5719 3758 5774 Gratia:

2135 5789 2331 5844 vestra,
2360 5779 2498 5846 quod
2529 5778 2854 5834 mutavimus
2895 5781 3008 5838 viso
3035 5783 3132 5838 Ms.
3160 5778 3481 5853 flemlgiano
3501 5828 3518 5855 ,
3557 5789 3617 5844 in
3645 5806 3760 5862 quo
