3956 6312
254 275 392 332 1257

937 269 1412 328 EPISTOLARUM
1454 269 1582 325 LIB.
1622 268 1736 324 XII.
1780 295 1847 308 -
1886 264 2132 322 INDIC'I’.
2177 268 2327 326 V.—
2367 269 2587 328 EPIST.
2623 272 2855 333 XXVIII.

3372 279 3509 334 I239

249 386 542 456 scripsistis
575 390 633 441 ut
659 397 754 454 pro
783 383 1018 454 glorioso
1047 382 1242 439 Bonito
1275 383 1384 436 ﬁlio
1406 390 1590 435 nostro
1617 379 1831 449 1198
1863 377 1914 437 A
1940 393 2034 432 nos
2075 379 2287 448 querela
2328 381 2684 452 pertingeret,
2716 384 2809 439 tibi
2834 385 2942 455 jam
2974 386 3170 444 factum
3213 398 3328 458 est,
3373 393 3514 447 sicut

251 472 770 546 agere'dcbeamus,
807 485 1068 545 quatenus
1109 477 1436 544 praefectum
1478 473 1550 526 illi
1597 470 1834 524 admini-

250 570 440 626 stratio
489 567 875 624 committatur.
918 567 1174 636 Equidem
1223 580 1320 619 nos
1367 563 1612 620 eumdem
1662 560 1831 614 lilium

252 667 496 714 nostrum
526 674 629 712 non
659 657 839 722 modo,
871 656 964 710 sed
1005 657 1156 710 multi
1203 663 1329 710 sunt
1356 655 1480 709 anni
1511 653 1650 724 quod
1683 651 1832 706 novi-

250 768 399 819 mus,
423 761 476 807 et
505 749 706 805 idcirco
729 761 1052 803 concurrere
1080 748 1155 802 illi
1181 762 1273 815 per
1299 745 1474 800 omnia
1500 744 1830 809 festinamus,

249 844 346 899 sed
373 858 477 896 non
507 844 567 895 in'
589 842 680 894 illa
715 856 771 895 re
801 840 868 895 de
899 855 1000 910 qua
1032 838 1416 892 amaritudines
1448 845 1629 905 posset
1651 843 1703 890 et
1734 834 1832 889 tri-

251 929 606 988 bnlationesb
640 945 939 986 assumere.
981 928 1113 982 Nam
1147 928 1539 983 administratio
1581 928 1692 994 ipsa
1741 927 1830 981 uni

251 1026 425 1094 priori
477 1024 643 1092 ipsius
683 1030 740 1076 et
782 1021 931 1075 alteri
972 1018 1164 1073 minori
1207 1019 1374 1085 ipsius
1413 1018 1592 1071 oblata
1622 1025 1736 1079 est,
1777 1023 1832 1070 et

255 1116 491 1168 miscere
521 1127 578 1166 se
607 1112 753 1166 nullo
786 1110 943 1164 modo
975 1108 1297 1173 voluerunt,
1339 1106 1570 1162 scientes
1613 1104 1830 1159 omnino

247 1221 415 1276 grave
463 1219 584 1260 esse
623 1213 675 1259 et
711 1203 1006 1272 praesertim
1045 1203 1147 1256 hoc
1181 1211 1453 1269 tempore,
1489 1199 1830 1253 administra-

250 1297 457 1351 tionem
489 1293 784 1360 susciperc.
817 1291 873 1346 Si
903 1306 1032 1360 ergo
1063 1291 1168 1345 illis
1207 1305 1368 1359 grave
1411 1287 1599 1354 fuerit,
1628 1297 1829 1354 quanto

250 1387 426 1455 magis
472 1384 556 1438 iSIi
597 1384 756 1438 debet
796 1397 916 1437 esse
949 1382 1198 1444 difﬁcile,
1229 1380 1320 1448 qui
1348 1379 1504 1434 nobis
1535 1380 1585 1431 in
1618 1378 1828 1430 actione

245 1477 371 1532 est?
404 1485 426 1513 ο
461 1475 689 1529 Additur
725 1473 846 1543 quia
896 1482 949 1528 et
990 1472 1172 1526 inutile
1204 1470 1377 1540 (Grai.
1413 1471 1535 1522 dist.
1569 1467 1658 1533 88,
1690 1484 1735 1520 c.
1769 1468 1824 1536 8)

247 1575 310 1623 et
339 1567 493 1621 valde
524 1565 848 1619 laboriosum
880 1572 963 1617 est
1005 1562 1273 1615 hominem
1321 1561 1610 1613 litteratum
1660 1556 1826 1610 ratio-

247 1661 513 1716 cininrum
563 1671 752 1712 causas
789 1670 1090 1720 assumere,
1130 1664 1184 1708 et
1226 1655 1278 1707 in
1309 1653 1386 1708 eis
1421 1667 1500 1714 se,
1533 1651 1672 1720 quod
1720 1663 1825 1703 non

1940 474 2019 528 eis
2065 477 2430 532 asserentibus
2476 477 2788 545 didicimus,
2845 481 3205 538 manifestum.
3261 486 3323 541 Et
3377 501 3511 555 quo-

1936 564 2077 619 niam
2109 567 2408 635 prazpositis
2439 568 2492 620 in
2521 567 2880 638 subjectorum
2915 587 3126 640 poenam
3154 575 3230 630 fas
3253 590 3374 631 esse
3402 592 3506 631 non

1935 654 2095 710 debet
2117 656 2403 724 smviendi,
2437 659 2633 712 Victori
2663 657 2812 714 fratri
2854 670 2905 715 et
2945 667 3263 735 coepiscopo
3303 678 3510 733 nostro,

1940 755 1961 784 ε
1992 746 2080 815 qui
2135 748 2392 817 primatus
2439 749 2577 804 inter
2625 765 2718 806 vos
2760 750 2935 806 locum
2988 761 3164 819 tenet,
3205 760 3512 812 curavimus

1934 839 2305 906 scribendum,
2341 849 2396 895 ut
2426 857 2530 896 una
2574 855 2694 896 cum
2744 850 2833 897 tua
2882 843 3211 902 fraternitate
3252 850 3340 903 vel
3388 866 3507 905 cum

1934 930 2052 984 aliis
2079 930 2334 988 fratribus
2376 941 2432 987 et
2455 933 2771 1004 coepiscopis
2812 937 3030 1002 nostris,
3070 951 3204 1006 quos
3250 939 3512 995 adhibere

1935 1023 2332 1090 prospexeritis,
2385 1023 2525 1079 inter
2557 1033 2906 1079 memoratum
2956 1026 3176 1082 fratrem
3227 1043 3509 1084 consacer-

1933 1111 2114 1165 dotem
2167 1123 2409 1168 nostrum
2458 1125 2510 1170 et
2557 1115 2814 1171 clerumd
2847 1118 3011 1186 ipsius
3059 1133 3275 1173 causam
3326 1121 3509 1175 subtili

1933 1201 2127 1256 debeat
2178 1205 2589 1276 investigatione
2637 1225 2977 1278 cognoscere.
3028 1213 3095 1267 Et
3140 1213 3263 1268 ideo
3289 1214 3510 1271 dilectio

1935 1303 2022 1345 tua
2062 1292 2338 1349 immineat
2366 1307 2527 1368 atque
2556 1301 2968 1360 sollicitudinem
2998 1314 3180 1374 gerat,
3212 1314 3269 1362 ut
3295 1322 3357 1363 ea
3387 1323 3509 1379 qum

1935 1383 2000 1437 ad
2034 1399 2131 1438 nos
2160 1388 2362 1456 perlata
2391 1399 2513 1444 sunt
2543 1393 2778 1449 inaudita
2807 1412 2911 1450 non
2949 1404 3257 1466 transeant,
3295 1402 3510 1471 1199

1934 1489 2001 1528 ne
2034 1476 2299 1532 discordia
2331 1480 2382 1534 in
2425 1479 2685 1549 Ecclesia,
2727 1485 2864 1540 unde
2905 1502 3229 1557 magnopere
3262 1491 3510 1559 pellenda

1933 1574 2038 1631 est,
2069 1570 2351 1624 nutriatur.
2387 1571 2452 1625 Et
2477 1574 2521 1626 si
2551 1575 2764 1643 quidem
2805 1586 2991 1632 contra
3031 1593 3152 1633 eum
3189 1580 3514 1636 clericorum

1935 1673 2150 1714 suorum
2180 1677 2306 1716 vera
2335 1667 2552 1733 qucrela
2581 1675 2695 1734 est,
2722 1668 2930 1737 culpam
2960 1684 3110 1725 suam
3133 1688 3292 1742 quam
3319 1682 3511 1743 sponte

249 1750 504 1820 θΧΡθάίιν
556 1747 817 1818 01⁵1⁵3³1⁸⁸·
883 1746 1054 1814 super
1095 1745 1208 1798 hinc
1250 1753 1425 1796 amem
1468 1757 1555 1796 ηε
1594 1741 1682 1834 Illa
1735 1752 1830 1792 “05
1867 1731 1907 1788 Β
1941 1757 1964 1785 θ
1991 1753 2276 1809 emendare
2299 1731 2563 1825 despexit,
2589 1758 2656 1812 ita
2683 1731 3054 1816 'Ecclesiastici
3081 1731 3281 1834 vigoris
3310 1731 3501 1821 delini-

248 1847 486 1902 revocat,
510 1838 632 1907 quia
666 1837 869 1890 nullum
894 1836 960 1890 de
991 1835 1089 1889 hac
1113 1835 1323 1888 actione
1357 1834 1493 1888 bene
1521 1831 1700 1885 exisse
1745 1844 1832 1884 re-

251 1930 508 1993 colimus,
530 1928 630 1982 nisi
653 1926 878 1996 gloriam
911 1933 1166 1989 vestram,
1193 1923 1258 1977 de
1281 1938 1381 1992 qua
1407 1920 1831 1989 omnipotentem

253 2020 540 2074 Dominum
573 2019 807 2088 petimus
842 2026 901 2070 ut
942 2031 1060 2070 eam
1093 2030 1259 2085 usque
1290 2015 1354 2069 ad
1387 2015 1544 2068 tinem
1582 2013 1829 2066 continua

247 2111 585 2181 protectione
617 2107 902 2164 custodiat.
941 2107 1007 2161 Et
1037 2107 1156 2161 ideo
1182 2107 1283 2160 hoc
1315 2103 1743 2168 considerantes,
1777 2101 1830 2155 in

248 2203 371 2273 ejus
402 2203 619 2258 laesione
650 2201 876 2255 miscere
910 2215 1006 2254 nos
1038 2199 1305 2252 nolumus.
1332 2195 1464 2249 Nam
1494 2194 1636 2264 quod
1669 2193 1830 2248 modo

245 2305 466 2365 putatur
512 2296 661 2362 utile,
699 2304 903 2349 certum
952 2302 1034 2347 est
1063 2291 1184 2362 quia
1226 2288 1566 2358 postmodum
1611 2286 1826 2355 plenum

251 2385 454 2440 laboris
483 2383 588 2439 erit
617 2394 775 2454 atque
804 2381 1092 2448 diSpendii.
1126 2380 1179 2434 Si
1210 2388 1390 2433 autem
1415 2377 1490 2432 sic
1512 2373 1831 2430 utilitatibus

242 2479 362 2533 suis
392 2477 613 2531 aestimat
646 2481 918 2543 Oportere,
950 2479 1006 2526 et
1040 2472 1151 2524 vult
1177 2483 1334 2539 agere
1364 2476 1423 2522 ut
1455 2467 1569 2520 haec
1596 2463 1828 2519 admini-

242 2570 439 2625 stratio
467 2568 566 2622 sibi
598 2565 985 2629 committatur,
1022 2577 1118 2616 nos
1162 2559 1415 2615 contrarii
1459 2572 1567 2611 non
1615 2567 1820 2619 sumus,

246 2659 346 2714 sed
373 2659 536 2713 etiam
567 2658 725 2712 modo
755 2657 944 2711 futuris
978 2649 1409 2708 tribulationibus
1437 2647 1603 2715 ipsius
1626 2645 1830 2700 condo-

247 2752 448 2816 Iemus,
484 2752 607 2821 quia
650 2751 774 2821 quid
808 2762 1057 2818 passurus
1095 2746 1198 2813 sit,
1231 2743 1475 2811 exemplo
1520 2739 1824 2812 prmceden-

247 2845 386 2898 tium
416 2857 519 2897 non
549 2844 838 2897 nescimus.

729 2929 1060 2986 EPISTOLA
1098 2927 1338 2984 XXVIII.

522 3041 589 3079 AD
627 3038 908 3079 COLUIIIIUM
950 3036 1236 3077 EPISCOPUM
1274 3032 1530 3073 NUHIDIE.

246 3117 597 3171 Coercendum
626 3115 903 3168 Paulinum
931 3105 1228 3176 antistitem,
1257 3110 1344 3180 qui

318 3187 588 3254 servierat,
626 3196 670 3240 et
713 3187 962 3254 sacrilega
1003 3177 1370 3236 nundinati’one
1409 3194 1582 3234 sacros
1622 3177 1826 3231 ordines

319 3248 588 3312 verudebai.

321 3350 614 3420 Gregorius
641 3350 888 3404 columbo
917 3349 1172 3417 episcopo
1198 3343 1479 3400 Numidiae.

321 3442 456 3510 Quia
490 3442 627 3496 bene
656 3441 786 3497 olim
826 3440 981 3495 nobis
1017 3448 1102 3494 est
1131 3437 1403 3506 cognitum
1442 3432 1825 3488 fraternitatem

247 3544 396 3589 tuam
428 3532 748 3588 sacerdotali
779 3530 1034 3600 gravitate
1069 3538 1123 3582 et
1153 3527 1268 3581 zelo
1313 3539 1432 3580 esse
1459 3522 1826 3579 ecclesiastico

243 3625 560 3679 decoratam
581 3665 594 3687 ,
632 3622 765 3676 satis
805 3629 1050 3689 Oportere
1081 3615 1454 3687 prospeximus
1481 3621 1535 3666 ut
1564 3612 1828 3666 interesse

243 3717 317 3772 ad
346 3717 719 3787 cognoscenda
744 3730 806 3768 ea
828 3728 946 3783 quae
971 3708 1324 3779 correptionis
1353 3705 1588 3775 indigent
1611 3703 1824 3765 debeat,

247 3824 345 3876 ne,
377 3810 421 3866 si
451 3809 647 3863 fuerint
670 3805 1097 3862 dissimulatione
1124 3800 1439 3874 postposita,
1471 3797 1673 3852 licitum
1705 3808 1827 3848 esse

243 3902 357 3957 sibi
381 3903 569 3957 credat
594 3901 820 3972 quisque
847 3899 990 3970 quod
1021 3905 1216 3967 potest.
1243 3894 1481 3962 Qualiter
1504 3899 1681 3945 autem
1710 3889 1822 3942 fra-

243 4003 388 4049 trem
421 4003 658 4049 nostrum
690 3994 1002 4059 Paulinum,
1035 4001 1059 4027 ο
1092 3990 1338 4062 Tegessis
1361 3984 1586 4041 civitatis
1613 3981 1822 4052 episco-

246 4100 376 4155 pum
399 4126 414 4151 ,
450 4085 626 4140 clerus
669 4099 817 4152 suus,
855 4084 940 4138 vel
984 4081 1037 4136 hi
1083 4081 1171 4152 qui
1212 4079 1266 4133 in
1304 4093 1459 4132 sacro
1487 4083 1610 4128 sunt
1639 4071 1825 4126 ordine

241 4182 547 4248 constituti,
567 4181 619 4235 in
642 4196 700 4235 se
730 4179 1045 4249 perhibeant
1072 4175 1100 4214 ι)
1130 4165 1821 4244 corporaliter,excessisse,

244 4272 436 4328 audire
466 4286 570 4327 non
601 4273 829 4342 indiges,
862 4271 1057 4342 quippe
1097 4269 1219 4340 quia
1261 4266 1571 4334 priusquam
1614 4259 1728 4312 hinc
1758 4254 1827 4309 ad

1937 1841 2081 1896 tione
2107 1855 2424 1913 cognoscat,
2459 1856 2516 1901 ut
2545 1858 2594 1901 et
2623 1849 2688 1904 de
2728 1854 2979 1919 przeeuti
3012 1857 3210 1909 sentiat
3253 1871 3408 1926 quam
3439 1857 3509 1912 sit

1933 1946 2092 1999 grave
2114 1934 2254 2002 quod
2278 1936 2418 2002 fecit,
2446 1947 2494 1991 et
2528 1938 2697 1993 discat
2726 1939 2792 1996 de
2823 1940 2998 1997 futuro
3023 1945 3094 1999 nil
3119 1960 3177 2000 se
3207 1947 3322 2016 plus
3351 1962 3511 2017 agere

1935 2036 2091 2090 posse
2115 2039 2271 2094 quam
2322 2026 2466 2081 licet.
2503 2027 2617 2082 Pra:
2656 2030 2902 2086 omnibus
2941 2034 3102 2105 igitur
3146 2037 3420 2091 hortamur
3450 2047 3508 2091 ut

1931 2115 2105 2169 zelum
2149 2133 2307 2185 quem
2349 2129 2566 2189 propter
2596 2121 2763 2179 Deum
2797 2124 2993 2184 habere
3033 2136 3085 2184 te
3135 2131 3380 2185 novimus
3420 2145 3509 2186 ar-

1931 2205 2146 2262 dentius
2177 2211 2393 2265 studeas
2426 2227 2696 2269 exercere.

2005 2318 2070 2373 Et
2096 2320 2212 2387 quia
2244 2335 2571 2379 memoratus
2616 2328 2779 2384 frater
2818 2342 3000 2388 neSter
3042 2332 3296 2391 Paulinus
3327 2337 3502 2390 eccle-

1930 2407 2174 2463 siasticos
2228 2413 2444 2468 ordines
2497 2431 2590 2484 per
2639 2420 2990 2477 simoniacam
3038 2425 3169 2478 dare
3213 2426 3502 2490 haeresim,

1931 2499 2071 2567 quod
2104 2502 2287 2558 audire
2328 2505 2476 2559 nefas
2506 2518 2614 2574 cst,
2663 2510 2884 2579 dicitur;
2929 2529 3036 2569 una
3070 2529 3190 2569 cum
3234 2516 3508 2571 antedicto

1931 2593 2155 2659 primate
2190 2596 2271 2650 vel
2303 2595 2424 2652 aliis
2451 2598 2699 2654 subtilius
2725 2601 2826 2657 hoc
2852 2615 2905 2658 et
2933 2619 3053 2658 cum
3086 2607 3231 2660 omni
3263 2607 3353 2661 tibi
3383 2607 3506 2660 dili-

1929 2687 2104 2751 gentia
2135 2686 2203 2740 sit
2233 2702 2374 2741 curae
2421 2691 2754 2760 perquirere.
2792 2694 2857 2748 Et
2904 2696 2949 2749 si
2999 2698 3101 2762 ita,
3150 2698 3290 2767 quod
3337 2698 3507 2762 absit,

1932 2776 2203 2830 inventum
2238 2777 2419 2847 fuerit,
2449 2783 2770 2840 studendum
2814 2797 2973 2855 atque
3015 2788 3277 2857 agendum
3325 2797 3408 2844 est
3451 2800 3508 2844 ut

1931 2879 1984 2925 et
2014 2888 2131 2927 eum
2160 2872 2249 2942 qui
2283 2873 2560 2940 pratmium
2582 2878 2843 2946 accipere,
2873 2890 2927 2933 et
2962 2894 3084 2934 eum
3117 2881 3207 2950 qui
3238 2881 3366 2935 dare
3397 2898 3504 2935 non

1936 2967 2152 3033 metuit,
2178 2968 2452 3022 canonica:
2502 2968 2718 3022 ultionis
2746 2971 3008 3022 sententia
3041 2971 3219 3036 feriat,
3246 2983 3511 3041 quatenus

1376 3059 1648 3162 gramm
1675 3122 1823 3159 suum
1853 3084 1898 3146 ρ
1938 3059 2124 3113 horum
2168 3059 2470 3114 emendatio
2503 3059 2790 3113 multorum
2837 3062 3008 3130 possit
3054 3076 3173 3117 esse
3213 3064 3507 3132 correptio.

1939 3151 2002 3204 Et
2034 3151 2334 3220 priusquam
2380 3151 2494 3206 haec
2539 3152 2687 3206 radix
2729 3153 3002 3209 mortifera
3061 3153 3079 3194 ί
3122 3157 3425 3224 coalescat,
3454 3166 3512 3216 et

1935 3245 2115 3312 plures
2145 3244 2444 3310 interimat,
2475 3245 2633 3299 totius
2661 3246 2873 3301 concilii
2924 3247 3238 3305 definitione
3280 3249 3506 3302 damne-

1938 3345 2040 3401 tur,
2074 3344 2131 3390 ut
2161 3336 2337 3391 nullus
2377 3353 2608 3405 unquam
2642 3353 2737 3407 pro
2775 3340 2960 3408 quovis
3006 3341 3194 3396 ordine
3237 3343 3506 3413 accipere,

1939 3431 2118 3487 nullus
2149 3431 2279 3486 dare
2306 3431 2506 3500 aliquid
2537 3433 2761 3500 audeat,
2787 3448 2884 3489 nec
2911 3434 3199 3505 quisquam
3219 3450 3286 3491 cx
3315 3437 3504 3505 gratia,

1936 3520 2030 3577 sed
2061 3530 2438 3591 promoveatur
2465 3535 2530 3576 ex
2563 3524 2753 3576 merito
2778 3564 2792 3586 ,
2823 3538 2890 3577 ne
2935 3531 2988 3577 et
3017 3523 3149 3578 ordo
3179 3522 3507 3578 ecclesiasti-

1934 3625 2028 3666 cus
2053 3612 2430 3681 confundatur,
2463 3621 2487 3661 ε
2522 3623 2574 3667 ct
2604 3614 2673 3667 sit
2705 3613 2944 3683 probitas
2970 3613 3091 3670 vitat
3116 3614 3427 3686 despectui,
3460 3614 3508 3668 si

1935 3702 2209 3771 praemium
2249 3703 2426 3758 meriti
2458 3705 2706 3776 indignus
2736 3706 3028 3775 acceperit.

2006 3793 2189 3847 ililaro
2218 3803 2395 3850 autem
2426 3795 2753 3850 cliartulario
2793 3808 2978 3851 nostro
3018 3796 3345 3867 iniunximus
3372 3806 3432 3850 ut
3459 3797 3506 3849 si

1933 3899 2093 3940 causa
2142 3887 2470 3955 poposcerit,
2519 3887 2808 3956 cognitioni
2850 3897 3046 3942 vestrae
3091 3888 3352 3943 interesse
3396 3901 3506 3940 non

1935 3989 2144 4033 renuat.
2185 3979 2420 4050 Si-ergo
2470 3981 2832 4035 necessarium
2883 3980 3077 4046 fuerit,
3122 3962 3318 4036 vestris
3357 3978 3504 4033 illum

1933 4069 2174 4140 apicibus
2230 4082 2288 4127 ut
2336 4071 2460 4126 illuc
2504 4073 2687 4128 venire
2733 4072 2924 4128 debeat
2973 4073 3130 4127 facite
3184 4071 3504 4134 certiorem,

1937 4172 2198 4231 quatenus
2224 4164 2381 4218 simul
2414 4180 2533 4219 cum
2576 4166 2693 4235 ipso
2743 4175 3031 4222 tractantes
3079 4167 3268 4222 melius
3316 4165 3503 4220 decer-

1939 4269 2068 4310 nere
2094 4269 2213 4325 quae
2239 4257 2520 4312 statuenda
2547 4267 2672 4313 sunt
2699 4257 2938 4314 debeatis
2967 4253 3015 4313 δ.
3050 4302 3068 4315 .

239 4435 364 4490 solo
393 4447 457 4487 ex
501 4433 623 4487 Mss.
671 4431 858 4485 Gallic.
902 4433 932 4483 ξι
978 4429 1129 4482 nobis
1160 4423 1474 4480 examinatis
1501 4426 1676 4475 exstat
1703 4415 1818 4467 haec
1847 4413 1899 4473 D
1923 4415 2202 4490 episcopos
2245 4419 2575 4475 Mauritania:
2615 4419 3152 4490 recenseturVictor
3187 4418 3462 4486 Regiensis
3488 4460 3506 4486 ,

238 4506 410 4575 epist.
455 4503 714 4556 Prmterea
761 4499 1073 4575 hoc_titulo_,
1101 4496 1264 4567 gratia
1304 4503 1498 4575 vestra.
1534 4501 1822 4575 numquam

239 4560 535 4641 corripellat
582 4580 796 4624 sanctus
843 4560 1133 4636 Gregorius
1179 4581 1272 4618 eos
1325 4563 1389 4617 ad
1432 4576 1566 4632 quos
1617 4560 1823 4616 scribit.

237 4646 385 4701 Infra
411 4642 637 4697 occurrit
666 4642 886 4710 gloriam
914 4648 1148 4693 vestram.

318 4724 345 4751 η
391 4713 597 4776 Remig.
630 4709 684 4766 et
712 4711 818 4766 San
851 4709 1014 4772 Vict,
1046 4711 1327 4760 incurrere.

317 4784 348 4823 ι)
393 4784 490 4838 Hic
519 4773 666 4835 locus
705 4798 732 4834 a
774 4781 1029 4835 Gratiano
1062 4781 1261 4831 relatus
1291 4774 1480 4844 probat
1519 4773 1685 4839 ipsius
1711 4787 1828 4827 aevo

236 4856 531 4924 epistolam
580 4855 714 4904 hanc
759 4853 897 4905 inter
944 4849 1302 4924 Gregorianas
1330 4844 1494 4924 fuisse
1523 4854 1825 4924 receptam,

237 4915 368 4981 licet
410 4925 462 4979 in
513 4923 849 4990 paucissimis
889 4915 1073 4974 exstet
1107 4919 1260 4978 Msa,
1305 4918 1442 4970 adeo
1489 4924 1548 4968 ut
1588 4917 1647 4990 in
1695 4915 1828 4970 solis

238 4997 485 5062 licmig.,
513 4984 722 5062 Victor.
754 5002 807 5045 et
843 4992 1004 5062 Vatic.
1038 4990 1112 5052 A,
1146 4989 1298 5062 nobis
1332 4984 1648 5062 occurrerit.

317 5055 500 5121 Eetsr.
534 5061 746 5116 xxvnt
777 5061 883 5131 [Αι.
913 5059 1218 5131 521,—ana
1247 5058 1482 5127 plerique
1500 5058 1624 5131 Mss.
1656 5055 1826 5131 Codd.

235 5139 460 5205 quidam
513 5127 938 5205 tamen_habent
978 5127 1221 5200 Tagesis,
1285 5139 1343 5183 ut
1385 5127 1830 5205 etnautiquiores

241 5199 412 5264 Editi.
470 5207 522 5258 In
571 5201 760 5257 notitia
830 5199 1068 5264 Africae,
1101 5210 1212 5253 tum
1261 5200 1397 5267 apud
1451 5199 1827 5263 Sirmondum,

240 5289 399 5333 tomo
429 5276 478 5342 I,-
507 5275 609 5329 col.
643 5271 769 5336 455,
822 5281 930 5325 tum
965 5271 1102 5340 apttd
1138 5268 1489 5342 Ruiuartum,
1525 5268 1830 5342 Ilist..__pe_r-

239 5357 418 5404 secut.
463 5337 714 5406 Vandal.,
748 5359 868 5411 pag.
906 5337 1028 5406 Εἰ,
1082 5342 1274 5407 legitur
1307 5337 1648 5411 Doiiinicolus
1679 5338 1826 5404 Tigi-

238 5421 475 5474 sitanus.
495 5410 1024 5476 llolstenius,’annot.
1042 5412 1094 5463 in
1110 5412 1300 5476 Geogr.
1321 5410 1556 5464 Sacram.
1571 5447 1585 5471 ,
1602 5423 1722 5477 pag.
1739 5411 1828 5474 0'9,

237 5489 358 5543 vult
410 5487 512 5555 legi
563 5484 845 5554 Tuggensis
903 5483 1008 5555 vel,
1047 5479 1350 5555 Tuccensis,
1387 5496 1429 5555 _a
1477 5478 1650 5555 Tucca
1700 5480 1830 5555 urbe

240 5560 444 5616 Africa:
465 5551 917 5617 'medit'e'rranea,
963 5553 1087 5606 olim
1131 5551 1450 5618 episcopali,
1493 5551 1594 5603 sub
1625 5553 1830 5606 archic-

239 5633 468 5698 piseopo
502 5625 932 5698 Carthaginem].
979 5625 1045 5698 In
1084 5623 1237 5698 Edit.
1279 5620 1455 5698 Varie.
1490 5620 1703 5698 legitur.
1729 5623 1828 5677 lie-

239 5691 432 5771 Qemis.
469 5699 532 5756 Et
562 5691 774 5767 quidem
807 5697 858 5751 in
888 5693 1082 5750 Notitia
1133 5694 1326 5748 Africa:
1360 5692 1642 5756 Ruinartii,
1690 5691 1828 5750 inter

1931 4499 1983 4566 ρ..
2022 4486 2231 4568 155,.et
2259 4491 2723 4568 intercpiscopos
2767 4489 3029 4568 Numidia}
3077 4490 3362 4568 [fortunius
3400 4490 3506 4544 Re-

1927 4560 2218 4628 gianensis,
2255 4576 2373 4628 pag.
2409 4561 2531 4615 128.
2567 4564 2635 4615 At
2664 4577 2784 4616 cum
2817 4562 2978 4614 nullis
3009 4561 3061 4614 in
3092 4561 3215 4615 Mss.
3244 4560 3505 4614 habeatur

1931 4627 2195 4701 Regensis,
2230 4627 2342 4701 sed:
2356 4641 2666 4686 constanter
2691 4631 2942 4701 Tegessis,
2985 4640 3076 4684 aut
3117 4630 3342 4701 Tegesis,
3375 4631 3501 4697 quid

1931 4697 2067 4773 ultra
2091 4699 2239 4766 juvat
2267 4699 2480 4773 ariolari
2513 4702 2579 4754 de
2611 4697 3029 4773 hujus'episcopi
3073 4697 3234 4757 sede?
3284 4700 3503 4754 Veteres

1931 4769 2070 4822 Editi
2101 4770 2472 4836 manuscriptis
2502 4771 2862 4825 consentiunt.

2002 4838 2029 4911 β
2071 4840 2140 4911 Id,
2170 4850 2286 4906 est,
2345 4842 2535 4894 saevire
2585 4842 2635 4893 in
2687 4841 2978 4911 subiectos.
3039 4843 3245 4897 Dictum
3308 4856 3500 4911 supra,

1931 4910 2083 4977 epist.
2116 4910 2179 4962 δῖ
2212 4913 2304 4966 lib.
2333 4926 2410 4975 Ill,
2442 4912 2623 4966 indict.
2661 4912 2747 4965 il.
2776 4910 3040 4966 Gussuv.

2005 4991 2026 5019 ε
2071 4982 2166 5035 llic
2215 4983 2265 5035 in
2318 4984 2546 5051 primatu
2587 4982 2846 5034 Numidia:
2892 4983 3154 5038 successit
3203 4982 3501 5047 Adeodatu,

1929 5065 2085 5134 quem
2119 5053 2223 5134 lib:
2248 5068 2326 5118 ιιι,
2354 5052 2537 5106 indict.
2559 5051 2615 5119 2,
2647 5052 2802 5122 epist.
2831 5052 2918 5118 49,
2951 5051 3177 5120 legimus
3200 5052 3357 5120 hujus
3390 5068 3501 5120 pro-

1932 5124 2118 5177 vincia:
2150 5124 2448 5186 primatem.

2002 5192 2027 5229 ἀ
2072 5195 2316 5275 liecent.,
2349 5198 2509 5264 ipsius
2535 5208 2691 5247 causa
2717 5191 2893 5247 subtili
2919 5194 3095 5247 debeat
3118 5193 3504 5261 investigatione

1931 5280 2187 5316 τοαηοδσι.

2029 5283 2187 5316 "OSCI.

1993 5283 2027 5372 gi
2067 5335 2265 5386 Omnes
2318 5335 2524 5396 Norm.,
2568 5349 2867 5403 cognoscere
2919 5334 3167 5402 despexit.
3225 5332 3393 5385 Vatic.
3442 5333 3502 5395 Β,

1933 5407 2183 5458 exsecrari
2213 5405 2458 5474 despexit.
2495 5406 2661 5458 Vatic.
2698 5404 2761 5467 F,
2793 5407 3117 5459 considerare
3146 5405 3398 5470 despexit.

2007 5474 2024 5513 ί
2069 5471 2654 5542 Εχοιιεὶ,”εοηυαιρδιαι.
2683 5474 2915 5544 Retnig.,
2941 5474 3276 5530 concalescat.
3309 5471 3498 5540 Sequi-

1933 5561 2050 5600 mur
2079 5547 2304 5610 Turou.,
2337 5546 2547 5612 Norm.,
2580 5555 2684 5597 ctc.

2004 5628 2027 5664 Β
2069 5619 2276 5676 Norm.,
2309 5628 2353 5670 et
2385 5619 2448 5668 sit
2479 5616 2685 5682 probata
2716 5616 2814 5667 vita
2845 5617 3120 5681 despectui.

2005 5696 2030 5733 ια
2073 5693 2127 5746 In
2158 5687 2363 5744 duobus
2392 5688 2629 5742 COIIJCrI.
2661 5696 2800 5752 vcl.,
2843 5698 2894 5743 ct
2943 5688 2994 5742 in
3043 5690 3258 5743 totidem
3293 5687 3508 5746 Vaticau
