3956 6302
495 319 629 371 1259

1002 447 1329 501 EPISTULA
1375 447 1565 501 XXIX.

915 585 981 622 AD
1018 583 1283 623 νητυῐιιειι
1325 583 1633 622 εριεεονωι.

495 689 564 746 [ἐ
609 689 820 745 Paulini
859 691 1053 744 swvitia
1081 692 1131 744 in
1164 693 1356 746 clerum
1386 701 1435 746 et
1463 691 1680 744 simonia
1721 690 1979 759 puniatur
2022 707 2082 743 ac

561 763 891 884 remigia/ur,
925 761 1198 815 concilium
1227 771 1403 833 cogat,
1434 763 1503 815 ad
1533 763 1584 816 id
1619 770 1818 826 vocato,
1861 762 1906 814 si
1950 775 2079 830 Opus

565 844 663 884 stt.
754 845 905 884 taro.

565 844 630 885 sit
649 873 663 896 ,
701 844 905 884 tltlaro.

567 952 862 1022 Gregorius
897 951 1095 1006 Victori
1126 957 1152 989 ⁸
1183 952 1459 1023 episcopo.

567 1066 784 1133 Quanto
815 1065 1014 1118 laetitia:
1054 1063 1209 1118 nobis
1253 1073 1336 1118 est
1381 1065 1570 1119 fratres
1617 1072 1834 1120 nostros
1883 1079 2081 1134 cogno-

505 1171 656 1210 scere
681 1171 803 1223 erga
835 1156 970 1208 filios
991 1169 1115 1208 suos
1139 1162 1355 1222 paterna
1386 1153 1651 1209 cbaritate
1679 1155 1932 1210 decenter
1960 1170 2080 1208 esse

502 1247 787 1311 sollicitos,
820 1256 965 1298 tanto
996 1244 1231 1298 tristitia:
1263 1243 1582 1314 deputamus
1626 1246 1839 1315 quando
1877 1259 1970 1299 eos
2013 1245 2082 1298 ab

502 1339 705 1392 illicitis
746 1352 843 1392 nec
882 1338 1105 1391 aliorum
1151 1335 1373 1392 fratrum
1405 1339 1737 1404 reverentia,
1769 1352 1867 1391 nec
1893 1352 2078 1391 sacer-

498 1430 628 1482 dotil
654 1429 916 1498 praevalet
941 1428 1301 1502 consideratio
1329 1429 1540 1498 1200
1561 1439 1882 1497 temperare.
1908 1428 2078 1494 Quam

499 1522 659 1589 igitur
701 1521 878 1590 gravis
925 1529 981 1574 et
1024 1535 1213 1588 aspera
1259 1520 1517 1575 adversus
1563 1523 1780 1574 fratrem
1839 1528 2081 1574 nostrum

501 1615 811 1678 Paulinum,
858 1614 1112 1682 Tegessis
1153 1613 1387 1668 civitatis
1421 1614 1728 1682 episc0pum
1760 1613 2080 1668 clericorum

499 1705 618 1773 ejus
649 1705 731 1759 vel
762 1721 949 1760 eorum
995 1705 1083 1774 qui
1127 1704 1181 1758 in
1222 1718 1378 1757 sacro
1425 1713 1550 1758 sunt
1593 1704 1782 1759 ordine
1831 1704 1988 1773 positi
2013 1705 2084 1760 sit

500 1799 754 1866 querela,
786 1799 1107 1854 fraternitati
1148 1808 1251 1852 tuae
1292 1797 1497 1866 liquere
1542 1813 1648 1853 non
1693 1798 1908 1853 dubium
1963 1807 2080 1862 est,
2120 1787 2160 1844 Β

501 1891 623 1956 quia
654 1891 823 1945 latere
854 1899 906 1946 te
933 1890 986 1944 in
1019 1890 1199 1944 vicino
1227 1905 1332 1945 nou
1365 1891 1539 1960 potuit
1583 1891 1724 1960 quod
1769 1889 1836 1944 ad
1879 1905 1977 1946 nos
2027 1892 2080 1947 in

505 1981 799 2050 longinquo
850 1981 1118 2050 pervenit.
1171 1979 1237 2034 Et
1281 1981 1532 2050 quoniam
1587 1980 1741 2036 valde
1782 1981 2080 2038 cavendum

502 2081 585 2126 est
614 2087 680 2126 ne
712 2072 814 2126 hoc
840 2072 979 2142 quod
1009 2087 1130 2128 eum
1178 2071 1370 2126 frustra
1408 2073 1460 2125 in
1495 2086 1555 2129 se
1590 2074 1859 2142 corporali
1889 2073 2083 2143 injuria

505 2171 804 2231 queruntur
846 2164 1136 2228 excedere,
1168 2173 1259 2218 aut
1288 2163 1434 2218 licite
1468 2174 1846 2233 praesumetur,
1877 2174 1967 2219 aut
1996 2166 2088 2220 fiat

503 2255 930 2310 dissimulatione
950 2254 1214 2321 deterius,
1237 2256 1317 2310 sic
1343 2256 1611 2311 manifesti
1642 2272 1898 2312 excessus
1927 2272 2087 2311 cano-

505 2349 623 2400 nica
651 2360 864 2416 semper
894 2349 1266 2403 moderatione
1297 2349 1574 2418 premendi
1604 2361 1748 2416 sunt,
1780 2361 1836 2404 ut
1867 2365 1968 2403 una
2000 2366 2086 2406 res

509 2449 565 2492 et
592 2442 985 2508 prmtcritorum
1015 2442 1306 2508 correptio,
1332 2451 1385 2495 et
1405 2452 1526 2496 esse
1547 2444 1718 2511 possit
1742 2442 1926 2513 regula
1954 2443 2090 2498 futu-

507 2543 713 2583 rorum.
764 2528 994 2584 Proinde
1044 2530 1202 2584 simul
1250 2546 1370 2585 cum
1420 2532 1771 2588 dilectissimo
1817 2536 2087 2590 communi

508 2620 672 2674 fratre
736 2619 1000 2676 Columbo
1071 2621 1360 2692 episcopo,
1412 2623 1496 2687 vel
1550 2624 1669 2680 aliis
1720 2627 2088 2684 sacerdotibus

507 2720 640 2778 quos
671 2710 1052 2778 prtevideritis,
1088 2713 1228 2766 inter
1255 2713 1676 2783 suprascriptum
1719 2714 1940 2771 fratrem
1987 2731 2087 2772 no-

507 2807 676 2852 strum
701 2805 754 2854 et
783 2801 1007 2856 clericos
1036 2801 1204 2873 ipsius
1225 2819 1440 2858 causam
1472 2804 1655 2861 subtili
1679 2807 2089 2878 investigatione

512 2893 694 2948 rimari
731 2901 783 2948 te
809 2897 1082 2950 cOnveuit.
1116 2895 1180 2951 Et
1208 2897 1252 2951 si
1284 2897 1702 2968 supplicantium
1743 2901 1960 2970 querela
1992 2915 2086 2956 ve-

513 2981 670 3037 ritate
709 2985 982 3050 subsistit,
1011 2986 1081 3039 ita
1114 2985 1215 3040 hoc
1244 2987 1481 3056 regulari
1511 2987 1888 3045 emendatione
1915 2989 2087 3045 corri-

515 3074 642 3142 gite,
675 3085 734 3129 ut
781 3085 834 3130 et
873 3091 1030 3144 quam
1072 3077 1140 3131 sit
1169 3079 1367 3132 malum
1397 3080 1539 3148 quod
1568 3078 1693 3135 fecit
1721 3093 2005 3151 agnoscat,
2037 3090 2091 3138 et

511 3161 672 3216 officii
700 3164 782 3217 sui
813 3164 1070 3219 terminos
1098 3165 1269 3220 discat
1301 3166 1367 3221 de
1396 3175 1594 3222 cartero
1635 3183 1743 3222 non
1783 3170 1948 3224 exire.
1983 3172 2091 3225 Nec
2115 3157 2164 3221 ο

507 3257 614 3311 loci
659 3258 732 3312 tui
754 3299 769 3322 ,
810 3257 949 3313 sicut
977 3256 1192 3324 dicitur,
1218 3259 1286 3313 ab
1311 3274 1376 3314 eo
1403 3261 1652 3331 postponi
1697 3263 1941 3318 ordinem
1998 3281 2090 3334 pa-

509 3348 683 3415 tiaris,
716 3364 783 3403 ne
814 3346 890 3403 illi
920 3349 1203 3418 deSpectus
1234 3363 1364 3404 suus
1405 3349 1472 3404 ad
1518 3351 1846 3421 periculum,
1869 3345 1949 3410 "et
1992 3355 2090 3411 tibi

509 3437 605 3491 ﬁat
631 3437 697 3493 ad
727 3439 960 3508 culpam.
982 3435 1010 3474 ι’
1038 3437 1172 3493 Nam
1212 3439 1279 3494 ad
1328 3453 1613 3509 personam
1657 3443 1713 3497 in
1761 3443 1925 3513 priori
1952 3443 2092 3500 'loco

513 3532 742 3600 positam
775 3532 998 3601 respicit
1023 3533 1278 3604 quidquid
1303 3548 1333 3588 a
1362 3535 1558 3592 minori
1581 3537 1956 3607 committitur,
1990 3541 2090 3598 nisi

515 3623 744 3678 Sollicito
771 3625 1089 3694 corrigatur.
1126 3611 1137 3620 ’

586 3737 722 3791 Illud
752 3746 930 3793 autem
960 3738 1100 3808 quod
1135 3739 1273 3794 idem
1305 3737 1471 3797 frater
1498 3751 1680 3802 noster
1709 3745 1962 3803 Paulinus
2003 3763 2092 3803 ec-

511 3830 844 3885 clesiasticos
889 3830 1107 3886 ordines
1159 3832 1288 3886 dare
1336 3833 1436 3886 sub
1483 3835 1707 3903 praemio
1755 3840 2086 3908 perhibetur,

511 3920 763 3976 subtilius
801 3934 831 3973 a
874 3920 1030 3974 vobis
1074 3929 1129 3974 et
1180 3921 1399 3976 omnino
1450 3923 1697 3980 districte
1745 3929 2089 3994 quaerendum

512 4020 616 4066 est.
650 4011 714 4064 Et
749 4013 794 4066 si
825 4011 918 4075 ita,
941 4010 1082 4081 quod
1126 4025 1234 4066 non
1265 4022 1530 4081 optamus,
1561 4029 1682 4072 esse
1710 4020 1983 4086 claruerit,
2014 4022 2093 4078 sic

514 4103 582 4157 ad
613 4103 977 4158 ulciscendum
1023 4103 1124 4158 hoc
1176 4114 1352 4159 vester
1379 4120 1440 4161 se
1470 4116 1691 4177 propter
1728 4108 1894 4164 Deum
1946 4112 2094 4168 zelus

515 4192 800 4258 accendat,
836 4201 974 4249 utet
1014 4194 1284 4249 ordinanti
1338 4197 1560 4252 avaritia
1611 4213 1704 4253 sua
1749 4211 2093 4258 convertatur

516 4286 582 4340 ad
612 4300 859 4355 poenam,
893 4295 948 4342 et
986 4287 1170 4341 illicita
1198 4286 1467 4344 ordinatio
1506 4289 1700 4345 effectu
1729 4306 1937 4362 carens,
1974 4309 2091 4350 am-

517 4379 735 4435 bitionis
764 4395 876 4435 suae
904 4380 1172 4437 desiderio
1203 4398 1318 4440 non,
1339 4382 1567 4438 fruatur.
1599 4384 1654 4438 In
1683 4400 1786 4454 qua
1815 4401 1876 4441 re
1912 4385 2092 4442 horta-

515 4488 636 4526 mur
663 4487 758 4527 vos
782 4483 940 4544 atque
964 4489 1073 4543 pra:
1099 4475 1346 4530 omnibus
1373 4476 1749 4541 admonemus,
1779 4485 1840 4531 ut
1869 4477 1939 4532 ita
1980 4479 2088 4534 fra-

516 4564 742 4619 ternitas
771 4575 951 4619 vestra
976 4565 1185 4621 studeat
1213 4581 1334 4623 esse
1360 4568 1608 4636 sollicita,
1632 4576 1892 4638 quatenus
1922 4572 2090 4638 prius-
2119 4544 2172 4606 Ῑ)

516 4670 674 4725 quam
707 4657 863 4712 unius
903 4659 1035 4712 vitio
1066 4659 1377 4715 simoniacaa
1409 4660 1519 4715 illlc
1545 4660 1816 4717 haereseos
1856 4663 2088 4731 nequitia

516 4748 874 4817 convalescat,
908 4751 1188 4806 sententia:
1229 4759 1425 4807 vestrae
1463 4751 1602 4808 falce
1643 4754 1783 4808 facto
1812 4767 1878 4807 ex
1925 4769 2090 4822 opere

513 4935 614 4998 n’s,
657 4932 862 4988 scilicet
915 4931 966 4986 in
1016 4931 1185 4986 Codd.
1227 4932 1268 4986 Β
1323 4940 1377 4985 et
1421 4931 1497 4994 E,
1540 4930 1731 4998 legitur
1760 4931 1814 4985 in
1845 4934 2086 4998 epistola:

514 5004 695 5060 limine
726 5005 976 5068 scriptam
1007 5019 1124 5055 eam
1165 5018 1285 5056 esse
1313 5018 1480 5055 mense
1506 5001 1716 5067 Martio,
1745 5003 1924 5054 indict.
1956 5005 2011 5057 5.

586 5076 768 5128 Εριετ.
805 5072 973 5126 XXIX
1006 5071 1110 5142 [ᾹΙ.
1140 5069 1250 5142 55].
1273 5099 1345 5112 ——
1371 5080 1394 5142 ξι
1425 5071 1482 5142 'l_n
1511 5079 1713 5125 recent.
1749 5080 1950 5127 temere
1988 5075 2087 5128 ad-

419 5129 432 5136 .
510 5145 678 5199 ditum
709 5153 791 5199 est
824 5129 1384 5210 Panorinitunofquod
1438 5140 1466 5194 a
1510 5142 1634 5195 Mss.
1688 5149 1742 5194 et
1772 5155 1802 5194 a
1833 5150 1940 5195 vet.
1983 5144 2084 5200 Ed.

511 5214 687 5269 abest.
726 5214 907 5267 Errori
936 5225 1120 5266 crasso
1149 5212 1372 5279 praebuit
1404 5212 1762 5272 occasionem,
1797 5220 1909 5265 tum
1942 5215 2082 5280 quod

514 5285 756 5352 plurimm
797 5285 965 5338 sancti
1009 5282 1254 5352 Gregorii
1299 5282 1538 5351 epistola:
1569 5289 1782 5336 exstent
1809 5283 1875 5334 ad
1907 5282 2085 5339 Victo-

517 5367 627 5406 rem
658 5351 1091 5407 Panormitanum
1109 5351 1138 5414 ,ί
1157 5363 1266 5408 tum
1304 5352 1446 5422 quod
1473 5361 1811 5406 autumarent
1841 5352 2088 5408 Editores

515 5422 802 5494 legendum
827 5425 1072 5494 essehoc
1100 5423 1151 5477 in
1184 5421 1407 5493 epistola
1430 5431 1485 5477 ct
1515 5424 1566 5478 in
1594 5421 1858 5491 superiori
1890 5423 2090 5494 Regen-

514 5491 604 5564 Ψ,
633 5506 738 5564 non
760 5489 1257 5564 Tegessisgcivitatii.
1309 5494 1440 5548 Hinc
1469 5489 1675 5561 opinati
1694 5502 1818 5564 sunt
1846 5489 2086 5548 sanctum

518 5555 1100 5635 Gregorium'potuisse
1129 5578 1404 5635 accersere
1431 5578 1462 5618 e
1489 5555 1850 5635 vicinains'ula
1882 5565 2092 5635 episco-

518 5643 641 5701 pum
663 5631 734 5701 ad
764 5630 1154 5701 correctionem
1190 5634 1463 5701 Regicnsis
1490 5633 1767 5687 antistitis.
1897 5685 1904 5694 ,

592 5697 620 5739 δ
657 5700 804 5758 lianc
836 5700 1158 5758 sententiam
1187 5716 1251 5759 ex
1269 5697 1460 5771 'regula
1494 5705 1662 5759 sancti
1698 5703 1967 5760 Benedicti
1997 5719 2090 5761 ex-

1702 307 1943 364 SANCTI
1987 297 2309 358 GREGOIHI
2352 298 2566 354 MAG)”

2112 411 2162 475 Α
2189 413 2414 468 concilio
2444 413 2695 469 radicitus
2732 421 3060 484 amputetur.
3093 412 3225 469 Nam
3268 413 3514 485 quisquis
3557 415 3627 468 ad
3672 416 3782 470 hoc

3635 296 3782 354 mo

2188 509 2393 562 facinus
2421 506 2812 562 emendandum
2844 508 3008 562 officii
3031 508 3112 562 sui
3142 510 3576 564 consideratione
3605 509 3783 564 vehe-

2186 611 2394 658 menter
2419 615 2440 641 ε
2468 616 2572 655 non
2599 602 2814 668 arserit,
2838 616 2959 656 cum
2990 603 3106 669 ipso
3125 617 3184 657 se
3202 617 3310 657 non
3333 601 3542 658 dubitet
3569 602 3782 656 habere

2186 695 2516 760 rortionem,
2563 708 2591 746 a
2639 709 2745 761 quo
2800 694 2947 762 prius
2975 690 3000 730 δ
3033 694 3134 748 hoc
3184 693 3458 762 peculiare
3509 693 3779 763 flagitium

2184 785 2410 852 sumpsit
2435 784 2740 838 exordium.
2773 783 2840 837 Et
2861 783 3003 847 ideo,
3037 785 3174 838 sicut
3199 784 3459 847 diximus,
3487 783 3618 837 hinc
3645 784 3779 852 vigi-

2186 874 2360 928 lantcr
2412 884 2572 942 atque
2628 873 2870 928 studiose
2921 873 3185 943 agendum
3247 883 3329 928 est
3377 884 3436 927 ut
3484 873 3778 928 concilium

2186 974 2456 1028 vestrum,
2499 964 2638 1031 quod
2687 979 2826 1017 nunc
2873 979 3043 1033 usque
3082 964 3200 1018 sine
3249 963 3558 1033 huiusmodi
3616 980 3782 1032 prava

2183 1059 2453 1127 Opinione,
2490 1056 2600 1110 Deo
2649 1056 3013 1121 custodiente,
3066 1066 3344 1110 servatum
3388 1066 3510 1122 est,
3560 1057 3781 1126 1201

2187 1148 2345 1217 hujus
2376 1149 2599 1204 sceleris
2640 1164 2846 1204 venena
2882 1164 2980 1203 nec
3011 1147 3254 1220 polluere
3283 1149 3490 1217 possint
3519 1161 3625 1203 nec
3664 1162 3788 1214 per-

2185 1241 2335 1296 dere.

2256 1353 2522 1408 Praeterea
2551 1352 2732 1408 liilaro
2748 1351 3073 1408 chartulario
3095 1361 3277 1406 nostro
3304 1350 3673 1419 pracepimus
3698 1360 3757 1403 ut
3775 1395 3788 1415 ,

2187 1445 2230 1499 si
2256 1460 2341 1500 res
2365 1447 2621 1516 exegerit,
2645 1446 2903 1500 interesse
2918 1446 3194 1500 vobiscum
3212 1459 3316 1498 non
3338 1445 3570 1499 differat.
3595 1443 3784 1510 Unde,

2186 1537 2230 1589 si
2261 1550 2482 1591 necesse
2508 1533 2691 1603 fuerit,
2729 1537 2921 1590 vestris
2948 1536 3024 1590 illi
3055 1545 3113 1590 ut
3133 1537 3197 1590 ad
3226 1549 3320 1590 vos
3354 1536 3540 1590 venire
3579 1535 3784 1589 debeat

2186 1625 2428 1693 epistolis
2457 1626 2709 1693 indicate,
2741 1633 3004 1696 quatenus
3051 1625 3166 1680 inec
3205 1625 3382 1680 omnia
3420 1639 3528 1678 una
3559 1640 3691 1680 cum
3722 1640 3786 1678 eo

2187 1717 2474 1773 salubriter
2499 1717 2606 1774 Deo
2638 1717 2854 1788 possitis
2889 1718 3181 1787 adjuvante
3213 1717 3488 1773 dirimere.

2707 1860 3043 1918 EPISTULA
3077 1861 3246 1916 XXX.

2347 2003 2415 2042 AD
2453 2000 2863 2041 CONSTANTINUM
2901 1999 3268 2040 ECODRITANU“
3305 2001 3617 2042 EPISCOPUI.

2191 2104 2342 2171 Quod
2373 2104 2424 2156 in
2465 2104 2689 2174 sequenti
2717 2103 2784 2156 ad
2811 2101 3062 2157 Joannem
3093 2103 3310 2171 epistola
3334 2104 3578 2158 adversus
3627 2107 3793 2161 Pauli

2258 2176 2510 2244 ﬂagitium
2554 2175 2793 2227 statuitur
2843 2183 3146 2244 exsequatur
3194 2181 3337 2240 ipse,
3373 2176 3418 2228 si
3457 2187 3662 2244 potest;
3701 2177 3786 2231 sin

2260 2243 2394 2311 vero,
2424 2243 2614 2298 Joanni
2646 2254 2696 2297 ut
2722 2245 2774 2296 id
2797 2243 3101 2311 exsequatur
3126 2246 3297 2298 instet.

2261 2364 2546 2434 Gregorius
2570 2373 2595 2402 ⁸
2624 2364 2975 2421 Constantino
3002 2365 3255 2434 episcopo
3289 2364 3631 2422 Scodritauo.

2263 2483 2391 2549 Quae
2422 2482 2799 2538 dilectissimus
2829 2483 2986 2538 nobis
3022 2483 3160 2537 lator
3190 2483 3532 2553 praesentium
3581 2483 3786 2539 Neme-

2191 2572 2310 2630 sion
2343 2572 2514 2645 (Grat.
2543 2575 2601 2641 Ξ,
2634 2589 2686 2642 q.
2719 2576 2752 2628 7
2777 2615 2792 2643 ,
2821 2590 2868 2630 c.
2899 2572 3022 2644 44),
3052 2575 3144 2643 qui
3177 2588 3237 2628 se
3279 2573 3408 2628 dicit
3455 2575 3788 2630 Docieatina:

2192 2664 2423 2721 civitatis
2451 2681 2573 2721 esse
2602 2667 2919 2734 antistitem,
2950 2666 3017 2722 de
3041 2666 3280 2721 facinore
3308 2665 3454 2721 Pauli
3485 2667 3786 2722 Docleatini

2191 2765 2251 2813 ut
2280 2758 2390 2829 ipse
2419 2757 2630 2823 asserit,
2656 2758 2922 2829 quondam
2947 2757 3180 2827 episcopi
3205 2766 3425 2827 questus
3462 2758 3555 2822 sit,
3589 2758 3790 2813 frater~

2195 2849 2347 2904 nitati
2389 2858 2493 2903 tuae
2523 2849 2734 2904 fuerant
2758 2849 3007 2904 subtilius
3053 2849 3360 2914 indicanda,
3393 2849 3490 2903 nisi
3539 2849 3688 2904 scire
3739 2860 3793 2906 te

2193 2938 2368 2992 omnia
2402 2947 2709 3006 testaretur,
2737 2939 2934 3009 quippe
2961 2952 3118 3008 quem
3147 2946 3202 2993 et
3225 2952 3561 3007 eompassum
3589 2940 3702 2992 sibi
3736 2952 3788 2994 ct

2195 3031 2429 3085 voluisse
2457 3031 2762 3100 subvenire,
2793 3032 2888 3112 sed
2917 3029 3159 3101 perhibet
3188 3031 3404 3085 minime
3431 3032 3694 3100 potuisse.
3725 3032 3790 3084 Et

2195 3123 2315 3191 quia
2342 3121 2472 3176 tanti
2508 3137 2664 3177 causa
2691 3124 2873 3192 flagitii
2905 3123 3099 3194 negligi
3129 3122 3212 3177 vel
3245 3123 3458 3177 transiri
3487 3137 3593 3175 non
3617 3121 3790 3175 debet

2195 3211 2478 3281 impunita,
2508 3229 2574 3267 ne
2611 3213 2729 3283 ejus
2755 3211 3049 3269 imitatione
3076 3213 3303 3269 scelesta
3329 3213 3398 3267 ab
3442 3213 3583 3278 aliis,
3636 3213 3791 3281 quod

2193 3303 2355 3368 absit,
2383 3313 2624 3358 sumatur
2668 3304 2913 3369 audacia,
2955 3305 3261 3360 fraternitas
3318 3315 3408 3360 tua
3453 3304 3788 3373 exemplaria

2192 3391 2514 3459 scriptorum
2548 3392 2632 3447 his
2659 3393 2888 3460 subdita,
2913 3409 3030 3465 qua:
3050 3394 3115 3449 ad
3143 3394 3645 3450 reverendissimum
3674 3395 3781 3450 fra-

2196 3490 2332 3537 trem
2361 3493 2603 3538 nostrum
2652 3483 2912 3541 Joannem
2959 3486 3143 3555 primae
3195 3485 3507 3542 Justinianae
3551 3487 3789 3543 civitatis

2194 3573 2504 3644 episcopum
2547 3586 2851 3632 servantem
2884 3577 3028 3633 vices
3059 3587 3270 3633 nostras
3298 3579 3614 3646 direximus,
3662 3583 3788 3635 dili-

2193 3665 2403 3734 gentius
2425 3667 2644 3739 relegat.
2666 3669 2731 3723 Et
2753 3669 2796 3724 si
2819 3669 3111 3726 secundum
3135 3686 3318 3727 eorum
3341 3674 3535 3728 seriem
3561 3673 3786 3742 explere

2193 3769 2255 3810 se
2281 3764 2473 3810 cuncta
2502 3771 2659 3826 posse
2687 3761 2990 3828 cognoscit,
3019 3777 3081 3818 ea
3109 3777 3227 3832 quae
3255 3763 3328 3817 illi
3377 3764 3781 3833 mandavimus,

2195 3849 2308 3919 ipsa
2333 3853 2509 3905 omnia
2534 3866 2600 3907 ex
2623 3864 2804 3909 nosua
2828 3857 3143 3912 auctoritate
3161 3866 3488 3927 exsequatur
3515 3868 3568 3913 et
3604 3857 3780 3912 faciat.

2195 3939 2252 3996 Si
2276 3955 2403 3996 vero
2426 3941 2530 3996 hoc
2553 3942 2644 3997 tibi
2665 3944 2980 4014 quibusdam
3011 3946 3148 4002 forte
3169 3948 3574 4004 adversantibus
3601 3953 3782 4003 obsta-

2193 4032 2327 4085 culis
2357 4032 2503 4088 vides
2540 4049 2660 4089 esse
2705 4035 2945 4111 difficile,
2992 4038 3314 4092 studendum
3361 4049 3445 4095 est
3495 4049 3552 4094 ut
3596 4041 3780 4094 eadem

2195 4121 2393 4192 scripta
2425 4133 2606 4179 nostra
2632 4127 2700 4181 ad
2740 4127 3066 4183 antedictum
3122 4129 3341 4185 fratrem
3389 4142 3634 4186 nostrum
3669 4133 3780 4187 sine

2193 4215 2536 4271 excusatione
2561 4219 2893 4286 perveniant.
2925 4219 3023 4274 Cui
3053 4223 3211 4276 etiam
3240 4231 3292 4274 et
3322 4231 3374 4276 te
3400 4221 3649 4276 convenit
3681 4224 3778 4276 im-

2195 4303 2420 4369 minere,
2447 4316 2503 4359 ut
2534 4322 2598 4361 ea
2628 4323 2747 4378 quae
2771 4311 2817 4362 ei
2846 4324 2875 4363 a
2901 4310 3055 4363 nobis
3074 4309 3318 4362 mandata
3348 4319 3474 4364 sunt
3494 4311 3778 4365 districtius

2195 4397 2441 4466 exsequi,
2470 4407 2524 4451 et
2553 4399 2695 4452 nulla
2739 4398 2971 4453 debeant
3002 4401 3286 4454 occasione
3326 4400 3519 4454 tentari
3544 4416 3560 4464 ;
3591 4400 3680 4455 sed
3709 4401 3776 4454 ita

2199 4501 2320 4556 quae
2351 4489 2595 4557 neq‘uiter
2624 4498 2740 4543 acta
2779 4498 2927 4557 sunt,
2955 4490 3327 4544 emendatione
3356 4503 3593 4559 congrua
3619 4491 3779 4543 corri-

2198 4586 2407 4647 gantur,
2434 4589 2694 4650 quatenus
2720 4596 2824 4635 una
2858 4595 2942 4635 res
2984 4590 3036 4635 et
3075 4581 3205 4634 ultio
3249 4589 3565 4649 competens
3610 4579 3776 4634 delin-

2198 4672 2434 4740 quentis,
2463 4680 2517 4725 et
2547 4669 2776 4726 formido
2805 4672 2875 4726 sit
2902 4671 3023 4726 aliis
3052 4671 3103 4726 in
3143 4670 3333 4726 eodem
3363 4668 3554 4725 ordine
3583 4667 3776 4724 consti-

2197 4758 2345 4813 tutis.

2199 4947 2436 5012 cerptam
2468 4953 2625 5012 nemo
2667 4938 2994 5012 dubitaverit
3023 4939 3110 5006 qui
3141 4939 3345 5008 legerit.
3380 4952 3503 5006 cap.
3535 4939 3636 5003 ‘56,
3663 4945 3772 5012 quia

2196 5009 2264 5090 ad
2293 5011 2463 5090 ipsum
2492 5009 2786 5081 (abbatem)
2812 5010 3015 5079 respicit
3038 5011 3288 5080 quidquid
3313 5027 3344 5064 a
3387 5009 3775 5081 discipulis“-

2197 5078 2589 5204 ("lgli'timvatim
2624 5149 2668 5203 D
2695 5156 2749 5203 et
2781 5148 2996 5214 Rhem.,
3029 5166 3129 5203 non
3159 5153 3526 5206 assurrexerit.

2264 5216 2292 5253 ἀ
2334 5219 2556 5274 Reccnt.
2601 5220 2728 5280 Ed.,
2773 5223 2868 5272 hoc
2915 5221 3200 5289 piacularc.
3245 5222 3526 5277 Peculiare
3569 5222 3766 5279 crimen

2196 5289 2426 5356 appellat
2452 5298 2668 5347 sanctus
2695 5290 2986 5360 Gregorius
3013 5305 3042 5345 a
3074 5294 3297 5360 pecunia
3332 5293 3625 5348 simoniace
3653 5295 3770 5348 data

2193 5370 2247 5411 et
2277 5369 2516 5430 accepta.

2197 5497 2240 5502 __
2266 5429 2442 5502 Ertsr.
2478 5429 2625 5486 XXX
2657 5429 2765 5502 [ΑΙ.
2795 5430 2906 5501 35].
2936 5462 3006 5471 —
3032 5439 3056 5467 τι
3086 5429 3141 5485 In
3166 5431 3387 5502 Excusis
3426 5442 3480 5487 et
3511 5433 3773 5487 nonnullis

2196 5497 2343 5572 ._'tlss._,
2379 5497 2704 5564 Constantio.
2745 5497 2904 5558 Deest
2949 5503 3183 5572 episcopo
3230 5502 3283 5559 in
3327 5501 3597 5572 plerisque
3644 5502 3771 5558 Ced-

2197 5568 2415 5694 Lilagitur
2441 5572 2493 5627 in
2526 5572 2696 5630 Vatic.
2730 5576 2768 5631 Α
2795 5583 2848 5631 et
2878 5568 2986 5630 uno
3004 5589 3066 5630 ex
3086 5568 3351 5643 Colberti,
3382 5568 3621 5646 episcopo
3655 5573 3772 5630 Sco-

2197 5657 2238 5691 ΥΙ
2266 5658 2384 5694 ωηο.

2197 5657 2384 5696 νιιιιηο.
