  <div class='ocr_page' id='page_1' title='image "/cluster/home/n/w/nwhite01/storage/ocr_20150623/77/uva.x000827089/628.png"; bbox 0 0 3956 6380; ppageno 0'>
   <div class='ocr_carea' id='block_1_1' title="bbox 701 471 1262 528">
    <p class='ocr_par' dir='ltr' id='par_1_1' title="bbox 701 471 1262 528">
     <span class='ocr_line' id='line_1_1' title="bbox 701 471 1262 528; baseline -0.007 0"><span class='ocrx_word' id='word_1_1' title='bbox 701 473 1033 528; x_wconf 78' lang='lat' dir='ltr'><strong>EPISTULA</strong></span> <span class='ocrx_word' id='word_1_2' title='bbox 1072 471 1262 526; x_wconf 76' lang='lat' dir='ltr'><strong>XXXI.</strong></span> 
     </span>
    </p>
   </div>
   <div class='ocr_carea' id='block_1_2' title="bbox 376 576 1597 624">
    <p class='ocr_par' dir='ltr' id='par_1_2' title="bbox 376 576 1597 624">
     <span class='ocr_line' id='line_1_2' title="bbox 376 576 1597 624; baseline -0.006 -1"><span class='ocrx_word' id='word_1_3' title='bbox 376 586 442 624; x_wconf 72' lang='lat' dir='ltr'><strong>AD</strong></span> <span class='ocrx_word' id='word_1_4' title='bbox 466 581 702 622; x_wconf 69' lang='lat' dir='ltr'><strong>JOANNEI</strong></span> <span class='ocrx_word' id='word_1_5' title='bbox 732 579 909 618; x_wconf 68' lang='lat' dir='ltr'><strong>PBII£</strong></span> <span class='ocrx_word' id='word_1_6' title='bbox 938 579 1255 619; x_wconf 70' lang='lat' dir='ltr'><strong>JUBTINIANE</strong></span> <span class='ocrx_word' id='word_1_7' title='bbox 1287 576 1597 616; x_wconf 72' lang='lat' dir='ltr'><strong>EPISCOPUI.</strong></span> 
     </span>
    </p>
   </div>
   <div class='ocr_carea' id='block_1_3' title="bbox 205 651 1780 777">
    <p class='ocr_par' dir='ltr' id='par_1_3' title="bbox 205 651 1780 777">
     <span class='ocr_line' id='line_1_3' title="bbox 205 651 1780 777; baseline -0.006 -62"><span class='ocrx_word' id='word_1_8' title='bbox 205 660 463 732; x_wconf 62' lang='lat' dir='ltr'><strong>Expositis</strong></span> <span class='ocrx_word' id='word_1_9' title='bbox 494 658 648 712; x_wconf 82' lang='lat' dir='ltr'><strong>Pauli</strong></span> <span class='ocrx_word' id='word_1_10' title='bbox 674 656 957 709; x_wconf 80' lang='lat' dir='ltr'><strong>Dacleatini</strong></span> <span class='ocrx_word' id='word_1_11' title='bbox 983 655 1205 777; x_wconf 51' lang='lat' dir='ltr'><strong>episcopi</strong></span> <span class='ocrx_word' id='word_1_12' title='bbox 1231 653 1465 723; x_wconf 78' lang='lat' dir='ltr'><strong>ﬂagitiis,</strong></span> <span class='ocrx_word' id='word_1_13' title='bbox 1500 651 1780 721; x_wconf 69' lang='lat' dir='ltr'><strong>presset-ibit</strong></span> 
     </span>
     <span class='ocr_line' id='line_1_4' title="bbox 857 741 1102 777; baseline 0 0"><span class='ocrx_word' id='word_1_14' title='bbox 857 742 993 777; x_wconf 82' lang='lat' dir='ltr'><strong>reme</strong></span> <span class='ocrx_word' id='word_1_15' title='bbox 1033 741 1102 777; x_wconf 81' lang='lat' dir='ltr'><strong>ta.</strong></span> 
     </span>
    </p>
   </div>
   <div class='ocr_carea' id='block_1_4' title="bbox 857 741 1102 779">
    <p class='ocr_par' dir='ltr' id='par_1_4' title="bbox 857 741 1102 779">
     <span class='ocr_line' id='line_1_5' title="bbox 857 741 1102 779; baseline 0 -1"><span class='ocrx_word' id='word_1_16' title='bbox 857 741 1102 779; x_wconf 82' lang='lat' dir='ltr'><strong>remeata.</strong></span> 
     </span>
    </p>
   </div>
   <div class='ocr_carea' id='block_1_5' title="bbox 268 812 1622 888">
    <p class='ocr_par' dir='ltr' id='par_1_5' title="bbox 268 812 1622 888">
     <span class='ocr_line' id='line_1_6' title="bbox 268 812 1622 888; baseline -0.008 -12"><span class='ocrx_word' id='word_1_17' title='bbox 268 819 558 888; x_wconf 85' lang='lat' dir='ltr'><strong>Gregorius</strong></span> <span class='ocrx_word' id='word_1_18' title='bbox 587 815 780 871; x_wconf 80' lang='lat' dir='ltr'><strong>Joanni</strong></span> <span class='ocrx_word' id='word_1_19' title='bbox 809 815 1059 884; x_wconf 89' lang='lat' dir='ltr'><strong>episcopo</strong></span> <span class='ocrx_word' id='word_1_20' title='bbox 1082 814 1267 882; x_wconf 72' lang='lat' dir='ltr'><strong>prima:</strong></span> <span class='ocrx_word' id='word_1_21' title='bbox 1287 812 1622 866; x_wconf 79' lang='lat' dir='ltr'><strong>Iustinianze.</strong></span> 
     </span>
    </p>
   </div>
   <div class='ocr_carea' id='block_1_6' title="bbox 270 902 1780 977">
    <p class='ocr_par' dir='ltr' id='par_1_6' title="bbox 270 902 1780 977">
     <span class='ocr_line' id='line_1_7' title="bbox 270 902 1780 977; baseline -0.007 -13"><span class='ocrx_word' id='word_1_22' title='bbox 270 910 496 977; x_wconf 82' lang='lat' dir='ltr'><strong>Quando</strong></span> <span class='ocrx_word' id='word_1_23' title='bbox 529 906 668 960; x_wconf 87' lang='lat' dir='ltr'><strong>mala</strong></span> <span class='ocrx_word' id='word_1_24' title='bbox 698 921 817 974; x_wconf 62' lang='lat' dir='ltr'><strong>quae</strong></span> <span class='ocrx_word' id='word_1_25' title='bbox 842 903 1167 974; x_wconf 62' lang='lat' dir='ltr'><strong>paenitentiae</strong></span> <span class='ocrx_word' id='word_1_26' title='bbox 1197 902 1324 956; x_wconf 84' lang='lat' dir='ltr'><strong>ﬂetu</strong></span> <span class='ocrx_word' id='word_1_27' title='bbox 1351 902 1624 970; x_wconf 89' lang='lat' dir='ltr'><strong>purganda</strong></span> <span class='ocrx_word' id='word_1_28' title='bbox 1655 909 1780 956; x_wconf 85' lang='lat' dir='ltr'><strong>sunt</strong></span> 
     </span>
    </p>
   </div>
   <div class='ocr_carea' id='block_1_7' title="bbox 195 993 1779 1073">
    <p class='ocr_par' dir='ltr' id='par_1_7' title="bbox 195 993 1779 1073">
     <span class='ocr_line' id='line_1_8' title="bbox 195 993 1779 1073; baseline -0.008 -16"><span class='ocrx_word' id='word_1_29' title='bbox 195 1011 458 1073; x_wconf 74' lang='lat' dir='ltr'><strong>augentur</strong></span> <span class='ocrx_word' id='word_1_30' title='bbox 501 996 840 1063; x_wconf 77' lang='lat' dir='ltr'><strong>excessibus,</strong></span> <span class='ocrx_word' id='word_1_31' title='bbox 891 996 963 1050; x_wconf 88' lang='lat' dir='ltr'><strong>ita</strong></span> <span class='ocrx_word' id='word_1_32' title='bbox 1011 994 1182 1063; x_wconf 84' lang='lat' dir='ltr'><strong>major</strong></span> <span class='ocrx_word' id='word_1_33' title='bbox 1225 993 1657 1062; x_wconf 87' lang='lat' dir='ltr'><strong>delinquentibus</strong></span> <span class='ocrx_word' id='word_1_34' title='bbox 1697 1001 1779 1047; x_wconf 92' lang='lat' dir='ltr'><strong>est</strong></span> 
     </span>
    </p>
   </div>
   <div class='ocr_carea' id='block_1_8' title="bbox 194 1084 1774 1158">
    <p class='ocr_par' dir='ltr' id='par_1_8' title="bbox 194 1084 1774 1158">
     <span class='ocr_line' id='line_1_9' title="bbox 194 1084 1774 1158; baseline -0.008 -9"><span class='ocrx_word' id='word_1_35' title='bbox 194 1094 496 1149; x_wconf 88' lang='lat' dir='ltr'><strong>adhibenda</strong></span> <span class='ocrx_word' id='word_1_36' title='bbox 527 1090 815 1158; x_wconf 76' lang='lat' dir='ltr'><strong>correptio,</strong></span> <span class='ocrx_word' id='word_1_37' title='bbox 845 1097 904 1143; x_wconf 89' lang='lat' dir='ltr'><strong>ut</strong></span> <span class='ocrx_word' id='word_1_38' title='bbox 947 1096 1000 1143; x_wconf 87' lang='lat' dir='ltr'><strong>et</strong></span> <span class='ocrx_word' id='word_1_39' title='bbox 1028 1087 1128 1154; x_wconf 85' lang='lat' dir='ltr'><strong>ipsi</strong></span> <span class='ocrx_word' id='word_1_40' title='bbox 1169 1086 1372 1140; x_wconf 79' lang='lat' dir='ltr'><strong>facinus</strong></span> <span class='ocrx_word' id='word_1_41' title='bbox 1401 1100 1555 1140; x_wconf 91' lang='lat' dir='ltr'><strong>suum</strong></span> <span class='ocrx_word' id='word_1_42' title='bbox 1587 1084 1774 1137; x_wconf 81' lang='lat' dir='ltr'><strong>saltem</strong></span> 
     </span>
    </p>
   </div>
   <div class='ocr_carea' id='block_1_9' title="bbox 197 1173 1777 1251">
    <p class='ocr_par' dir='ltr' id='par_1_9' title="bbox 197 1173 1777 1251">
     <span class='ocr_line' id='line_1_10' title="bbox 197 1173 1777 1251; baseline -0.006 -15"><span class='ocrx_word' id='word_1_43' title='bbox 197 1197 355 1251; x_wconf 65' lang='lat' dir='ltr'><strong>paena</strong></span> <span class='ocrx_word' id='word_1_44' title='bbox 382 1179 686 1234; x_wconf 85' lang='lat' dir='ltr'><strong>vindicante</strong></span> <span class='ocrx_word' id='word_1_45' title='bbox 707 1184 1051 1247; x_wconf 87' lang='lat' dir='ltr'><strong>cognoscant,</strong></span> <span class='ocrx_word' id='word_1_46' title='bbox 1077 1183 1132 1230; x_wconf 90' lang='lat' dir='ltr'><strong>et</strong></span> <span class='ocrx_word' id='word_1_47' title='bbox 1157 1175 1292 1229; x_wconf 89' lang='lat' dir='ltr'><strong>alios</strong></span> <span class='ocrx_word' id='word_1_48' title='bbox 1318 1173 1383 1229; x_wconf 87' lang='lat' dir='ltr'><strong>ab</strong></span> <span class='ocrx_word' id='word_1_49' title='bbox 1414 1173 1611 1227; x_wconf 86' lang='lat' dir='ltr'><strong>illicitis</strong></span> <span class='ocrx_word' id='word_1_50' title='bbox 1641 1182 1665 1208; x_wconf 70' lang='grc' dir='ltr'>α</span> <span class='ocrx_word' id='word_1_51' title='bbox 1695 1187 1777 1228; x_wconf 87' lang='lat' dir='ltr'><strong>ec-</strong></span> 
     </span>
    </p>
   </div>
   <div class='ocr_carea' id='block_1_10' title="bbox 195 1267 1775 1328">
    <p class='ocr_par' dir='ltr' id='par_1_10' title="bbox 195 1267 1775 1328">
     <span class='ocr_line' id='line_1_11' title="bbox 195 1267 1775 1328; baseline -0.006 0"><span class='ocrx_word' id='word_1_52' title='bbox 195 1273 509 1328; x_wconf 74' lang='lat' dir='ltr'><strong>clesiastica:</strong></span> <span class='ocrx_word' id='word_1_53' title='bbox 551 1269 768 1324; x_wconf 85' lang='lat' dir='ltr'><strong>ultionis</strong></span> <span class='ocrx_word' id='word_1_54' title='bbox 799 1269 959 1322; x_wconf 89' lang='lat' dir='ltr'><strong>timor</strong></span> <span class='ocrx_word' id='word_1_55' title='bbox 979 1267 1234 1322; x_wconf 89' lang='lat' dir='ltr'><strong>inhibeat.</strong></span> <span class='ocrx_word' id='word_1_56' title='bbox 1267 1267 1650 1322; x_wconf 89' lang='lat' dir='ltr'><strong>Dilectissimus</strong></span> <span class='ocrx_word' id='word_1_57' title='bbox 1674 1267 1775 1320; x_wconf 85' lang='lat' dir='ltr'><strong>ita-</strong></span> 
     </span>
    </p>
   </div>
   <div class='ocr_carea' id='block_1_11' title="bbox 188 1357 1774 1433">
    <p class='ocr_par' dir='ltr' id='par_1_11' title="bbox 188 1357 1774 1433">
     <span class='ocr_line' id='line_1_12' title="bbox 188 1357 1774 1433; baseline -0.006 -15"><span class='ocrx_word' id='word_1_58' title='bbox 188 1379 295 1433; x_wconf 85' lang='lat' dir='ltr'><strong>que</strong></span> <span class='ocrx_word' id='word_1_59' title='bbox 327 1363 462 1417; x_wconf 84' lang='lat' dir='ltr'><strong>lator</strong></span> <span class='ocrx_word' id='word_1_60' title='bbox 484 1360 823 1430; x_wconf 83' lang='lat' dir='ltr'><strong>praesentium</strong></span> <span class='ocrx_word' id='word_1_61' title='bbox 856 1359 1137 1412; x_wconf 81' lang='lat' dir='ltr'><strong>Nemesion</strong></span> <span class='ocrx_word' id='word_1_62' title='bbox 1169 1358 1234 1412; x_wconf 91' lang='lat' dir='ltr'><strong>ad</strong></span> <span class='ocrx_word' id='word_1_63' title='bbox 1264 1373 1363 1413; x_wconf 93' lang='lat' dir='ltr'><strong>nos</strong></span> <span class='ocrx_word' id='word_1_64' title='bbox 1385 1357 1602 1411; x_wconf 88' lang='lat' dir='ltr'><strong>veniens</strong></span> <span class='ocrx_word' id='word_1_65' title='bbox 1633 1357 1774 1410; x_wconf 84' lang='lat' dir='ltr'><strong>indi-</strong></span> 
     </span>
    </p>
   </div>
   <div class='ocr_carea' id='block_1_12' title="bbox 189 1447 1776 1518">
    <p class='ocr_par' dir='ltr' id='par_1_12' title="bbox 189 1447 1776 1518">
     <span class='ocr_line' id='line_1_13' title="bbox 189 1447 1776 1518; baseline -0.003 -11"><span class='ocrx_word' id='word_1_66' title='bbox 189 1453 335 1507; x_wconf 82' lang='lat' dir='ltr'><strong>cavit</strong></span> <span class='ocrx_word' id='word_1_67' title='bbox 359 1450 529 1516; x_wconf 78' lang='lat' dir='ltr'><strong>(Grai.</strong></span> <span class='ocrx_word' id='word_1_68' title='bbox 558 1449 625 1516; x_wconf 73' lang='grc'><strong>2,</strong></span> <span class='ocrx_word' id='word_1_69' title='bbox 655 1467 705 1518; x_wconf 87' lang='lat' dir='ltr'><strong>q.</strong></span> <span class='ocrx_word' id='word_1_70' title='bbox 735 1450 786 1513; x_wconf 87' lang='lat'><strong>7,</strong></span> <span class='ocrx_word' id='word_1_71' title='bbox 819 1465 867 1502; x_wconf 88' lang='lat' dir='ltr'><strong>c.</strong></span> <span class='ocrx_word' id='word_1_72' title='bbox 896 1447 1022 1517; x_wconf 71' lang='grc'><strong>44),</strong></span> <span class='ocrx_word' id='word_1_73' title='bbox 1053 1448 1190 1502; x_wconf 89' lang='lat' dir='ltr'><strong>sicut</strong></span> <span class='ocrx_word' id='word_1_74' title='bbox 1217 1459 1270 1504; x_wconf 89' lang='lat' dir='ltr'><strong>et</strong></span> <span class='ocrx_word' id='word_1_75' title='bbox 1294 1457 1563 1517; x_wconf 90' lang='lat' dir='ltr'><strong>gestorum</strong></span> <span class='ocrx_word' id='word_1_76' title='bbox 1595 1464 1776 1504; x_wconf 78' lang='lat' dir='ltr'><strong>exem-</strong></span> 
     </span>
    </p>
   </div>
   <div class='ocr_carea' id='block_1_13' title="bbox 186 1541 1775 1615">
    <p class='ocr_par' dir='ltr' id='par_1_13' title="bbox 186 1541 1775 1615">
     <span class='ocr_line' id='line_1_14' title="bbox 186 1541 1775 1615; baseline -0.002 -17"><span class='ocrx_word' id='word_1_77' title='bbox 186 1546 359 1615; x_wconf 84' lang='lat' dir='ltr'><strong>pIuria</strong></span> <span class='ocrx_word' id='word_1_78' title='bbox 389 1560 506 1614; x_wconf 72' lang='lat' dir='ltr'><strong>qua:</strong></span> <span class='ocrx_word' id='word_1_79' title='bbox 534 1546 635 1601; x_wconf 77' lang='lat' dir='ltr'><strong>huc</strong></span> <span class='ocrx_word' id='word_1_80' title='bbox 665 1541 1230 1607; x_wconf 89' lang='lat' dir='ltr'><strong>detulitcontinebant,</strong></span> <span class='ocrx_word' id='word_1_81' title='bbox 1257 1542 1476 1598; x_wconf 86' lang='lat' dir='ltr'><strong>Paulum</strong></span> <span class='ocrx_word' id='word_1_82' title='bbox 1501 1542 1529 1581; x_wconf 66' lang='grc' dir='ltr'>δ</span> <span class='ocrx_word' id='word_1_83' title='bbox 1554 1543 1775 1597; x_wconf 84' lang='lat' dir='ltr'><strong>Doclea-</strong></span> 
     </span>
    </p>
   </div>
   <div class='ocr_carea' id='block_1_14' title="bbox 185 1631 1774 1702">
    <p class='ocr_par' dir='ltr' id='par_1_14' title="bbox 185 1631 1774 1702">
     <span class='ocr_line' id='line_1_15' title="bbox 185 1631 1774 1702; baseline -0.001 -13"><span class='ocrx_word' id='word_1_84' title='bbox 185 1635 316 1690; x_wconf 82' lang='lat' dir='ltr'><strong>time</strong></span> <span class='ocrx_word' id='word_1_85' title='bbox 339 1635 572 1689; x_wconf 82' lang='lat' dir='ltr'><strong>civitatis</strong></span> <span class='ocrx_word' id='word_1_86' title='bbox 598 1633 930 1702; x_wconf 79' lang='lat' dir='ltr'><strong>episcopum,</strong></span> <span class='ocrx_word' id='word_1_87' title='bbox 963 1631 1102 1686; x_wconf 89' lang='lat' dir='ltr'><strong>inter</strong></span> <span class='ocrx_word' id='word_1_88' title='bbox 1122 1631 1222 1686; x_wconf 83' lang='lat' dir='ltr'><strong>alia</strong></span> <span class='ocrx_word' id='word_1_89' title='bbox 1248 1632 1383 1686; x_wconf 88' lang='lat' dir='ltr'><strong>mala</strong></span> <span class='ocrx_word' id='word_1_90' title='bbox 1413 1633 1466 1686; x_wconf 90' lang='lat' dir='ltr'><strong>in</strong></span> <span class='ocrx_word' id='word_1_91' title='bbox 1496 1635 1774 1701; x_wconf 85' lang='lat' dir='ltr'><strong>corporale</strong></span> 
     </span>
    </p>
   </div>
   <div class='ocr_carea' id='block_1_15' title="bbox 181 1723 1773 1796">
    <p class='ocr_par' dir='ltr' id='par_1_15' title="bbox 181 1723 1773 1796">
     <span class='ocr_line' id='line_1_16' title="bbox 181 1723 1773 1796; baseline -0.001 -15"><span class='ocrx_word' id='word_1_92' title='bbox 181 1728 394 1782; x_wconf 89' lang='lat' dir='ltr'><strong>crimen</strong></span> <span class='ocrx_word' id='word_1_93' title='bbox 439 1727 667 1796; x_wconf 83' lang='lat' dir='ltr'><strong>lapsum,</strong></span> <span class='ocrx_word' id='word_1_94' title='bbox 697 1741 726 1778; x_wconf 88' lang='lat' dir='ltr'><strong>a</strong></span> <span class='ocrx_word' id='word_1_95' title='bbox 756 1725 869 1779; x_wconf 87' lang='lat' dir='ltr'><strong>suis</strong></span> <span class='ocrx_word' id='word_1_96' title='bbox 900 1723 1066 1778; x_wconf 86' lang='lat' dir='ltr'><strong>fuisse</strong></span> <span class='ocrx_word' id='word_1_97' title='bbox 1091 1723 1302 1778; x_wconf 88' lang='lat' dir='ltr'><strong>clericis</strong></span> <span class='ocrx_word' id='word_1_98' title='bbox 1331 1734 1658 1792; x_wconf 84' lang='lat' dir='ltr'><strong>accusatum,</strong></span> <span class='ocrx_word' id='word_1_99' title='bbox 1691 1735 1773 1781; x_wconf 91' lang='lat' dir='ltr'><strong>at-</strong></span> 
     </span>
    </p>
   </div>
   <div class='ocr_carea' id='block_1_16' title="bbox 855 339 2798 412">
    <p class='ocr_par' dir='ltr' id='par_1_16' title="bbox 855 339 2798 412">
     <span class='ocr_line' id='line_1_17' title="bbox 855 339 2798 412; baseline -0.009 -2"><span class='ocrx_word' id='word_1_100' title='bbox 855 352 1334 412; x_wconf 81' lang='lat' dir='ltr'><strong>EPISTOLARUM</strong></span> <span class='ocrx_word' id='word_1_101' title='bbox 1377 352 1505 408; x_wconf 86' lang='lat' dir='ltr'><strong>LIB.</strong></span> <span class='ocrx_word' id='word_1_102' title='bbox 1550 350 1662 404; x_wconf 79' lang='lat' dir='ltr'><strong>XII.</strong></span> <span class='ocrx_word' id='word_1_103' title='bbox 1706 379 1775 390; x_wconf 94' lang='lat'><strong>—</strong></span> <span class='ocrx_word' id='word_1_104' title='bbox 1816 346 2062 403; x_wconf 80' lang='lat' dir='ltr'><strong>INDICT.</strong></span> <span class='ocrx_word' id='word_1_105' title='bbox 2112 346 2172 399; x_wconf 73' lang='grc' dir='ltr'><strong>γ.</strong></span> <span class='ocrx_word' id='word_1_106' title='bbox 2213 372 2281 383; x_wconf 80' lang='lat'><strong>-—</strong></span> <span class='ocrx_word' id='word_1_107' title='bbox 2322 341 2539 397; x_wconf 75' lang='lat' dir='ltr'><strong>EI’IST.</strong></span> <span class='ocrx_word' id='word_1_108' title='bbox 2586 339 2798 394; x_wconf 75' lang='lat' dir='ltr'><strong>XXXII.</strong></span> 
     </span>
    </p>
   </div>
   <div class='ocr_carea' id='block_1_17' title="bbox 1802 449 3465 528">
    <p class='ocr_par' dir='ltr' id='par_1_17' title="bbox 1802 449 3465 528">
     <span class='ocr_line' id='line_1_18' title="bbox 1802 449 3465 528; baseline -0.007 -12"><span class='ocrx_word' id='word_1_109' title='bbox 1802 469 1851 528; x_wconf 79' lang='grc' dir='ltr'><strong>Α</strong></span> <span class='ocrx_word' id='word_1_110' title='bbox 1877 461 1975 516; x_wconf 90' lang='lat' dir='ltr'><strong>dus</strong></span> <span class='ocrx_word' id='word_1_111' title='bbox 2003 468 2118 524; x_wconf 89' lang='lat' dir='ltr'><strong>est,</strong></span> <span class='ocrx_word' id='word_1_112' title='bbox 2149 468 2205 514; x_wconf 85' lang='grc' dir='ltr'><strong>ιιι</strong></span> <span class='ocrx_word' id='word_1_113' title='bbox 2229 459 2420 514; x_wconf 84' lang='lat' dir='ltr'><strong>saltem</strong></span> <span class='ocrx_word' id='word_1_114' title='bbox 2446 463 2663 511; x_wconf 89' lang='lat' dir='ltr'><strong>coaetus</strong></span> <span class='ocrx_word' id='word_1_115' title='bbox 2687 452 2876 508; x_wconf 83' lang='lat' dir='ltr'><strong>reddat</strong></span> <span class='ocrx_word' id='word_1_116' title='bbox 2899 451 3040 522; x_wconf 91' lang='lat' dir='ltr'><strong>quod</strong></span> <span class='ocrx_word' id='word_1_117' title='bbox 3079 451 3219 507; x_wconf 90' lang='lat' dir='ltr'><strong>male</strong></span> <span class='ocrx_word' id='word_1_118' title='bbox 3247 449 3465 506; x_wconf 86' lang='lat' dir='ltr'><strong>auferre</strong></span> 
     </span>
    </p>
   </div>
   <div class='ocr_carea' id='block_1_18' title="bbox 1899 209 1924 218">
    <p class='ocr_par' dir='ltr' id='par_1_18' title="bbox 1899 209 1924 218">
     <span class='ocr_line' id='line_1_19' title="bbox 1899 209 1924 218; baseline 0 0"><span class='ocrx_word' id='word_1_119' title='bbox 1899 209 1924 218; x_wconf 68' lang='grc' dir='ltr'><strong><em>ο</em></strong></span> 
     </span>
    </p>
   </div>
   <div class='ocr_carea' id='block_1_19' title="bbox 3325 335 3467 391">
    <p class='ocr_par' dir='ltr' id='par_1_19' title="bbox 3325 335 3467 391">
     <span class='ocr_line' id='line_1_20' title="bbox 3325 335 3467 391; baseline 0 -2"><span class='ocrx_word' id='word_1_120' title='bbox 3325 335 3467 391; x_wconf 69' lang='grc'><strong>1242</strong></span> 
     </span>
    </p>
   </div>
   <div class='ocr_carea' id='block_1_20' title="bbox 1881 543 3464 617">
    <p class='ocr_par' dir='ltr' id='par_1_20' title="bbox 1881 543 3464 617">
     <span class='ocr_line' id='line_1_21' title="bbox 1881 543 3464 617; baseline -0.006 -11"><span class='ocrx_word' id='word_1_121' title='bbox 1881 568 1987 606; x_wconf 87' lang='lat' dir='ltr'><strong>non</strong></span> <span class='ocrx_word' id='word_1_122' title='bbox 2011 552 2207 605; x_wconf 88' lang='lat' dir='ltr'><strong>timuit.</strong></span> <span class='ocrx_word' id='word_1_123' title='bbox 2232 551 2332 617; x_wconf 88' lang='lat' dir='ltr'><strong>Qui</strong></span> <span class='ocrx_word' id='word_1_124' title='bbox 2360 549 2404 604; x_wconf 90' lang='lat' dir='ltr'><strong>si</strong></span> <span class='ocrx_word' id='word_1_125' title='bbox 2429 549 2583 610; x_wconf 91' lang='lat' dir='ltr'><strong>forte,</strong></span> <span class='ocrx_word' id='word_1_126' title='bbox 2611 546 2752 615; x_wconf 89' lang='lat' dir='ltr'><strong>quod</strong></span> <span class='ocrx_word' id='word_1_127' title='bbox 2776 560 2879 597; x_wconf 88' lang='lat' dir='ltr'><strong>non</strong></span> <span class='ocrx_word' id='word_1_128' title='bbox 2908 545 3197 607; x_wconf 86' lang='lat' dir='ltr'><strong>credimus,</strong></span> <span class='ocrx_word' id='word_1_129' title='bbox 3224 556 3340 612; x_wconf 74' lang='lat' dir='ltr'><strong>p051</strong></span> <span class='ocrx_word' id='word_1_130' title='bbox 3367 543 3464 598; x_wconf 82' lang='lat' dir='ltr'><strong>de-</strong></span> 
     </span>
    </p>
   </div>
   <div class='ocr_carea' id='block_1_21' title="bbox 1881 637 3464 714">
    <p class='ocr_par' dir='ltr' id='par_1_21' title="bbox 1881 637 3464 714">
     <span class='ocr_line' id='line_1_22' title="bbox 1881 637 3464 714; baseline -0.008 -14"><span class='ocrx_word' id='word_1_131' title='bbox 1881 644 2196 714; x_wconf 90' lang='lat' dir='ltr'><strong>positionem</strong></span> <span class='ocrx_word' id='word_1_132' title='bbox 2244 657 2394 696; x_wconf 85' lang='lat' dir='ltr'><strong>suam</strong></span> <span class='ocrx_word' id='word_1_133' title='bbox 2452 637 2814 695; x_wconf 81' lang='lat' dir='ltr'><strong>inverecunde</strong></span> <span class='ocrx_word' id='word_1_134' title='bbox 2864 650 2926 688; x_wconf 91' lang='lat' dir='ltr'><strong>ac</strong></span> <span class='ocrx_word' id='word_1_135' title='bbox 2977 643 3152 689; x_wconf 89' lang='lat' dir='ltr'><strong>mente</strong></span> <span class='ocrx_word' id='word_1_136' title='bbox 3211 649 3464 703; x_wconf 84' lang='lat' dir='ltr'><strong>perversa</strong></span> 
     </span>
    </p>
   </div>
   <div class='ocr_carea' id='block_1_22' title="bbox 1879 727 3465 807">
    <p class='ocr_par' dir='ltr' id='par_1_22' title="bbox 1879 727 3465 807">
     <span class='ocr_line' id='line_1_23' title="bbox 1879 727 3465 807; baseline -0.009 -16"><span class='ocrx_word' id='word_1_137' title='bbox 1879 736 2078 807; x_wconf 79' lang='lat' dir='ltr'><strong>aliquid</strong></span> <span class='ocrx_word' id='word_1_138' title='bbox 2106 738 2170 792; x_wconf 90' lang='lat' dir='ltr'><strong>de</strong></span> <span class='ocrx_word' id='word_1_139' title='bbox 2199 736 2503 804; x_wconf 79' lang='lat' dir='ltr'><strong>episcopatu</strong></span> <span class='ocrx_word' id='word_1_140' title='bbox 2529 732 2673 800; x_wconf 84' lang='lat' dir='ltr'><strong>loqui</strong></span> <span class='ocrx_word' id='word_1_141' title='bbox 2701 739 2861 798; x_wconf 84' lang='lat' dir='ltr'><strong>atque</strong></span> <span class='ocrx_word' id='word_1_142' title='bbox 2889 741 3074 780; x_wconf 80' lang='lat' dir='ltr'><strong>rursus</strong></span> <span class='ocrx_word' id='word_1_143' title='bbox 3101 727 3166 780; x_wconf 87' lang='lat' dir='ltr'><strong>ad</strong></span> <span class='ocrx_word' id='word_1_144' title='bbox 3197 727 3299 782; x_wconf 91' lang='lat' dir='ltr'><strong>hoc</strong></span> <span class='ocrx_word' id='word_1_145' title='bbox 3327 743 3465 796; x_wconf 87' lang='lat' dir='ltr'><strong>qua-</strong></span> 
     </span>
    </p>
   </div>
   <div class='ocr_carea' id='block_1_23' title="bbox 1883 817 3465 896">
    <p class='ocr_par' dir='ltr' id='par_1_23' title="bbox 1883 817 3465 896">
     <span class='ocr_line' id='line_1_24' title="bbox 1883 817 3465 896; baseline -0.007 -14"><span class='ocrx_word' id='word_1_146' title='bbox 1883 829 2014 884; x_wconf 89' lang='lat' dir='ltr'><strong>libet</strong></span> <span class='ocrx_word' id='word_1_147' title='bbox 2042 828 2281 896; x_wconf 80' lang='lat' dir='ltr'><strong>aspirare</strong></span> <span class='ocrx_word' id='word_1_148' title='bbox 2320 826 2734 896; x_wconf 71' lang='lat' dir='ltr'><strong>prazsutnptione</strong></span> <span class='ocrx_word' id='word_1_149' title='bbox 2765 819 3048 874; x_wconf 86' lang='lat' dir='ltr'><strong>tentaverit</strong></span> <span class='ocrx_word' id='word_1_150' title='bbox 3069 858 3083 882; x_wconf 90' lang='lat'><strong>,</strong></span> <span class='ocrx_word' id='word_1_151' title='bbox 3117 817 3465 872; x_wconf 83' lang='lat' dir='ltr'><strong>fraternitatis</strong></span> 
     </span>
    </p>
   </div>
   <div class='ocr_carea' id='block_1_24' title="bbox 1879 910 3465 984">
    <p class='ocr_par' dir='ltr' id='par_1_24' title="bbox 1879 910 3465 984">
     <span class='ocr_line' id='line_1_25' title="bbox 1879 910 3465 984; baseline -0.007 -11"><span class='ocrx_word' id='word_1_152' title='bbox 1879 930 2072 974; x_wconf 71' lang='lat' dir='ltr'><strong>vestrae</strong></span> <span class='ocrx_word' id='word_1_153' title='bbox 2100 934 2159 975; x_wconf 89' lang='lat' dir='ltr'><strong>se</strong></span> <span class='ocrx_word' id='word_1_154' title='bbox 2185 929 2368 974; x_wconf 86' lang='lat' dir='ltr'><strong>contra</strong></span> <span class='ocrx_word' id='word_1_155' title='bbox 2398 914 2791 984; x_wconf 84' lang='lat' dir='ltr'><strong>improbitatem</strong></span> <span class='ocrx_word' id='word_1_156' title='bbox 2824 912 2993 977; x_wconf 83' lang='lat' dir='ltr'><strong>ipsius</strong></span> <span class='ocrx_word' id='word_1_157' title='bbox 3043 910 3259 964; x_wconf 88' lang='lat' dir='ltr'><strong>omnino</strong></span> <span class='ocrx_word' id='word_1_158' title='bbox 3311 910 3465 978; x_wconf 84' lang='lat' dir='ltr'><strong>vigor</strong></span> 
     </span>
    </p>
   </div>
   <div class='ocr_carea' id='block_1_25' title="bbox 1879 997 3466 1077">
    <p class='ocr_par' dir='ltr' id='par_1_25' title="bbox 1879 997 3466 1077">
     <span class='ocr_line' id='line_1_26' title="bbox 1879 997 3466 1077; baseline -0.01 -13"><span class='ocrx_word' id='word_1_159' title='bbox 1879 1009 2157 1075; x_wconf 86' lang='lat' dir='ltr'><strong>accendat,</strong></span> <span class='ocrx_word' id='word_1_160' title='bbox 2189 1017 2350 1077; x_wconf 88' lang='lat' dir='ltr'><strong>atque</strong></span> <span class='ocrx_word' id='word_1_161' title='bbox 2380 1003 2630 1060; x_wconf 88' lang='lat' dir='ltr'><strong>dominici</strong></span> <span class='ocrx_word' id='word_1_162' title='bbox 2661 1001 2902 1070; x_wconf 86' lang='lat' dir='ltr'><strong>corporis</strong></span> <span class='ocrx_word' id='word_1_163' title='bbox 2932 1014 2993 1052; x_wconf 89' lang='lat' dir='ltr'><strong>ac</strong></span> <span class='ocrx_word' id='word_1_164' title='bbox 3022 997 3294 1066; x_wconf 84' lang='lat' dir='ltr'><strong>sanguinis</strong></span> <span class='ocrx_word' id='word_1_165' title='bbox 3319 1012 3466 1051; x_wconf 86' lang='lat' dir='ltr'><strong>com-</strong></span> 
     </span>
    </p>
   </div>
   <div class='ocr_carea' id='block_1_26' title="bbox 1879 1087 3464 1168">
    <p class='ocr_par' dir='ltr' id='par_1_26' title="bbox 1879 1087 3464 1168">
     <span class='ocr_line' id='line_1_27' title="bbox 1879 1087 3464 1168; baseline -0.008 -16"><span class='ocrx_word' id='word_1_166' title='bbox 1879 1100 2133 1152; x_wconf 87' lang='lat' dir='ltr'><strong>munione</strong></span> <span class='ocrx_word' id='word_1_167' title='bbox 2172 1099 2439 1168; x_wconf 88' lang='lat' dir='ltr'><strong>privatum</strong></span> <span class='ocrx_word' id='word_1_168' title='bbox 2492 1094 2545 1149; x_wconf 91' lang='lat' dir='ltr'><strong>in</strong></span> <span class='ocrx_word' id='word_1_169' title='bbox 2594 1091 2978 1147; x_wconf 86' lang='lat' dir='ltr'><strong>monasterium</strong></span> <span class='ocrx_word' id='word_1_170' title='bbox 3023 1103 3144 1143; x_wconf 90' lang='lat' dir='ltr'><strong>eum</strong></span> <span class='ocrx_word' id='word_1_171' title='bbox 3188 1102 3356 1155; x_wconf 88' lang='lat' dir='ltr'><strong>usque</strong></span> <span class='ocrx_word' id='word_1_172' title='bbox 3397 1087 3464 1140; x_wconf 84' lang='lat' dir='ltr'><strong>ad</strong></span> 
     </span>
    </p>
   </div>
   <div class='ocr_carea' id='block_1_27' title="bbox 1878 1178 3464 1255">
    <p class='ocr_par' dir='ltr' id='par_1_27' title="bbox 1878 1178 3464 1255">
     <span class='ocr_line' id='line_1_28' title="bbox 1878 1178 3464 1255; baseline -0.008 -12"><span class='ocrx_word' id='word_1_173' title='bbox 1878 1189 2016 1243; x_wconf 91' lang='lat' dir='ltr'><strong>diem</strong></span> <span class='ocrx_word' id='word_1_174' title='bbox 2046 1188 2225 1242; x_wconf 87' lang='lat' dir='ltr'><strong>obitus</strong></span> <span class='ocrx_word' id='word_1_175' title='bbox 2253 1186 2336 1241; x_wconf 82' lang='lat' dir='ltr'><strong>sui</strong></span> <span class='ocrx_word' id='word_1_176' title='bbox 2374 1185 2438 1240; x_wconf 81' lang='lat' dir='ltr'><strong>ad</strong></span> <span class='ocrx_word' id='word_1_177' title='bbox 2472 1184 2733 1255; x_wconf 84' lang='lat' dir='ltr'><strong>agendam</strong></span> <span class='ocrx_word' id='word_1_178' title='bbox 2761 1189 2912 1235; x_wconf 92' lang='lat' dir='ltr'><strong>curet</strong></span> <span class='ocrx_word' id='word_1_179' title='bbox 2954 1178 3323 1248; x_wconf 67' lang='lat' dir='ltr'><strong>paenitentiam</strong></span> <span class='ocrx_word' id='word_1_180' title='bbox 3374 1191 3464 1230; x_wconf 83' lang='lat' dir='ltr'><strong>re-</strong></span> 
     </span>
    </p>
   </div>
   <div class='ocr_carea' id='block_1_28' title="bbox 1879 1270 3467 1346">
    <p class='ocr_par' dir='ltr' id='par_1_28' title="bbox 1879 1270 3467 1346">
     <span class='ocr_line' id='line_1_29' title="bbox 1879 1270 3467 1346; baseline -0.006 -14"><span class='ocrx_word' id='word_1_181' title='bbox 1879 1279 2195 1332; x_wconf 87' lang='lat' dir='ltr'><strong>trndendum</strong></span> <span class='ocrx_word' id='word_1_182' title='bbox 2217 1318 2233 1344; x_wconf 90' lang='lat'><strong>,</strong></span> <span class='ocrx_word' id='word_1_183' title='bbox 2263 1287 2530 1346; x_wconf 86' lang='lat' dir='ltr'><strong>quatenus</strong></span> <span class='ocrx_word' id='word_1_184' title='bbox 2560 1274 2847 1345; x_wconf 85' lang='lat' dir='ltr'><strong>perpetrati</strong></span> <span class='ocrx_word' id='word_1_185' title='bbox 2879 1272 3101 1326; x_wconf 87' lang='lat' dir='ltr'><strong>sceleris</strong></span> <span class='ocrx_word' id='word_1_186' title='bbox 3125 1270 3361 1324; x_wconf 83' lang='lat' dir='ltr'><strong>maculas</strong></span> <span class='ocrx_word' id='word_1_187' title='bbox 3384 1271 3467 1324; x_wconf 82' lang='lat' dir='ltr'><strong>di-</strong></span> 
     </span>
    </p>
   </div>
   <div class='ocr_carea' id='block_1_29' title="bbox 1876 1363 3461 1439">
    <p class='ocr_par' dir='ltr' id='par_1_29' title="bbox 1876 1363 3461 1439">
     <span class='ocr_line' id='line_1_30' title="bbox 1876 1363 3461 1439; baseline -0.004 -17"><span class='ocrx_word' id='word_1_188' title='bbox 1876 1369 1996 1439; x_wconf 84' lang='lat' dir='ltr'><strong>gnis</strong></span> <span class='ocrx_word' id='word_1_189' title='bbox 2024 1369 2194 1422; x_wconf 69' lang='lat' dir='ltr'><strong>diseat</strong></span> <span class='ocrx_word' id='word_1_190' title='bbox 2223 1367 2432 1421; x_wconf 89' lang='lat' dir='ltr'><strong>lletibus</strong></span> <span class='ocrx_word' id='word_1_191' title='bbox 2477 1366 2788 1428; x_wconf 83' lang='lat' dir='ltr'><strong>emundare,</strong></span> <span class='ocrx_word' id='word_1_192' title='bbox 2818 1377 2950 1430; x_wconf 90' lang='lat' dir='ltr'><strong>quas</strong></span> <span class='ocrx_word' id='word_1_193' title='bbox 2978 1363 3143 1430; x_wconf 81' lang='lat' dir='ltr'><strong>magis</strong></span> <span class='ocrx_word' id='word_1_194' title='bbox 3167 1363 3218 1415; x_wconf 89' lang='lat' dir='ltr'><strong>in</strong></span> <span class='ocrx_word' id='word_1_195' title='bbox 3246 1363 3461 1416; x_wconf 89' lang='lat' dir='ltr'><strong>interitu</strong></span> 
     </span>
    </p>
   </div>
   <div class='ocr_carea' id='block_1_30' title="bbox 1877 1450 3464 1526">
    <p class='ocr_par' dir='ltr' id='par_1_30' title="bbox 1877 1450 3464 1526">
     <span class='ocr_line' id='line_1_31' title="bbox 1877 1450 3464 1526; baseline -0.006 -14"><span class='ocrx_word' id='word_1_196' title='bbox 1877 1461 2070 1512; x_wconf 80' lang='lat' dir='ltr'><strong>animae</strong></span> <span class='ocrx_word' id='word_1_197' title='bbox 2097 1473 2209 1512; x_wconf 64' lang='lat' dir='ltr'><strong>suae</strong></span> <span class='ocrx_word' id='word_1_198' title='bbox 2237 1456 2482 1526; x_wconf 90' lang='lat' dir='ltr'><strong>nequiter</strong></span> <span class='ocrx_word' id='word_1_199' title='bbox 2512 1470 2707 1526; x_wconf 87' lang='lat' dir='ltr'><strong>augere</strong></span> <span class='ocrx_word' id='word_1_200' title='bbox 2735 1453 3024 1508; x_wconf 87' lang='lat' dir='ltr'><strong>desiderat.</strong></span> <span class='ocrx_word' id='word_1_201' title='bbox 3059 1450 3464 1519; x_wconf 87' lang='lat' dir='ltr'><strong>Suprascriptus</strong></span> 
     </span>
    </p>
   </div>
   <div class='ocr_carea' id='block_1_31' title="bbox 1877 1542 3465 1605">
    <p class='ocr_par' dir='ltr' id='par_1_31' title="bbox 1877 1542 3465 1605">
     <span class='ocr_line' id='line_1_32' title="bbox 1877 1542 3465 1605; baseline -0.004 -2"><span class='ocrx_word' id='word_1_202' title='bbox 1877 1559 2054 1604; x_wconf 88' lang='lat' dir='ltr'><strong>autem</strong></span> <span class='ocrx_word' id='word_1_203' title='bbox 2088 1549 2466 1605; x_wconf 85' lang='lat' dir='ltr'><strong>dilectissimus</strong></span> <span class='ocrx_word' id='word_1_204' title='bbox 2496 1550 2655 1600; x_wconf 82' lang='lat' dir='ltr'><strong>frater</strong></span> <span class='ocrx_word' id='word_1_205' title='bbox 2697 1553 2877 1599; x_wconf 87' lang='lat' dir='ltr'><strong>noster</strong></span> <span class='ocrx_word' id='word_1_206' title='bbox 2925 1543 3208 1597; x_wconf 82' lang='lat' dir='ltr'><strong>Nemesion</strong></span> <span class='ocrx_word' id='word_1_207' title='bbox 3251 1542 3304 1595; x_wconf 89' lang='lat' dir='ltr'><strong>in</strong></span> <span class='ocrx_word' id='word_1_208' title='bbox 3348 1542 3465 1596; x_wconf 90' lang='lat' dir='ltr'><strong>loco</strong></span> 
     </span>
    </p>
   </div>
   <div class='ocr_carea' id='block_1_32' title="bbox 1879 1634 3460 1710">
    <p class='ocr_par' dir='ltr' id='par_1_32' title="bbox 1879 1634 3460 1710">
     <span class='ocr_line' id='line_1_33' title="bbox 1879 1634 3460 1710; baseline -0.007 -15"><span class='ocrx_word' id='word_1_209' title='bbox 1879 1657 1977 1695; x_wconf 89' lang='lat' dir='ltr'><strong>suo</strong></span> <span class='ocrx_word' id='word_1_210' title='bbox 2009 1650 2060 1696; x_wconf 91' lang='lat' dir='ltr'><strong>et</strong></span> <span class='ocrx_word' id='word_1_211' title='bbox 2087 1640 2424 1710; x_wconf 86' lang='lat' dir='ltr'><strong>episc0patus</strong></span> <span class='ocrx_word' id='word_1_212' title='bbox 2453 1638 2630 1692; x_wconf 80' lang='lat' dir='ltr'><strong>ofﬁcio</strong></span> <span class='ocrx_word' id='word_1_213' title='bbox 2679 1636 2860 1706; x_wconf 89' lang='lat' dir='ltr'><strong>procul</strong></span> <span class='ocrx_word' id='word_1_214' title='bbox 2909 1635 3072 1689; x_wconf 88' lang='lat' dir='ltr'><strong>dubio</strong></span> <span class='ocrx_word' id='word_1_215' title='bbox 3119 1634 3460 1695; x_wconf 90' lang='lat' dir='ltr'><strong>reformetur,</strong></span> 
     </span>
    </p>
   </div>
   <div class='ocr_carea' id='block_1_33' title="bbox 1875 1725 3464 1798">
    <p class='ocr_par' dir='ltr' id='par_1_33' title="bbox 1875 1725 3464 1798">
     <span class='ocr_line' id='line_1_34' title="bbox 1875 1725 3464 1798; baseline -0.008 -10"><span class='ocrx_word' id='word_1_216' title='bbox 1875 1743 2002 1788; x_wconf 86' lang='lat' dir='ltr'><strong>etne</strong></span> <span class='ocrx_word' id='word_1_217' title='bbox 2019 1733 2193 1787; x_wconf 90' lang='lat' dir='ltr'><strong>denuo</strong></span> <span class='ocrx_word' id='word_1_218' title='bbox 2207 1732 2303 1787; x_wconf 90' lang='lat' dir='ltr'><strong>hac</strong></span> <span class='ocrx_word' id='word_1_219' title='bbox 2316 1733 2377 1786; x_wconf 88' lang='lat' dir='ltr'><strong>de</strong></span> <span class='ocrx_word' id='word_1_220' title='bbox 2398 1746 2455 1785; x_wconf 89' lang='lat' dir='ltr'><strong>re</strong></span> <span class='ocrx_word' id='word_1_221' title='bbox 2474 1728 2886 1798; x_wconf 78' lang='lat' dir='ltr'><strong>inquietudinem</strong></span> <span class='ocrx_word' id='word_1_222' title='bbox 2903 1742 2964 1781; x_wconf 90' lang='lat' dir='ltr'><strong>ac</strong></span> <span class='ocrx_word' id='word_1_223' title='bbox 2987 1725 3280 1780; x_wconf 89' lang='lat' dir='ltr'><strong>molestiam</strong></span> <span class='ocrx_word' id='word_1_224' title='bbox 3297 1725 3464 1794; x_wconf 88' lang='lat' dir='ltr'><strong>patia-</strong></span> 
     </span>
    </p>
   </div>
   <div class='ocr_carea' id='block_1_34' title="bbox 181 1814 3461 1898">
    <p class='ocr_par' dir='ltr' id='par_1_34' title="bbox 181 1814 3461 1898">
     <span class='ocr_line' id='line_1_35' title="bbox 181 1814 3461 1898; baseline -0.001 -28"><span class='ocrx_word' id='word_1_225' title='bbox 181 1833 314 1884; x_wconf 90' lang='lat' dir='ltr'><strong>que,</strong></span> <span class='ocrx_word' id='word_1_226' title='bbox 350 1815 529 1870; x_wconf 87' lang='lat' dir='ltr'><strong>habita</strong></span> <span class='ocrx_word' id='word_1_227' title='bbox 553 1814 876 1885; x_wconf 88' lang='lat' dir='ltr'><strong>cognitione,</strong></span> <span class='ocrx_word' id='word_1_228' title='bbox 908 1814 1117 1884; x_wconf 69' lang='lat'><strong>1202</strong></span> <span class='ocrx_word' id='word_1_229' title='bbox 1146 1815 1240 1877; x_wconf 85' lang='lat' dir='ltr'><strong>ita,</strong></span> <span class='ocrx_word' id='word_1_230' title='bbox 1273 1815 1411 1882; x_wconf 89' lang='lat' dir='ltr'><strong>quod</strong></span> <span class='ocrx_word' id='word_1_231' title='bbox 1441 1817 1557 1870; x_wconf 86' lang='lat' dir='ltr'><strong>sine</strong></span> <span class='ocrx_word' id='word_1_232' title='bbox 1580 1815 1768 1872; x_wconf 91' lang='lat' dir='ltr'><strong>dolore</strong></span> <span class='ocrx_word' id='word_1_233' title='bbox 1798 1835 1846 1898; x_wconf 68' lang='grc' dir='ltr'><strong>Β</strong></span> <span class='ocrx_word' id='word_1_234' title='bbox 1874 1836 1979 1892; x_wconf 89' lang='lat' dir='ltr'><strong>tur,</strong></span> <span class='ocrx_word' id='word_1_235' title='bbox 1995 1823 2248 1878; x_wconf 88' lang='lat' dir='ltr'><strong>sollicitos</strong></span> <span class='ocrx_word' id='word_1_236' title='bbox 2273 1838 2365 1878; x_wconf 90' lang='lat' dir='ltr'><strong>vos</strong></span> <span class='ocrx_word' id='word_1_237' title='bbox 2385 1837 2504 1877; x_wconf 91' lang='lat' dir='ltr'><strong>esse</strong></span> <span class='ocrx_word' id='word_1_238' title='bbox 2523 1835 2740 1876; x_wconf 89' lang='lat' dir='ltr'><strong>necesse</strong></span> <span class='ocrx_word' id='word_1_239' title='bbox 2761 1829 2860 1884; x_wconf 91' lang='lat' dir='ltr'><strong>est,</strong></span> <span class='ocrx_word' id='word_1_240' title='bbox 2881 1818 3005 1888; x_wconf 86' lang='lat' dir='ltr'><strong>quia</strong></span> <span class='ocrx_word' id='word_1_241' title='bbox 3023 1818 3126 1872; x_wconf 91' lang='lat' dir='ltr'><strong>hoc</strong></span> <span class='ocrx_word' id='word_1_242' title='bbox 3155 1833 3258 1870; x_wconf 88' lang='lat' dir='ltr'><strong>non</strong></span> <span class='ocrx_word' id='word_1_243' title='bbox 3288 1816 3461 1870; x_wconf 90' lang='lat' dir='ltr'><strong>solum</strong></span> 
     </span>
    </p>
   </div>
   <div class='ocr_carea' id='block_1_35' title="bbox 179 1904 1768 1976">
    <p class='ocr_par' dir='ltr' id='par_1_35' title="bbox 179 1904 1768 1976">
     <span class='ocr_line' id='line_1_36' title="bbox 179 1904 1768 1976; baseline 0.001 -16"><span class='ocrx_word' id='word_1_244' title='bbox 179 1909 368 1961; x_wconf 89' lang='lat' dir='ltr'><strong>dicere</strong></span> <span class='ocrx_word' id='word_1_245' title='bbox 404 1922 510 1960; x_wconf 89' lang='lat' dir='ltr'><strong>non</strong></span> <span class='ocrx_word' id='word_1_246' title='bbox 537 1919 835 1974; x_wconf 87' lang='lat' dir='ltr'><strong>possumus,</strong></span> <span class='ocrx_word' id='word_1_247' title='bbox 867 1905 1141 1969; x_wconf 88' lang='lat' dir='ltr'><strong>claruisse,</strong></span> <span class='ocrx_word' id='word_1_248' title='bbox 1170 1913 1330 1974; x_wconf 90' lang='lat' dir='ltr'><strong>atque</strong></span> <span class='ocrx_word' id='word_1_249' title='bbox 1358 1904 1593 1974; x_wconf 86' lang='lat' dir='ltr'><strong>insuper,</strong></span> <span class='ocrx_word' id='word_1_250' title='bbox 1624 1917 1768 1976; x_wconf 92' lang='lat' dir='ltr'><strong>post-</strong></span> 
     </span>
    </p>
   </div>
   <div class='ocr_carea' id='block_1_36' title="bbox 179 1994 1774 2066">
    <p class='ocr_par' dir='ltr' id='par_1_36' title="bbox 179 1994 1774 2066">
     <span class='ocr_line' id='line_1_37' title="bbox 179 1994 1774 2066; baseline 0 -15"><span class='ocrx_word' id='word_1_251' title='bbox 179 2012 348 2066; x_wconf 86' lang='lat' dir='ltr'><strong>quam</strong></span> <span class='ocrx_word' id='word_1_252' title='bbox 371 1997 646 2051; x_wconf 92' lang='lat' dir='ltr'><strong>eonvictus</strong></span> <span class='ocrx_word' id='word_1_253' title='bbox 677 2004 778 2058; x_wconf 89' lang='lat' dir='ltr'><strong>est,</strong></span> <span class='ocrx_word' id='word_1_254' title='bbox 807 1994 967 2050; x_wconf 89' lang='lat' dir='ltr'><strong>etiam</strong></span> <span class='ocrx_word' id='word_1_255' title='bbox 1001 2009 1121 2048; x_wconf 90' lang='lat' dir='ltr'><strong>eum</strong></span> <span class='ocrx_word' id='word_1_256' title='bbox 1153 1995 1385 2049; x_wconf 91' lang='lat' dir='ltr'><strong>libellum</strong></span> <span class='ocrx_word' id='word_1_257' title='bbox 1416 1994 1468 2050; x_wconf 92' lang='lat' dir='ltr'><strong>in</strong></span> <span class='ocrx_word' id='word_1_258' title='bbox 1493 2011 1597 2066; x_wconf 91' lang='lat' dir='ltr'><strong>quo</strong></span> <span class='ocrx_word' id='word_1_259' title='bbox 1623 2013 1682 2051; x_wconf 88' lang='lat' dir='ltr'><strong>ea</strong></span> <span class='ocrx_word' id='word_1_260' title='bbox 1707 1997 1774 2051; x_wconf 91' lang='lat' dir='ltr'><strong>de</strong></span> 
     </span>
    </p>
   </div>
   <div class='ocr_carea' id='block_1_37' title="bbox 179 2086 1774 2155">
    <p class='ocr_par' dir='ltr' id='par_1_37' title="bbox 179 2086 1774 2155">
     <span class='ocr_line' id='line_1_38' title="bbox 179 2086 1774 2155; baseline 0.002 -16"><span class='ocrx_word' id='word_1_261' title='bbox 179 2088 381 2155; x_wconf 85' lang='lat' dir='ltr'><strong>quibus</strong></span> <span class='ocrx_word' id='word_1_262' title='bbox 411 2096 690 2142; x_wconf 83' lang='lat' dir='ltr'><strong>accusatus</strong></span> <span class='ocrx_word' id='word_1_263' title='bbox 722 2087 892 2139; x_wconf 89' lang='lat' dir='ltr'><strong>fuerat</strong></span> <span class='ocrx_word' id='word_1_264' title='bbox 915 2100 1039 2139; x_wconf 85' lang='lat' dir='ltr'><strong>vera</strong></span> <span class='ocrx_word' id='word_1_265' title='bbox 1059 2099 1184 2140; x_wconf 87' lang='lat' dir='ltr'><strong>esse</strong></span> <span class='ocrx_word' id='word_1_266' title='bbox 1213 2086 1489 2141; x_wconf 81' lang='lat' dir='ltr'><strong>confessus</strong></span> <span class='ocrx_word' id='word_1_267' title='bbox 1515 2097 1596 2142; x_wconf 91' lang='lat' dir='ltr'><strong>est</strong></span> <span class='ocrx_word' id='word_1_268' title='bbox 1625 2088 1774 2142; x_wconf 85' lang='lat' dir='ltr'><strong>obtu-</strong></span> 
     </span>
    </p>
   </div>
   <div class='ocr_carea' id='block_1_38' title="bbox 181 2157 1768 2249">
    <p class='ocr_par' dir='ltr' id='par_1_38' title="bbox 181 2157 1768 2249">
     <span class='ocr_line' id='line_1_39' title="bbox 181 2157 1768 2249; baseline 0.002 -19"><span class='ocrx_word' id='word_1_269' title='bbox 181 2180 355 2244; x_wconf 88' lang='lat' dir='ltr'><strong>lisse;</strong></span> <span class='ocrx_word' id='word_1_270' title='bbox 403 2192 506 2246; x_wconf 88' lang='lat' dir='ltr'><strong>qua</strong></span> <span class='ocrx_word' id='word_1_271' title='bbox 538 2177 606 2231; x_wconf 92' lang='lat' dir='ltr'><strong>de</strong></span> <span class='ocrx_word' id='word_1_272' title='bbox 646 2192 703 2231; x_wconf 92' lang='lat' dir='ltr'><strong>re</strong></span> <span class='ocrx_word' id='word_1_273' title='bbox 728 2177 1020 2239; x_wconf 83' lang='lat' dir='ltr'><strong>sententia,</strong></span> <span class='ocrx_word' id='word_1_274' title='bbox 1061 2177 1152 2230; x_wconf 92' lang='lat' dir='ltr'><strong>illo</strong></span> <span class='ocrx_word' id='word_1_275' title='bbox 1183 2178 1473 2247; x_wconf 83' lang='lat' dir='ltr'><strong>episcopali</strong></span> <span class='ocrx_word' id='word_1_276' title='bbox 1506 2157 1768 2249; x_wconf 77' lang='lat' dir='ltr'><strong>deposito,</strong></span> 
     </span>
    </p>
   </div>
   <div class='ocr_carea' id='block_1_39' title="bbox 178 2270 1772 2339">
    <p class='ocr_par' dir='ltr' id='par_1_39' title="bbox 178 2270 1772 2339">
     <span class='ocr_line' id='line_1_40' title="bbox 178 2270 1772 2339; baseline 0.001 -14"><span class='ocrx_word' id='word_1_277' title='bbox 178 2271 304 2339; x_wconf 92' lang='lat' dir='ltr'><strong>ejus</strong></span> <span class='ocrx_word' id='word_1_278' title='bbox 335 2271 452 2326; x_wconf 91' lang='lat' dir='ltr'><strong>loco</strong></span> <span class='ocrx_word' id='word_1_279' title='bbox 477 2285 536 2326; x_wconf 89' lang='lat' dir='ltr'><strong>se</strong></span> <span class='ocrx_word' id='word_1_280' title='bbox 580 2285 699 2324; x_wconf 92' lang='lat' dir='ltr'><strong>cum</strong></span> <span class='ocrx_word' id='word_1_281' title='bbox 742 2270 1088 2326; x_wconf 87' lang='lat' dir='ltr'><strong>fraternitatis</strong></span> <span class='ocrx_word' id='word_1_282' title='bbox 1120 2282 1317 2327; x_wconf 71' lang='lat' dir='ltr'><strong>vestra:</strong></span> <span class='ocrx_word' id='word_1_283' title='bbox 1355 2287 1618 2327; x_wconf 88' lang='lat' dir='ltr'><strong>consensu</strong></span> <span class='ocrx_word' id='word_1_284' title='bbox 1650 2288 1772 2328; x_wconf 80' lang='lat' dir='ltr'><strong>esse</strong></span> 
     </span>
    </p>
   </div>
   <div class='ocr_carea' id='block_1_40' title="bbox 178 2363 1770 2433">
    <p class='ocr_par' dir='ltr' id='par_1_40' title="bbox 178 2363 1770 2433">
     <span class='ocr_line' id='line_1_41' title="bbox 178 2363 1770 2433; baseline -0.001 -14"><span class='ocrx_word' id='word_1_285' title='bbox 178 2365 498 2433; x_wconf 85' lang='lat' dir='ltr'><strong>episcopum</strong></span> <span class='ocrx_word' id='word_1_286' title='bbox 537 2365 873 2428; x_wconf 88' lang='lat' dir='ltr'><strong>ordinatum;</strong></span> <span class='ocrx_word' id='word_1_287' title='bbox 919 2363 1014 2418; x_wconf 89' lang='lat' dir='ltr'><strong>sed</strong></span> <span class='ocrx_word' id='word_1_288' title='bbox 1056 2368 1198 2420; x_wconf 86' lang='lat' dir='ltr'><strong>nunc</strong></span> <span class='ocrx_word' id='word_1_289' title='bbox 1249 2365 1494 2420; x_wconf 90' lang='lat' dir='ltr'><strong>eumdem</strong></span> <span class='ocrx_word' id='word_1_290' title='bbox 1550 2366 1770 2419; x_wconf 85' lang='lat' dir='ltr'><strong>Paulum</strong></span> 
     </span>
    </p>
   </div>
   <div class='ocr_carea' id='block_1_41' title="bbox 179 2455 1772 2526">
    <p class='ocr_par' dir='ltr' id='par_1_41' title="bbox 179 2455 1772 2526">
     <span class='ocr_line' id='line_1_42' title="bbox 179 2455 1772 2526; baseline 0.001 -15"><span class='ocrx_word' id='word_1_291' title='bbox 179 2471 310 2512; x_wconf 80' lang='lat' dir='ltr'><strong>cum</strong></span> <span class='ocrx_word' id='word_1_292' title='bbox 343 2456 540 2510; x_wconf 77' lang='lat' dir='ltr'><strong>auxilio</strong></span> <span class='ocrx_word' id='word_1_293' title='bbox 569 2455 900 2510; x_wconf 78' lang='lat' dir='ltr'><strong>saecularium</strong></span> <span class='ocrx_word' id='word_1_294' title='bbox 938 2455 1175 2525; x_wconf 89' lang='lat' dir='ltr'><strong>judicum</strong></span> <span class='ocrx_word' id='word_1_295' title='bbox 1227 2458 1526 2512; x_wconf 85' lang='lat' dir='ltr'><strong>venientem</strong></span> <span class='ocrx_word' id='word_1_296' title='bbox 1559 2459 1772 2526; x_wconf 87' lang='lat' dir='ltr'><strong>episco—</strong></span> 
     </span>
    </p>
   </div>
   <div class='ocr_carea' id='block_1_42' title="bbox 176 2544 1772 2616">
    <p class='ocr_par' dir='ltr' id='par_1_42' title="bbox 176 2544 1772 2616">
     <span class='ocr_line' id='line_1_43' title="bbox 176 2544 1772 2616; baseline 0.003 -19"><span class='ocrx_word' id='word_1_297' title='bbox 176 2546 330 2615; x_wconf 88' lang='lat' dir='ltr'><strong>pium</strong></span> <span class='ocrx_word' id='word_1_298' title='bbox 357 2559 506 2600; x_wconf 90' lang='lat' dir='ltr'><strong>more</strong></span> <span class='ocrx_word' id='word_1_299' title='bbox 537 2546 804 2613; x_wconf 70' lang='lat' dir='ltr'><strong>praedonis</strong></span> <span class='ocrx_word' id='word_1_300' title='bbox 824 2546 1145 2615; x_wconf 85' lang='lat' dir='ltr'><strong>ingressum,</strong></span> <span class='ocrx_word' id='word_1_301' title='bbox 1178 2544 1476 2616; x_wconf 87' lang='lat' dir='ltr'><strong>ablatisque</strong></span> <span class='ocrx_word' id='word_1_302' title='bbox 1507 2547 1772 2602; x_wconf 89' lang='lat' dir='ltr'><strong>violenter</strong></span> 
     </span>
    </p>
   </div>
   <div class='ocr_carea' id='block_1_43' title="bbox 173 2637 1770 2706">
    <p class='ocr_par' dir='ltr' id='par_1_43' title="bbox 173 2637 1770 2706">
     <span class='ocr_line' id='line_1_44' title="bbox 173 2637 1770 2706; baseline -0.002 -12"><span class='ocrx_word' id='word_1_303' title='bbox 173 2638 348 2694; x_wconf 85' lang='lat' dir='ltr'><strong>rebus</strong></span> <span class='ocrx_word' id='word_1_304' title='bbox 377 2638 637 2700; x_wconf 69' lang='lat' dir='ltr'><strong>ecclesire,</strong></span> <span class='ocrx_word' id='word_1_305' title='bbox 670 2638 737 2692; x_wconf 88' lang='lat' dir='ltr'><strong>ab</strong></span> <span class='ocrx_word' id='word_1_306' title='bbox 765 2652 828 2692; x_wconf 93' lang='lat' dir='ltr'><strong>eo</strong></span> <span class='ocrx_word' id='word_1_307' title='bbox 855 2653 913 2692; x_wconf 90' lang='lat' dir='ltr'><strong>se</strong></span> <span class='ocrx_word' id='word_1_308' title='bbox 943 2637 1236 2706; x_wconf 88' lang='lat' dir='ltr'><strong>projectum</strong></span> <span class='ocrx_word' id='word_1_309' title='bbox 1268 2646 1290 2676; x_wconf 75' lang='grc' dir='ltr'><strong>ο</strong></span> <span class='ocrx_word' id='word_1_310' title='bbox 1321 2648 1375 2693; x_wconf 91' lang='lat' dir='ltr'><strong>et</strong></span> <span class='ocrx_word' id='word_1_311' title='bbox 1409 2639 1476 2692; x_wconf 85' lang='lat' dir='ltr'><strong>ad</strong></span> <span class='ocrx_word' id='word_1_312' title='bbox 1507 2653 1770 2693; x_wconf 89' lang='lat' dir='ltr'><strong>summam</strong></span> 
     </span>
    </p>
   </div>
   <div class='ocr_carea' id='block_1_44' title="bbox 172 2729 1772 2801">
    <p class='ocr_par' dir='ltr' id='par_1_44' title="bbox 172 2729 1772 2801">
     <span class='ocr_line' id='line_1_45' title="bbox 172 2729 1772 2801; baseline 0.001 -15"><span class='ocrx_word' id='word_1_313' title='bbox 172 2731 435 2800; x_wconf 85' lang='lat' dir='ltr'><strong>injuriam</strong></span> <span class='ocrx_word' id='word_1_314' title='bbox 460 2745 521 2785; x_wconf 85' lang='lat' dir='ltr'><strong>ac</strong></span> <span class='ocrx_word' id='word_1_315' title='bbox 539 2745 722 2786; x_wconf 83' lang='lat' dir='ltr'><strong>necem</strong></span> <span class='ocrx_word' id='word_1_316' title='bbox 746 2745 882 2799; x_wconf 88' lang='lat' dir='ltr'><strong>pene</strong></span> <span class='ocrx_word' id='word_1_317' title='bbox 906 2729 1237 2799; x_wconf 91' lang='lat' dir='ltr'><strong>perductum.</strong></span> <span class='ocrx_word' id='word_1_318' title='bbox 1256 2730 1321 2786; x_wconf 89' lang='lat' dir='ltr'><strong>Et</strong></span> <span class='ocrx_word' id='word_1_319' title='bbox 1342 2733 1589 2801; x_wconf 75' lang='lat' dir='ltr'><strong>quoniam</strong></span> <span class='ocrx_word' id='word_1_320' title='bbox 1610 2741 1772 2787; x_wconf 84' lang='lat' dir='ltr'><strong>tantae</strong></span> 
     </span>
    </p>
   </div>
   <div class='ocr_carea' id='block_1_45' title="bbox 171 2822 1770 2893">
    <p class='ocr_par' dir='ltr' id='par_1_45' title="bbox 171 2822 1770 2893">
     <span class='ocr_line' id='line_1_46' title="bbox 171 2822 1770 2893; baseline 0.001 -15"><span class='ocrx_word' id='word_1_321' title='bbox 171 2823 435 2893; x_wconf 66' lang='lat' dir='ltr'><strong>nequitiis</strong></span> <span class='ocrx_word' id='word_1_322' title='bbox 463 2822 717 2892; x_wconf 81' lang='lat' dir='ltr'><strong>pravitas,</strong></span> <span class='ocrx_word' id='word_1_323' title='bbox 749 2836 848 2877; x_wconf 91' lang='lat' dir='ltr'><strong>nec</strong></span> <span class='ocrx_word' id='word_1_324' title='bbox 875 2822 1278 2889; x_wconf 85' lang='lat' dir='ltr'><strong>dissimulanda,</strong></span> <span class='ocrx_word' id='word_1_325' title='bbox 1324 2837 1423 2879; x_wconf 90' lang='lat' dir='ltr'><strong>nee</strong></span> <span class='ocrx_word' id='word_1_326' title='bbox 1467 2823 1656 2878; x_wconf 77' lang='lat' dir='ltr'><strong>leviter</strong></span> <span class='ocrx_word' id='word_1_327' title='bbox 1681 2830 1770 2879; x_wconf 81' lang='lat' dir='ltr'><strong>at-</strong></span> 
     </span>
    </p>
   </div>
   <div class='ocr_carea' id='block_1_46' title="bbox 173 2911 1772 2982">
    <p class='ocr_par' dir='ltr' id='par_1_46' title="bbox 173 2911 1772 2982">
     <span class='ocr_line' id='line_1_47' title="bbox 173 2911 1772 2982; baseline 0 -15"><span class='ocrx_word' id='word_1_328' title='bbox 173 2913 449 2968; x_wconf 85' lang='lat' dir='ltr'><strong>tendenda</strong></span> <span class='ocrx_word' id='word_1_329' title='bbox 475 2920 577 2978; x_wconf 91' lang='lat' dir='ltr'><strong>est,</strong></span> <span class='ocrx_word' id='word_1_330' title='bbox 610 2911 917 2966; x_wconf 86' lang='lat' dir='ltr'><strong>fraternitas</strong></span> <span class='ocrx_word' id='word_1_331' title='bbox 942 2923 1116 2968; x_wconf 86' lang='lat' dir='ltr'><strong>vestra</strong></span> <span class='ocrx_word' id='word_1_332' title='bbox 1145 2913 1260 2966; x_wconf 86' lang='lat' dir='ltr'><strong>haec</strong></span> <span class='ocrx_word' id='word_1_333' title='bbox 1288 2915 1464 2967; x_wconf 90' lang='lat' dir='ltr'><strong>omnia</strong></span> <span class='ocrx_word' id='word_1_334' title='bbox 1491 2913 1772 2982; x_wconf 71' lang='lat' dir='ltr'><strong>diligenter</strong></span> 
     </span>
    </p>
   </div>
   <div class='ocr_carea' id='block_1_47' title="bbox 171 3003 1771 3068">
    <p class='ocr_par' dir='ltr' id='par_1_47' title="bbox 171 3003 1771 3068">
     <span class='ocr_line' id='line_1_48' title="bbox 171 3003 1771 3068; baseline 0.002 -11"><span class='ocrx_word' id='word_1_335' title='bbox 171 3013 337 3060; x_wconf 88' lang='lat' dir='ltr'><strong>curet</strong></span> <span class='ocrx_word' id='word_1_336' title='bbox 365 3004 659 3068; x_wconf 79' lang='lat' dir='ltr'><strong>addiscere,</strong></span> <span class='ocrx_word' id='word_1_337' title='bbox 693 3014 746 3060; x_wconf 90' lang='lat' dir='ltr'><strong>et</strong></span> <span class='ocrx_word' id='word_1_338' title='bbox 793 3003 837 3058; x_wconf 91' lang='lat' dir='ltr'><strong>si</strong></span> <span class='ocrx_word' id='word_1_339' title='bbox 869 3005 939 3058; x_wconf 92' lang='lat' dir='ltr'><strong>ita</strong></span> <span class='ocrx_word' id='word_1_340' title='bbox 969 3019 1028 3060; x_wconf 91' lang='lat' dir='ltr'><strong>se</strong></span> <span class='ocrx_word' id='word_1_341' title='bbox 1069 3015 1124 3059; x_wconf 92' lang='lat' dir='ltr'><strong>ut</strong></span> <span class='ocrx_word' id='word_1_342' title='bbox 1154 3006 1331 3059; x_wconf 74' lang='lat' dir='ltr'><strong>edocu</strong></span> <span class='ocrx_word' id='word_1_343' title='bbox 1359 3021 1545 3061; x_wconf 90' lang='lat' dir='ltr'><strong>sumus</strong></span> <span class='ocrx_word' id='word_1_344' title='bbox 1575 3008 1771 3060; x_wconf 85' lang='lat' dir='ltr'><strong>veritas</strong></span> 
     </span>
    </p>
   </div>
   <div class='ocr_carea' id='block_1_48' title="bbox 171 3096 1770 3167">
    <p class='ocr_par' dir='ltr' id='par_1_48' title="bbox 171 3096 1770 3167">
     <span class='ocr_line' id='line_1_49' title="bbox 171 3096 1770 3167; baseline 0.002 -16"><span class='ocrx_word' id='word_1_345' title='bbox 171 3098 364 3164; x_wconf 86' lang='lat' dir='ltr'><strong>habet,</strong></span> <span class='ocrx_word' id='word_1_346' title='bbox 389 3097 701 3167; x_wconf 71' lang='lat' dir='ltr'><strong>praedictum</strong></span> <span class='ocrx_word' id='word_1_347' title='bbox 728 3096 950 3151; x_wconf 85' lang='lat' dir='ltr'><strong>Paulum</strong></span> <span class='ocrx_word' id='word_1_348' title='bbox 979 3097 1223 3152; x_wconf 86' lang='lat' dir='ltr'><strong>districta</strong></span> <span class='ocrx_word' id='word_1_349' title='bbox 1247 3097 1407 3153; x_wconf 85' lang='lat' dir='ltr'><strong>faciat</strong></span> <span class='ocrx_word' id='word_1_350' title='bbox 1427 3101 1770 3154; x_wconf 79' lang='lat' dir='ltr'><strong>exsecutione</strong></span> 
     </span>
    </p>
   </div>
   <div class='ocr_carea' id='block_1_49' title="bbox 169 3187 2242 3266">
    <p class='ocr_par' dir='ltr' id='par_1_49' title="bbox 169 3187 2242 3266">
     <span class='ocr_line' id='line_1_50' title="bbox 169 3187 2242 3266; baseline 0.002 -25"><span class='ocrx_word' id='word_1_351' title='bbox 169 3187 464 3256; x_wconf 79' lang='lat' dir='ltr'><strong>compelli,</strong></span> <span class='ocrx_word' id='word_1_352' title='bbox 493 3193 556 3242; x_wconf 89' lang='lat' dir='ltr'><strong>ut</strong></span> <span class='ocrx_word' id='word_1_353' title='bbox 593 3199 922 3258; x_wconf 74' lang='lat' dir='ltr'><strong>quaecunque</strong></span> <span class='ocrx_word' id='word_1_354' title='bbox 953 3188 1173 3241; x_wconf 83' lang='lat' dir='ltr'><strong>abstulit</strong></span> <span class='ocrx_word' id='word_1_355' title='bbox 1199 3188 1345 3241; x_wconf 86' lang='lat' dir='ltr'><strong>omni</strong></span> <span class='ocrx_word' id='word_1_356' title='bbox 1374 3201 1520 3241; x_wconf 90' lang='lat' dir='ltr'><strong>mora</strong></span> <span class='ocrx_word' id='word_1_357' title='bbox 1548 3191 1628 3242; x_wconf 86' lang='lat' dir='ltr'><strong>vel</strong></span> <span class='ocrx_word' id='word_1_358' title='bbox 1675 3203 1769 3243; x_wconf 85' lang='lat' dir='ltr'><strong>ex-</strong></span> <span class='ocrx_word' id='word_1_359' title='bbox 1799 3205 1844 3266; x_wconf 71' lang='grc' dir='ltr'><strong>ς</strong></span> <span class='ocrx_word' id='word_1_360' title='bbox 1878 3206 2193 3266; x_wconf 72' lang='lat' dir='ltr'><strong>postponere</strong></span> <span class='ocrx_word' id='word_1_361' title='bbox 2230 3247 2242 3263; x_wconf 66' lang='grc'><em>,</em></span> 
     </span>
    </p>
   </div>
   <div class='ocr_carea' id='block_1_50' title="bbox 169 3277 1766 3350">
    <p class='ocr_par' dir='ltr' id='par_1_50' title="bbox 169 3277 1766 3350">
     <span class='ocr_line' id='line_1_51' title="bbox 169 3277 1766 3350; baseline 0 -16"><span class='ocrx_word' id='word_1_362' title='bbox 169 3280 463 3335; x_wconf 80' lang='lat' dir='ltr'><strong>cusatione</strong></span> <span class='ocrx_word' id='word_1_363' title='bbox 489 3287 733 3333; x_wconf 79' lang='lat' dir='ltr'><strong>cessante</strong></span> <span class='ocrx_word' id='word_1_364' title='bbox 764 3279 1026 3333; x_wconf 75' lang='lat' dir='ltr'><strong>restituat.</strong></span> <span class='ocrx_word' id='word_1_365' title='bbox 1060 3279 1116 3333; x_wconf 87' lang='lat' dir='ltr'><strong>Si</strong></span> <span class='ocrx_word' id='word_1_366' title='bbox 1157 3293 1285 3334; x_wconf 86' lang='lat' dir='ltr'><strong>vero</strong></span> <span class='ocrx_word' id='word_1_367' title='bbox 1327 3280 1457 3333; x_wconf 91' lang='lat' dir='ltr'><strong>nihil</strong></span> <span class='ocrx_word' id='word_1_368' title='bbox 1490 3277 1766 3350; x_wconf 73' lang='lat' dir='ltr'><strong>Ecclesize,</strong></span> 
     </span>
    </p>
   </div>
   <div class='ocr_carea' id='block_1_51' title="bbox 168 3369 1768 3440">
    <p class='ocr_par' dir='ltr' id='par_1_51' title="bbox 168 3369 1768 3440">
     <span class='ocr_line' id='line_1_52' title="bbox 168 3369 1768 3440; baseline 0 -14"><span class='ocrx_word' id='word_1_369' title='bbox 168 3370 277 3426; x_wconf 83' lang='lat' dir='ltr'><strong>sed</strong></span> <span class='ocrx_word' id='word_1_370' title='bbox 309 3369 582 3438; x_wconf 82' lang='lat' dir='ltr'><strong>proprium</strong></span> <span class='ocrx_word' id='word_1_371' title='bbox 610 3383 673 3424; x_wconf 88' lang='lat' dir='ltr'><strong>se</strong></span> <span class='ocrx_word' id='word_1_372' title='bbox 698 3369 884 3423; x_wconf 81' lang='lat' dir='ltr'><strong>dixerit</strong></span> <span class='ocrx_word' id='word_1_373' title='bbox 914 3369 1231 3438; x_wconf 85' lang='lat' dir='ltr'><strong>abstulisse,</strong></span> <span class='ocrx_word' id='word_1_374' title='bbox 1260 3370 1502 3439; x_wconf 79' lang='lat' dir='ltr'><strong>quamvis</strong></span> <span class='ocrx_word' id='word_1_375' title='bbox 1523 3384 1686 3440; x_wconf 86' lang='lat' dir='ltr'><strong>grave</strong></span> <span class='ocrx_word' id='word_1_376' title='bbox 1713 3381 1768 3426; x_wconf 91' lang='lat' dir='ltr'><strong>et</strong></span> 
     </span>
    </p>
   </div>
   <div class='ocr_carea' id='block_1_52' title="bbox 168 3459 1768 3532">
    <p class='ocr_par' dir='ltr' id='par_1_52' title="bbox 168 3459 1768 3532">
     <span class='ocr_line' id='line_1_53' title="bbox 168 3459 1768 3532; baseline 0.001 -16"><span class='ocrx_word' id='word_1_377' title='bbox 168 3461 426 3529; x_wconf 85' lang='lat' dir='ltr'><strong>iniquum</strong></span> <span class='ocrx_word' id='word_1_378' title='bbox 458 3459 618 3515; x_wconf 88' lang='lat' dir='ltr'><strong>fuerit</strong></span> <span class='ocrx_word' id='word_1_379' title='bbox 645 3468 705 3514; x_wconf 86' lang='lat' dir='ltr'><strong>ut</strong></span> <span class='ocrx_word' id='word_1_380' title='bbox 743 3469 850 3515; x_wconf 84' lang='lat' dir='ltr'><strong>neu</strong></span> <span class='ocrx_word' id='word_1_381' title='bbox 889 3472 920 3512; x_wconf 81' lang='lat' dir='ltr'><strong>a</strong></span> <span class='ocrx_word' id='word_1_382' title='bbox 972 3461 1125 3516; x_wconf 77' lang='lat' dir='ltr'><strong>vobis</strong></span> <span class='ocrx_word' id='word_1_383' title='bbox 1151 3461 1233 3515; x_wconf 87' lang='lat' dir='ltr'><strong>vel</strong></span> <span class='ocrx_word' id='word_1_384' title='bbox 1280 3475 1309 3515; x_wconf 89' lang='lat' dir='ltr'><strong>a</strong></span> <span class='ocrx_word' id='word_1_385' title='bbox 1357 3463 1768 3532; x_wconf 67' lang='lat' dir='ltr'><strong>metropolitano</strong></span> 
     </span>
    </p>
   </div>
   <div class='ocr_carea' id='block_1_53' title="bbox 169 3552 1770 3626">
    <p class='ocr_par' dir='ltr' id='par_1_53' title="bbox 169 3552 1770 3626">
     <span class='ocr_line' id='line_1_54' title="bbox 169 3552 1770 3626; baseline 0.006 -21"><span class='ocrx_word' id='word_1_386' title='bbox 169 3553 303 3624; x_wconf 78' lang='lat' dir='ltr'><strong>ejus</strong></span> <span class='ocrx_word' id='word_1_387' title='bbox 333 3552 434 3608; x_wconf 89' lang='lat' dir='ltr'><strong>hoe</strong></span> <span class='ocrx_word' id='word_1_388' title='bbox 457 3563 685 3623; x_wconf 83' lang='lat' dir='ltr'><strong>peteret,</strong></span> <span class='ocrx_word' id='word_1_389' title='bbox 708 3554 802 3608; x_wconf 84' lang='lat' dir='ltr'><strong>sed</strong></span> <span class='ocrx_word' id='word_1_390' title='bbox 833 3555 1115 3609; x_wconf 84' lang='lat' dir='ltr'><strong>temerario</strong></span> <span class='ocrx_word' id='word_1_391' title='bbox 1137 3567 1271 3611; x_wconf 82' lang='lat' dir='ltr'><strong>ausu</strong></span> <span class='ocrx_word' id='word_1_392' title='bbox 1296 3569 1456 3611; x_wconf 80' lang='lat' dir='ltr'><strong>manu</strong></span> <span class='ocrx_word' id='word_1_393' title='bbox 1479 3573 1770 3626; x_wconf 62' lang='lat' dir='ltr'><strong>praesume-</strong></span> 
     </span>
    </p>
   </div>
   <div class='ocr_carea' id='block_1_54' title="bbox 167 3647 1769 3716">
    <p class='ocr_par' dir='ltr' id='par_1_54' title="bbox 167 3647 1769 3716">
     <span class='ocr_line' id='line_1_55' title="bbox 167 3647 1769 3716; baseline 0.003 -15"><span class='ocrx_word' id='word_1_394' title='bbox 167 3655 264 3701; x_wconf 84' lang='lat' dir='ltr'><strong>ret</strong></span> <span class='ocrx_word' id='word_1_395' title='bbox 301 3659 493 3716; x_wconf 83' lang='lat' dir='ltr'><strong>agere,</strong></span> <span class='ocrx_word' id='word_1_396' title='bbox 523 3655 887 3701; x_wconf 84' lang='lat' dir='ltr'><strong>verumtamen</strong></span> <span class='ocrx_word' id='word_1_397' title='bbox 943 3647 987 3700; x_wconf 89' lang='lat' dir='ltr'><strong>si</strong></span> <span class='ocrx_word' id='word_1_398' title='bbox 1018 3647 1143 3716; x_wconf 87' lang='lat' dir='ltr'><strong>quid</strong></span> <span class='ocrx_word' id='word_1_399' title='bbox 1175 3650 1445 3716; x_wconf 83' lang='lat' dir='ltr'><strong>proprium</strong></span> <span class='ocrx_word' id='word_1_400' title='bbox 1475 3650 1620 3716; x_wconf 90' lang='lat' dir='ltr'><strong>tulit,</strong></span> <span class='ocrx_word' id='word_1_401' title='bbox 1669 3651 1769 3707; x_wconf 85' lang='lat' dir='ltr'><strong>sub</strong></span> 
     </span>
    </p>
   </div>
   <div class='ocr_carea' id='block_1_55' title="bbox 165 3736 1768 3796">
    <p class='ocr_par' dir='ltr' id='par_1_55' title="bbox 165 3736 1768 3796">
     <span class='ocr_line' id='line_1_56' title="bbox 165 3736 1768 3796; baseline 0.002 -4"><span class='ocrx_word' id='word_1_402' title='bbox 165 3736 539 3793; x_wconf 83' lang='lat' dir='ltr'><strong>fraternitatis</strong></span> <span class='ocrx_word' id='word_1_403' title='bbox 581 3749 773 3793; x_wconf 69' lang='lat' dir='ltr'><strong>vestra:</strong></span> <span class='ocrx_word' id='word_1_404' title='bbox 802 3736 960 3794; x_wconf 87' lang='lat' dir='ltr'><strong>debet</strong></span> <span class='ocrx_word' id='word_1_405' title='bbox 988 3739 1385 3795; x_wconf 81' lang='lat' dir='ltr'><strong>examinatione</strong></span> <span class='ocrx_word' id='word_1_406' title='bbox 1432 3752 1686 3796; x_wconf 85' lang='lat' dir='ltr'><strong>constare</strong></span> <span class='ocrx_word' id='word_1_407' title='bbox 1722 3744 1768 3796; x_wconf 87' lang='lat' dir='ltr'><strong>si</strong></span> 
     </span>
    </p>
   </div>
   <div class='ocr_carea' id='block_1_56' title="bbox 166 3831 1770 3902">
    <p class='ocr_par' dir='ltr' id='par_1_56' title="bbox 166 3831 1770 3902">
     <span class='ocr_line' id='line_1_57' title="bbox 166 3831 1770 3902; baseline 0.001 -16"><span class='ocrx_word' id='word_1_408' title='bbox 166 3841 374 3886; x_wconf 64' lang='lat' dir='ltr'><strong>verum</strong></span> <span class='ocrx_word' id='word_1_409' title='bbox 405 3838 510 3886; x_wconf 87' lang='lat' dir='ltr'><strong>est.</strong></span> <span class='ocrx_word' id='word_1_410' title='bbox 541 3831 646 3887; x_wconf 86' lang='lat' dir='ltr'><strong>Sed</strong></span> <span class='ocrx_word' id='word_1_411' title='bbox 676 3841 728 3885; x_wconf 88' lang='lat' dir='ltr'><strong>et</strong></span> <span class='ocrx_word' id='word_1_412' title='bbox 769 3831 896 3886; x_wconf 92' lang='lat' dir='ltr'><strong>illud</strong></span> <span class='ocrx_word' id='word_1_413' title='bbox 945 3831 1231 3901; x_wconf 88' lang='lat' dir='ltr'><strong>diligenter</strong></span> <span class='ocrx_word' id='word_1_414' title='bbox 1275 3831 1618 3902; x_wconf 80' lang='lat' dir='ltr'><strong>qmerendum</strong></span> <span class='ocrx_word' id='word_1_415' title='bbox 1667 3841 1770 3898; x_wconf 89' lang='lat' dir='ltr'><strong>est,</strong></span> 
     </span>
    </p>
   </div>
   <div class='ocr_carea' id='block_1_57' title="bbox 166 3924 1776 3995">
    <p class='ocr_par' dir='ltr' id='par_1_57' title="bbox 166 3924 1776 3995">
     <span class='ocr_line' id='line_1_58' title="bbox 166 3924 1776 3995; baseline 0.001 -14"><span class='ocrx_word' id='word_1_416' title='bbox 166 3926 221 3981; x_wconf 84' lang='lat' dir='ltr'><strong>si</strong></span> <span class='ocrx_word' id='word_1_417' title='bbox 252 3924 390 3995; x_wconf 84' lang='lat' dir='ltr'><strong>quid</strong></span> <span class='ocrx_word' id='word_1_418' title='bbox 425 3926 563 3980; x_wconf 85' lang='lat' dir='ltr'><strong>male</strong></span> <span class='ocrx_word' id='word_1_419' title='bbox 582 3925 654 3980; x_wconf 62' lang='lat' dir='ltr'><strong>~de</strong></span> <span class='ocrx_word' id='word_1_420' title='bbox 691 3925 851 3980; x_wconf 85' lang='lat' dir='ltr'><strong>rebus</strong></span> <span class='ocrx_word' id='word_1_421' title='bbox 879 3924 1193 3994; x_wconf 86' lang='lat' dir='ltr'><strong>dilapidavit</strong></span> <span class='ocrx_word' id='word_1_422' title='bbox 1221 3927 1496 3993; x_wconf 80' lang='lat' dir='ltr'><strong>ecclesiae,</strong></span> <span class='ocrx_word' id='word_1_423' title='bbox 1530 3936 1586 3981; x_wconf 86' lang='lat' dir='ltr'><strong>ut</strong></span> <span class='ocrx_word' id='word_1_424' title='bbox 1616 3942 1679 3982; x_wconf 83' lang='lat' dir='ltr'><strong>ex</strong></span> <span class='ocrx_word' id='word_1_425' title='bbox 1709 3942 1776 3983; x_wconf 91' lang='lat' dir='ltr'><strong>eo</strong></span> 
     </span>
    </p>
   </div>
   <div class='ocr_carea' id='block_1_58' title="bbox 170 4018 1780 4088">
    <p class='ocr_par' dir='ltr' id='par_1_58' title="bbox 170 4018 1780 4088">
     <span class='ocr_line' id='line_1_59' title="bbox 170 4018 1780 4088; baseline 0 -14"><span class='ocrx_word' id='word_1_426' title='bbox 170 4019 332 4088; x_wconf 76' lang='lat' dir='ltr'><strong>quod</strong></span> <span class='ocrx_word' id='word_1_427' title='bbox 367 4033 510 4076; x_wconf 85' lang='lat' dir='ltr'><strong>nunc</strong></span> <span class='ocrx_word' id='word_1_428' title='bbox 532 4019 770 4086; x_wconf 79' lang='lat' dir='ltr'><strong>absmlit,</strong></span> <span class='ocrx_word' id='word_1_429' title='bbox 799 4018 899 4074; x_wconf 92' lang='lat' dir='ltr'><strong>hoe</strong></span> <span class='ocrx_word' id='word_1_430' title='bbox 921 4020 1214 4074; x_wconf 80' lang='lat' dir='ltr'><strong>reiormare</strong></span> <span class='ocrx_word' id='word_1_431' title='bbox 1243 4033 1304 4072; x_wconf 90' lang='lat' dir='ltr'><strong>ac</strong></span> <span class='ocrx_word' id='word_1_432' title='bbox 1329 4021 1640 4075; x_wconf 88' lang='lat' dir='ltr'><strong>satisfacere</strong></span> <span class='ocrx_word' id='word_1_433' title='bbox 1670 4036 1780 4074; x_wconf 84' lang='lat' dir='ltr'><strong>mo-</strong></span> 
     </span>
    </p>
   </div>
   <div class='ocr_carea' id='block_1_59' title="bbox 166 4107 1780 4175">
    <p class='ocr_par' dir='ltr' id='par_1_59' title="bbox 166 4107 1780 4175">
     <span class='ocr_line' id='line_1_60' title="bbox 166 4107 1780 4175; baseline 0.002 -12"><span class='ocrx_word' id='word_1_434' title='bbox 166 4109 263 4163; x_wconf 77' lang='lat' dir='ltr'><strong>dis</strong></span> <span class='ocrx_word' id='word_1_435' title='bbox 294 4108 547 4164; x_wconf 86' lang='lat' dir='ltr'><strong>omnibus</strong></span> <span class='ocrx_word' id='word_1_436' title='bbox 569 4110 948 4175; x_wconf 86' lang='lat' dir='ltr'><strong>compellatur.</strong></span> <span class='ocrx_word' id='word_1_437' title='bbox 976 4109 1032 4164; x_wconf 91' lang='lat' dir='ltr'><strong>Si</strong></span> <span class='ocrx_word' id='word_1_438' title='bbox 1070 4118 1247 4163; x_wconf 89' lang='lat' dir='ltr'><strong>autem</strong></span> <span class='ocrx_word' id='word_1_439' title='bbox 1293 4107 1506 4165; x_wconf 80' lang='lat' dir='ltr'><strong>differre</strong></span> <span class='ocrx_word' id='word_1_440' title='bbox 1538 4119 1780 4166; x_wconf 89' lang='lat' dir='ltr'><strong>tentave-</strong></span> 
     </span>
    </p>
   </div>
   <div class='ocr_carea' id='block_1_60' title="bbox 172 4201 1778 4271">
    <p class='ocr_par' dir='ltr' id='par_1_60' title="bbox 172 4201 1778 4271">
     <span class='ocr_line' id='line_1_61' title="bbox 172 4201 1778 4271; baseline 0.001 -15"><span class='ocrx_word' id='word_1_441' title='bbox 172 4203 281 4268; x_wconf 80' lang='lat' dir='ltr'><strong>rit,</strong></span> <span class='ocrx_word' id='word_1_442' title='bbox 312 4215 594 4271; x_wconf 87' lang='lat' dir='ltr'><strong>quousque</strong></span> <span class='ocrx_word' id='word_1_443' title='bbox 621 4215 778 4256; x_wconf 83' lang='lat' dir='ltr'><strong>omne</strong></span> <span class='ocrx_word' id='word_1_444' title='bbox 802 4202 941 4270; x_wconf 85' lang='lat' dir='ltr'><strong>quod</strong></span> <span class='ocrx_word' id='word_1_445' title='bbox 969 4201 1302 4271; x_wconf 85' lang='lat' dir='ltr'><strong>dilapidavit,</strong></span> <span class='ocrx_word' id='word_1_446' title='bbox 1336 4204 1416 4256; x_wconf 90' lang='lat' dir='ltr'><strong>vel</strong></span> <span class='ocrx_word' id='word_1_447' title='bbox 1441 4203 1504 4256; x_wconf 89' lang='lat' dir='ltr'><strong>de</strong></span> <span class='ocrx_word' id='word_1_448' title='bbox 1532 4204 1778 4258; x_wconf 87' lang='lat' dir='ltr'><strong>substan-</strong></span> 
     </span>
    </p>
   </div>
   <div class='ocr_carea' id='block_1_61' title="bbox 170 4293 1774 4359">
    <p class='ocr_par' dir='ltr' id='par_1_61' title="bbox 170 4293 1774 4359">
     <span class='ocr_line' id='line_1_62' title="bbox 170 4293 1774 4359; baseline 0 -11"><span class='ocrx_word' id='word_1_449' title='bbox 170 4295 252 4350; x_wconf 85' lang='lat' dir='ltr'><strong>tia</strong></span> <span class='ocrx_word' id='word_1_450' title='bbox 291 4294 434 4357; x_wconf 90' lang='lat' dir='ltr'><strong>tnlit,</strong></span> <span class='ocrx_word' id='word_1_451' title='bbox 467 4293 706 4349; x_wconf 68' lang='lat' dir='ltr'><strong>ecclesiae</strong></span> <span class='ocrx_word' id='word_1_452' title='bbox 737 4294 1000 4359; x_wconf 86' lang='lat' dir='ltr'><strong>restituat,</strong></span> <span class='ocrx_word' id='word_1_453' title='bbox 1035 4295 1085 4348; x_wconf 89' lang='lat' dir='ltr'><strong>in</strong></span> <span class='ocrx_word' id='word_1_454' title='bbox 1126 4294 1511 4348; x_wconf 90' lang='lat' dir='ltr'><strong>monasterium</strong></span> <span class='ocrx_word' id='word_1_455' title='bbox 1557 4295 1774 4350; x_wconf 86' lang='lat' dir='ltr'><strong>mitten-</strong></span> 
     </span>
    </p>
   </div>
   <div class='ocr_carea' id='block_1_62' title="bbox 1879 1907 3456 1984">
    <p class='ocr_par' dir='ltr' id='par_1_62' title="bbox 1879 1907 3456 1984">
     <span class='ocr_line' id='line_1_63' title="bbox 1879 1907 3456 1984; baseline -0.006 -16"><span class='ocrx_word' id='word_1_456' title='bbox 1879 1914 1904 1953; x_wconf 75' lang='grc' dir='ltr'>ἀ</span> <span class='ocrx_word' id='word_1_457' title='bbox 1941 1915 2007 1968; x_wconf 89' lang='lat' dir='ltr'><strong>ad</strong></span> <span class='ocrx_word' id='word_1_458' title='bbox 2048 1914 2206 1984; x_wconf 87' lang='lat' dir='ltr'><strong>hujus</strong></span> <span class='ocrx_word' id='word_1_459' title='bbox 2251 1915 2620 1980; x_wconf 89' lang='lat' dir='ltr'><strong>munitionem,</strong></span> <span class='ocrx_word' id='word_1_460' title='bbox 2671 1925 2856 1966; x_wconf 85' lang='lat' dir='ltr'><strong>verum</strong></span> <span class='ocrx_word' id='word_1_461' title='bbox 2909 1911 3067 1964; x_wconf 90' lang='lat' dir='ltr'><strong>etiam</strong></span> <span class='ocrx_word' id='word_1_462' title='bbox 3117 1909 3183 1962; x_wconf 88' lang='lat' dir='ltr'><strong>ad</strong></span> <span class='ocrx_word' id='word_1_463' title='bbox 3230 1907 3456 1962; x_wconf 89' lang='lat' dir='ltr'><strong>aliorum</strong></span> 
     </span>
    </p>
   </div>
   <div class='ocr_carea' id='block_1_63' title="bbox 1874 1999 3466 2074">
    <p class='ocr_par' dir='ltr' id='par_1_63' title="bbox 1874 1999 3466 2074">
     <span class='ocr_line' id='line_1_64' title="bbox 1874 1999 3466 2074; baseline -0.008 -12"><span class='ocrx_word' id='word_1_464' title='bbox 1874 2016 2085 2062; x_wconf 90' lang='lat' dir='ltr'><strong>constat</strong></span> <span class='ocrx_word' id='word_1_465' title='bbox 2109 2006 2537 2063; x_wconf 89' lang='lat' dir='ltr'><strong>emendationem</strong></span> <span class='ocrx_word' id='word_1_466' title='bbox 2570 2004 2861 2074; x_wconf 79' lang='lat' dir='ltr'><strong>proficere,</strong></span> <span class='ocrx_word' id='word_1_467' title='bbox 2894 2010 2950 2056; x_wconf 89' lang='lat' dir='ltr'><strong>ut</strong></span> <span class='ocrx_word' id='word_1_468' title='bbox 2983 2015 3265 2070; x_wconf 88' lang='lat' dir='ltr'><strong>pravorum</strong></span> <span class='ocrx_word' id='word_1_469' title='bbox 3294 1999 3466 2051; x_wconf 88' lang='lat' dir='ltr'><strong>homi-</strong></span> 
     </span>
    </p>
   </div>
   <div class='ocr_carea' id='block_1_64' title="bbox 1876 2097 3461 2170">
    <p class='ocr_par' dir='ltr' id='par_1_64' title="bbox 1876 2097 3461 2170">
     <span class='ocr_line' id='line_1_65' title="bbox 1876 2097 3461 2170; baseline -0.009 -13"><span class='ocrx_word' id='word_1_470' title='bbox 1876 2116 2002 2159; x_wconf 82' lang='lat' dir='ltr'><strong>num</strong></span> <span class='ocrx_word' id='word_1_471' title='bbox 2047 2101 2394 2170; x_wconf 60' lang='lat' dir='ltr'><strong>praesumptio</strong></span> <span class='ocrx_word' id='word_1_472' title='bbox 2423 2098 2554 2152; x_wconf 83' lang='lat' dir='ltr'><strong>nihil</strong></span> <span class='ocrx_word' id='word_1_473' title='bbox 2599 2097 2665 2150; x_wconf 88' lang='lat' dir='ltr'><strong>de</strong></span> <span class='ocrx_word' id='word_1_474' title='bbox 2712 2106 2910 2151; x_wconf 68' lang='lat' dir='ltr'><strong>cretero</strong></span> <span class='ocrx_word' id='word_1_475' title='bbox 2961 2104 3144 2148; x_wconf 92' lang='lat' dir='ltr'><strong>contra</strong></span> <span class='ocrx_word' id='word_1_476' title='bbox 3187 2106 3461 2146; x_wconf 87' lang='lat' dir='ltr'><strong>sacrorum</strong></span> 
     </span>
    </p>
   </div>
   <div class='ocr_carea' id='block_1_65' title="bbox 1875 2185 3465 2256">
    <p class='ocr_par' dir='ltr' id='par_1_65' title="bbox 1875 2185 3465 2256">
     <span class='ocr_line' id='line_1_66' title="bbox 1875 2185 3465 2256; baseline -0.006 -8"><span class='ocrx_word' id='word_1_477' title='bbox 1875 2209 2142 2248; x_wconf 86' lang='lat' dir='ltr'><strong>canonum</strong></span> <span class='ocrx_word' id='word_1_478' title='bbox 2171 2203 2364 2248; x_wconf 90' lang='lat' dir='ltr'><strong>statuta</strong></span> <span class='ocrx_word' id='word_1_479' title='bbox 2384 2233 2398 2256; x_wconf 93' lang='lat'><strong>,</strong></span> <span class='ocrx_word' id='word_1_480' title='bbox 2431 2193 2512 2247; x_wconf 91' lang='lat' dir='ltr'><strong>vel</strong></span> <span class='ocrx_word' id='word_1_481' title='bbox 2544 2190 2962 2246; x_wconf 86' lang='lat' dir='ltr'><strong>ecclesiasticam</strong></span> <span class='ocrx_word' id='word_1_482' title='bbox 2992 2187 3325 2256; x_wconf 80' lang='lat' dir='ltr'><strong>disciplinam</strong></span> <span class='ocrx_word' id='word_1_483' title='bbox 3357 2185 3465 2240; x_wconf 89' lang='lat' dir='ltr'><strong>ullo</strong></span> 
     </span>
    </p>
   </div>
   <div class='ocr_carea' id='block_1_66' title="bbox 1876 2283 2570 2340">
    <p class='ocr_par' dir='ltr' id='par_1_66' title="bbox 1876 2283 2570 2340">
     <span class='ocr_line' id='line_1_67' title="bbox 1876 2283 2570 2340; baseline -0.001 -3"><span class='ocrx_word' id='word_1_484' title='bbox 1876 2283 2033 2338; x_wconf 87' lang='lat' dir='ltr'><strong>modo</strong></span> <span class='ocrx_word' id='word_1_485' title='bbox 2062 2285 2255 2340; x_wconf 90' lang='lat' dir='ltr'><strong>audeat</strong></span> <span class='ocrx_word' id='word_1_486' title='bbox 2281 2293 2570 2338; x_wconf 87' lang='lat' dir='ltr'><strong>attentare.</strong></span> 
     </span>
    </p>
   </div>
   <div class='ocr_carea' id='block_1_67' title="bbox 2373 2371 2954 2428">
    <p class='ocr_par' dir='ltr' id='par_1_67' title="bbox 2373 2371 2954 2428">
     <span class='ocr_line' id='line_1_68' title="bbox 2373 2371 2954 2428; baseline -0.007 0"><span class='ocrx_word' id='word_1_487' title='bbox 2373 2372 2706 2428; x_wconf 78' lang='lat' dir='ltr'><strong>EPISTULA</strong></span> <span class='ocrx_word' id='word_1_488' title='bbox 2743 2371 2954 2426; x_wconf 75' lang='lat' dir='ltr'><strong>XXXII.</strong></span> 
     </span>
    </p>
   </div>
   <div class='ocr_carea' id='block_1_68' title="bbox 2054 2473 3274 2521">
    <p class='ocr_par' dir='ltr' id='par_1_68' title="bbox 2054 2473 3274 2521">
     <span class='ocr_line' id='line_1_69' title="bbox 2054 2473 3274 2521; baseline -0.009 -1"><span class='ocrx_word' id='word_1_489' title='bbox 2054 2483 2122 2521; x_wconf 72' lang='lat' dir='ltr'><strong>AD</strong></span> <span class='ocrx_word' id='word_1_490' title='bbox 2164 2480 2451 2520; x_wconf 70' lang='lat' dir='ltr'><strong>UNIVERSOS</strong></span> <span class='ocrx_word' id='word_1_491' title='bbox 2491 2478 2764 2517; x_wconf 78' lang='lat' dir='ltr'><strong>EPISCOPOS</strong></span> <span class='ocrx_word' id='word_1_492' title='bbox 2804 2475 3028 2515; x_wconf 71' lang='lat' dir='ltr'><strong>CONCILII</strong></span> <span class='ocrx_word' id='word_1_493' title='bbox 3067 2473 3274 2512; x_wconf 73' lang='grc' dir='ltr'>ιιιιΑαιι.</span> 
     </span>
    </p>
   </div>
   <div class='ocr_carea' id='block_1_69' title="bbox 1875 2553 3466 2624">
    <p class='ocr_par' dir='ltr' id='par_1_69' title="bbox 1875 2553 3466 2624">
     <span class='ocr_line' id='line_1_70' title="bbox 1875 2553 3466 2624; baseline -0.006 -14"><span class='ocrx_word' id='word_1_494' title='bbox 1875 2557 1952 2612; x_wconf 88' lang='lat' dir='ltr'><strong>De</strong></span> <span class='ocrx_word' id='word_1_495' title='bbox 1981 2558 2259 2612; x_wconf 80' lang='lat' dir='ltr'><strong>Clementia</strong></span> <span class='ocrx_word' id='word_1_496' title='bbox 2290 2559 2520 2624; x_wconf 84' lang='lat' dir='ltr'><strong>ipsorum</strong></span> <span class='ocrx_word' id='word_1_497' title='bbox 2561 2556 2776 2619; x_wconf 84' lang='lat' dir='ltr'><strong>primate</strong></span> <span class='ocrx_word' id='word_1_498' title='bbox 2815 2553 3032 2623; x_wconf 83' lang='lat' dir='ltr'><strong>graviter</strong></span> <span class='ocrx_word' id='word_1_499' title='bbox 3061 2561 3298 2603; x_wconf 75' lang='lat' dir='ltr'><strong>accusata</strong></span> <span class='ocrx_word' id='word_1_500' title='bbox 3335 2559 3466 2602; x_wconf 78' lang='lat' dir='ltr'><strong>stre-</strong></span> 
     </span>
    </p>
   </div>
   <div class='ocr_carea' id='block_1_70' title="bbox 2271 2645 3069 2717">
    <p class='ocr_par' dir='ltr' id='par_1_70' title="bbox 2271 2645 3069 2717">
     <span class='ocr_line' id='line_1_71' title="bbox 2271 2645 3069 2717; baseline -0.008 -17"><span class='ocrx_word' id='word_1_501' title='bbox 2271 2666 2369 2702; x_wconf 83' lang='lat' dir='ltr'><strong>nue</strong></span> <span class='ocrx_word' id='word_1_502' title='bbox 2400 2665 2458 2699; x_wconf 78' lang='lat' dir='ltr'><strong>ac</strong></span> <span class='ocrx_word' id='word_1_503' title='bbox 2496 2646 2761 2717; x_wconf 81' lang='lat' dir='ltr'><strong>diligenter</strong></span> <span class='ocrx_word' id='word_1_504' title='bbox 2788 2645 3069 2713; x_wconf 73' lang='lat' dir='ltr'><strong>inquirant.</strong></span> 
     </span>
    </p>
   </div>
   <div class='ocr_carea' id='block_1_71' title="bbox 1945 2731 3374 2809">
    <p class='ocr_par' dir='ltr' id='par_1_71' title="bbox 1945 2731 3374 2809">
     <span class='ocr_line' id='line_1_72' title="bbox 1945 2731 3374 2809; baseline -0.009 -14"><span class='ocrx_word' id='word_1_505' title='bbox 1945 2737 2234 2809; x_wconf 70' lang='lat' dir='ltr'><strong>Gregorius</strong></span> <span class='ocrx_word' id='word_1_506' title='bbox 2266 2737 2529 2791; x_wconf 82' lang='lat' dir='ltr'><strong>universis</strong></span> <span class='ocrx_word' id='word_1_507' title='bbox 2562 2734 2824 2804; x_wconf 90' lang='lat' dir='ltr'><strong>episcopis</strong></span> <span class='ocrx_word' id='word_1_508' title='bbox 2859 2732 3069 2787; x_wconf 83' lang='lat' dir='ltr'><strong>concilii</strong></span> <span class='ocrx_word' id='word_1_509' title='bbox 3099 2740 3122 2766; x_wconf 72' lang='grc' dir='ltr'><strong>ἰ</strong></span> <span class='ocrx_word' id='word_1_510' title='bbox 3158 2731 3374 2784; x_wconf 86' lang='lat' dir='ltr'><strong>Bizacii.</strong></span> 
     </span>
    </p>
   </div>
   <div class='ocr_carea' id='block_1_72' title="bbox 1942 2821 3460 2895">
    <p class='ocr_par' dir='ltr' id='par_1_72' title="bbox 1942 2821 3460 2895">
     <span class='ocr_line' id='line_1_73' title="bbox 1942 2821 3460 2895; baseline -0.009 -10"><span class='ocrx_word' id='word_1_511' title='bbox 1942 2830 2092 2886; x_wconf 91' lang='lat' dir='ltr'><strong>Sicut</strong></span> <span class='ocrx_word' id='word_1_512' title='bbox 2124 2828 2389 2883; x_wconf 90' lang='lat' dir='ltr'><strong>laudabile</strong></span> <span class='ocrx_word' id='word_1_513' title='bbox 2438 2825 2834 2895; x_wconf 85' lang='lat' dir='ltr'><strong>discretumque</strong></span> <span class='ocrx_word' id='word_1_514' title='bbox 2881 2831 2963 2877; x_wconf 91' lang='lat' dir='ltr'><strong>est</strong></span> <span class='ocrx_word' id='word_1_515' title='bbox 3005 2821 3356 2876; x_wconf 84' lang='lat' dir='ltr'><strong>reverentiam</strong></span> <span class='ocrx_word' id='word_1_516' title='bbox 3404 2829 3460 2873; x_wconf 90' lang='lat' dir='ltr'><strong>et</strong></span> 
     </span>
    </p>
   </div>
   <div class='ocr_carea' id='block_1_73' title="bbox 1874 2910 3452 2984">
    <p class='ocr_par' dir='ltr' id='par_1_73' title="bbox 1874 2910 3452 2984">
     <span class='ocr_line' id='line_1_74' title="bbox 1874 2910 3452 2984; baseline -0.009 -7"><span class='ocrx_word' id='word_1_517' title='bbox 1874 2921 2132 2977; x_wconf 89' lang='lat' dir='ltr'><strong>honorem</strong></span> <span class='ocrx_word' id='word_1_518' title='bbox 2165 2917 2688 2974; x_wconf 79' lang='lat' dir='ltr'><strong>debitum&#39;exbibere</strong></span> <span class='ocrx_word' id='word_1_519' title='bbox 2718 2915 2982 2983; x_wconf 88' lang='lat' dir='ltr'><strong>prioribus</strong></span> <span class='ocrx_word' id='word_1_520' title='bbox 3013 2912 3184 2984; x_wconf 80' lang='lat' dir='ltr'><strong>(Grut.</strong></span> <span class='ocrx_word' id='word_1_521' title='bbox 3227 2913 3283 2977; x_wconf 74' lang='grc'><strong>2,</strong></span> <span class='ocrx_word' id='word_1_522' title='bbox 3313 2928 3364 2980; x_wconf 87' lang='lat' dir='ltr'><strong>q.</strong></span> <span class='ocrx_word' id='word_1_523' title='bbox 3396 2910 3452 2974; x_wconf 88' lang='lat'><strong>7,</strong></span> 
     </span>
    </p>
   </div>
   <div class='ocr_carea' id='block_1_74' title="bbox 1872 3001 3462 3082">
    <p class='ocr_par' dir='ltr' id='par_1_74' title="bbox 1872 3001 3462 3082">
     <span class='ocr_line' id='line_1_75' title="bbox 1872 3001 3462 3082; baseline -0.008 -17"><span class='ocrx_word' id='word_1_524' title='bbox 1872 3030 1919 3067; x_wconf 92' lang='lat' dir='ltr'><strong>c.</strong></span> <span class='ocrx_word' id='word_1_525' title='bbox 1944 3013 2036 3082; x_wconf 72' lang='grc'><strong>46)</strong></span> <span class='ocrx_word' id='word_1_526' title='bbox 2062 3057 2075 3079; x_wconf 91' lang='grc'>,</span> <span class='ocrx_word' id='word_1_527' title='bbox 2107 3012 2176 3065; x_wconf 89' lang='lat' dir='ltr'><strong>ita</strong></span> <span class='ocrx_word' id='word_1_528' title='bbox 2207 3009 2541 3065; x_wconf 88' lang='lat' dir='ltr'><strong>rectitudinis</strong></span> <span class='ocrx_word' id='word_1_529' title='bbox 2572 3016 2626 3062; x_wconf 90' lang='lat' dir='ltr'><strong>et</strong></span> <span class='ocrx_word' id='word_1_530' title='bbox 2655 3007 2746 3061; x_wconf 91' lang='lat' dir='ltr'><strong>Dei</strong></span> <span class='ocrx_word' id='word_1_531' title='bbox 2778 3005 2985 3060; x_wconf 82' lang='lat' dir='ltr'><strong>timoris</strong></span> <span class='ocrx_word' id='word_1_532' title='bbox 3030 3011 3135 3070; x_wconf 87' lang='lat' dir='ltr'><strong>est,</strong></span> <span class='ocrx_word' id='word_1_533' title='bbox 3167 3003 3211 3056; x_wconf 89' lang='lat' dir='ltr'><strong>si</strong></span> <span class='ocrx_word' id='word_1_534' title='bbox 3260 3017 3360 3070; x_wconf 81' lang='lat' dir='ltr'><strong>qua</strong></span> <span class='ocrx_word' id='word_1_535' title='bbox 3407 3001 3462 3054; x_wconf 90' lang='lat' dir='ltr'><strong>in</strong></span> 
     </span>
    </p>
   </div>
   <div class='ocr_carea' id='block_1_75' title="bbox 1874 3096 3462 3171">
    <p class='ocr_par' dir='ltr' id='par_1_75' title="bbox 1874 3096 3462 3171">
     <span class='ocr_line' id='line_1_76' title="bbox 1874 3096 3462 3171; baseline -0.008 -11"><span class='ocrx_word' id='word_1_536' title='bbox 1874 3106 1953 3160; x_wconf 89' lang='lat' dir='ltr'><strong>eis</strong></span> <span class='ocrx_word' id='word_1_537' title='bbox 1985 3104 2322 3160; x_wconf 87' lang='lat' dir='ltr'><strong>correctione</strong></span> <span class='ocrx_word' id='word_1_538' title='bbox 2347 3103 2608 3171; x_wconf 85' lang='lat' dir='ltr'><strong>indigent,</strong></span> <span class='ocrx_word' id='word_1_539' title='bbox 2637 3101 2844 3171; x_wconf 76' lang='lat'><strong>1203</strong></span> <span class='ocrx_word' id='word_1_540' title='bbox 2870 3099 3010 3152; x_wconf 89' lang='lat' dir='ltr'><strong>nulla</strong></span> <span class='ocrx_word' id='word_1_541' title='bbox 3033 3096 3462 3151; x_wconf 87' lang='lat' dir='ltr'><strong>dissimulatione</strong></span> 
     </span>
    </p>
   </div>
   <div class='ocr_carea' id='block_1_76' title="bbox 2297 3187 3464 3262">
    <p class='ocr_par' dir='ltr' id='par_1_76' title="bbox 2297 3187 3464 3262">
     <span class='ocr_line' id='line_1_77' title="bbox 2297 3187 3464 3262; baseline -0.009 -12"><span class='ocrx_word' id='word_1_542' title='bbox 2297 3211 2365 3250; x_wconf 89' lang='lat' dir='ltr'><strong>ne</strong></span> <span class='ocrx_word' id='word_1_543' title='bbox 2397 3204 2588 3259; x_wconf 90' lang='lat' dir='ltr'><strong>totum,</strong></span> <span class='ocrx_word' id='word_1_544' title='bbox 2622 3193 2762 3262; x_wconf 89' lang='lat' dir='ltr'><strong>quod</strong></span> <span class='ocrx_word' id='word_1_545' title='bbox 2809 3190 2967 3255; x_wconf 90' lang='lat' dir='ltr'><strong>absit,</strong></span> <span class='ocrx_word' id='word_1_546' title='bbox 3001 3203 3194 3257; x_wconf 87' lang='lat' dir='ltr'><strong>corpus</strong></span> <span class='ocrx_word' id='word_1_547' title='bbox 3245 3187 3464 3255; x_wconf 85' lang='lat' dir='ltr'><strong>incipiat</strong></span> 
     </span>
    </p>
   </div>
   <div class='ocr_carea' id='block_1_77' title="bbox 1875 3278 3464 3352">
    <p class='ocr_par' dir='ltr' id='par_1_77' title="bbox 1875 3278 3464 3352">
     <span class='ocr_line' id='line_1_78' title="bbox 1875 3278 3464 3352; baseline -0.008 -10"><span class='ocrx_word' id='word_1_548' title='bbox 1875 3289 2093 3342; x_wconf 89' lang='lat' dir='ltr'><strong>morbus</strong></span> <span class='ocrx_word' id='word_1_549' title='bbox 2129 3285 2386 3342; x_wconf 85' lang='lat' dir='ltr'><strong>invadere</strong></span> <span class='ocrx_word' id='word_1_550' title='bbox 2409 3327 2424 3350; x_wconf 90' lang='lat'><strong>,</strong></span> <span class='ocrx_word' id='word_1_551' title='bbox 2456 3286 2501 3340; x_wconf 89' lang='lat' dir='ltr'><strong>si</strong></span> <span class='ocrx_word' id='word_1_552' title='bbox 2532 3286 2754 3352; x_wconf 84' lang='lat' dir='ltr'><strong>languor</strong></span> <span class='ocrx_word' id='word_1_553' title='bbox 2784 3298 2887 3337; x_wconf 91' lang='lat' dir='ltr'><strong>non</strong></span> <span class='ocrx_word' id='word_1_554' title='bbox 2939 3280 3099 3335; x_wconf 82' lang='lat' dir='ltr'><strong>fuerit</strong></span> <span class='ocrx_word' id='word_1_555' title='bbox 3148 3288 3362 3332; x_wconf 87' lang='lat' dir='ltr'><strong>curatus</strong></span> <span class='ocrx_word' id='word_1_556' title='bbox 3409 3278 3464 3330; x_wconf 89' lang='lat' dir='ltr'><strong>in</strong></span> 
     </span>
    </p>
   </div>
   <div class='ocr_carea' id='block_1_78' title="bbox 1874 3367 3463 3450">
    <p class='ocr_par' dir='ltr' id='par_1_78' title="bbox 1874 3367 3463 3450">
     <span class='ocr_line' id='line_1_79' title="bbox 1874 3367 3463 3450; baseline -0.009 -15"><span class='ocrx_word' id='word_1_557' title='bbox 1874 3383 2069 3450; x_wconf 80' lang='lat' dir='ltr'><strong>capite.</strong></span> <span class='ocrx_word' id='word_1_558' title='bbox 2120 3382 2259 3434; x_wconf 84' lang='lat' dir='ltr'><strong>Ante</strong></span> <span class='ocrx_word' id='word_1_559' title='bbox 2290 3379 2512 3433; x_wconf 90' lang='lat' dir='ltr'><strong>multum</strong></span> <span class='ocrx_word' id='word_1_560' title='bbox 2542 3376 2805 3447; x_wconf 89' lang='lat' dir='ltr'><strong>siquidem</strong></span> <span class='ocrx_word' id='word_1_561' title='bbox 2841 3373 3093 3442; x_wconf 89' lang='lat' dir='ltr'><strong>temporis</strong></span> <span class='ocrx_word' id='word_1_562' title='bbox 3123 3370 3363 3440; x_wconf 61' lang='lat' dir='ltr'><strong>quaedam</strong></span> <span class='ocrx_word' id='word_1_563' title='bbox 3396 3367 3463 3421; x_wconf 90' lang='lat' dir='ltr'><strong>ad</strong></span> 
     </span>
    </p>
   </div>
   <div class='ocr_carea' id='block_1_79' title="bbox 1876 3468 3464 3532">
    <p class='ocr_par' dir='ltr' id='par_1_79' title="bbox 1876 3468 3464 3532">
     <span class='ocr_line' id='line_1_80' title="bbox 1876 3468 3464 3532; baseline -0.01 -4"><span class='ocrx_word' id='word_1_564' title='bbox 1876 3491 1973 3529; x_wconf 91' lang='lat' dir='ltr'><strong>nos</strong></span> <span class='ocrx_word' id='word_1_565' title='bbox 1997 3474 2063 3529; x_wconf 92' lang='lat' dir='ltr'><strong>de</strong></span> <span class='ocrx_word' id='word_1_566' title='bbox 2087 3473 2248 3528; x_wconf 87' lang='lat' dir='ltr'><strong>fratre</strong></span> <span class='ocrx_word' id='word_1_567' title='bbox 2273 3480 2456 3527; x_wconf 86' lang='lat' dir='ltr'><strong>nostro</strong></span> <span class='ocrx_word' id='word_1_568' title='bbox 2483 3468 2512 3507; x_wconf 68' lang='grc' dir='ltr'>δ</span> <span class='ocrx_word' id='word_1_569' title='bbox 2543 3469 2852 3524; x_wconf 88' lang='lat' dir='ltr'><strong>Crementio</strong></span> <span class='ocrx_word' id='word_1_570' title='bbox 2882 3468 3104 3532; x_wconf 89' lang='lat' dir='ltr'><strong>primate</strong></span> <span class='ocrx_word' id='word_1_571' title='bbox 3135 3472 3312 3518; x_wconf 91' lang='lat' dir='ltr'><strong>vestro</strong></span> <span class='ocrx_word' id='word_1_572' title='bbox 3341 3475 3464 3530; x_wconf 92' lang='lat' dir='ltr'><strong>per-</strong></span> 
     </span>
    </p>
   </div>
   <div class='ocr_carea' id='block_1_80' title="bbox 1876 3556 3463 3633">
    <p class='ocr_par' dir='ltr' id='par_1_80' title="bbox 1876 3556 3463 3633">
     <span class='ocr_line' id='line_1_81' title="bbox 1876 3556 3463 3633; baseline -0.011 -13"><span class='ocrx_word' id='word_1_573' title='bbox 1876 3569 1977 3620; x_wconf 80' lang='lat' dir='ltr'><strong>lata</strong></span> <span class='ocrx_word' id='word_1_574' title='bbox 2011 3576 2154 3630; x_wconf 91' lang='lat' dir='ltr'><strong>sunt,</strong></span> <span class='ocrx_word' id='word_1_575' title='bbox 2201 3580 2318 3633; x_wconf 69' lang='lat' dir='ltr'><strong>qua:</strong></span> <span class='ocrx_word' id='word_1_576' title='bbox 2365 3578 2459 3617; x_wconf 91' lang='lat' dir='ltr'><strong>cor</strong></span> <span class='ocrx_word' id='word_1_577' title='bbox 2505 3572 2743 3615; x_wconf 90' lang='lat' dir='ltr'><strong>nostrum</strong></span> <span class='ocrx_word' id='word_1_578' title='bbox 2800 3573 2905 3612; x_wconf 91' lang='lat' dir='ltr'><strong>non</strong></span> <span class='ocrx_word' id='word_1_579' title='bbox 2965 3556 3176 3609; x_wconf 85' lang='lat' dir='ltr'><strong>modico</strong></span> <span class='ocrx_word' id='word_1_580' title='bbox 3229 3566 3463 3607; x_wconf 75' lang='lat' dir='ltr'><strong>mterore</strong></span> 
     </span>
    </p>
   </div>
   <div class='ocr_carea' id='block_1_81' title="bbox 1878 3643 3462 3725">
    <p class='ocr_par' dir='ltr' id='par_1_81' title="bbox 1878 3643 3462 3725">
     <span class='ocr_line' id='line_1_82' title="bbox 1878 3643 3462 3725; baseline -0.01 -14"><span class='ocrx_word' id='word_1_581' title='bbox 1878 3657 2277 3725; x_wconf 76' lang='lat' dir='ltr'><strong>transﬁgerent.</strong></span> <span class='ocrx_word' id='word_1_582' title='bbox 2310 3653 2416 3709; x_wconf 90' lang='lat' dir='ltr'><strong>Sed</strong></span> <span class='ocrx_word' id='word_1_583' title='bbox 2463 3650 2826 3721; x_wconf 88' lang='lat' dir='ltr'><strong>prementibus</strong></span> <span class='ocrx_word' id='word_1_584' title='bbox 2853 3647 3078 3702; x_wconf 91' lang='lat' dir='ltr'><strong>diversis</strong></span> <span class='ocrx_word' id='word_1_585' title='bbox 3105 3643 3462 3699; x_wconf 90' lang='lat' dir='ltr'><strong>tribulationi-</strong></span> 
     </span>
    </p>
   </div>
   <div class='ocr_carea' id='block_1_82' title="bbox 1878 3735 3464 3810">
    <p class='ocr_par' dir='ltr' id='par_1_82' title="bbox 1878 3735 3464 3810">
     <span class='ocr_line' id='line_1_83' title="bbox 1878 3735 3464 3810; baseline -0.009 -9"><span class='ocrx_word' id='word_1_586' title='bbox 1878 3749 1998 3810; x_wconf 89' lang='lat' dir='ltr'><strong>bus,</strong></span> <span class='ocrx_word' id='word_1_587' title='bbox 2025 3755 2081 3801; x_wconf 92' lang='lat' dir='ltr'><strong>et</strong></span> <span class='ocrx_word' id='word_1_588' title='bbox 2110 3745 2343 3800; x_wconf 81' lang='lat' dir='ltr'><strong>maxime</strong></span> <span class='ocrx_word' id='word_1_589' title='bbox 2365 3740 2910 3799; x_wconf 64' lang='lat' dir='ltr'><strong>circumsazvientibus</strong></span> <span class='ocrx_word' id='word_1_590' title='bbox 2933 3738 3192 3800; x_wconf 88' lang='lat' dir='ltr'><strong>hostibus,</strong></span> <span class='ocrx_word' id='word_1_591' title='bbox 3224 3751 3284 3789; x_wconf 91' lang='lat' dir='ltr'><strong>ea</strong></span> <span class='ocrx_word' id='word_1_592' title='bbox 3310 3735 3464 3787; x_wconf 83' lang='lat' dir='ltr'><strong>nobis</strong></span> 
     </span>
    </p>
   </div>
   <div class='ocr_carea' id='block_1_83' title="bbox 1880 3828 3461 3907">
    <p class='ocr_par' dir='ltr' id='par_1_83' title="bbox 1880 3828 3461 3907">
     <span class='ocr_line' id='line_1_84' title="bbox 1880 3828 3461 3907; baseline -0.011 -15"><span class='ocrx_word' id='word_1_593' title='bbox 1880 3837 2113 3892; x_wconf 89' lang='lat' dir='ltr'><strong>nonfuit</strong></span> <span class='ocrx_word' id='word_1_594' title='bbox 2143 3837 2373 3907; x_wconf 72' lang='lat' dir='ltr'><strong>spatium</strong></span> <span class='ocrx_word' id='word_1_595' title='bbox 2425 3832 2752 3902; x_wconf 87' lang='lat' dir='ltr'><strong>requirendi.</strong></span> <span class='ocrx_word' id='word_1_596' title='bbox 2803 3831 2868 3883; x_wconf 87' lang='lat' dir='ltr'><strong>Et</strong></span> <span class='ocrx_word' id='word_1_597' title='bbox 2917 3829 3166 3897; x_wconf 80' lang='lat' dir='ltr'><strong>quoniam</strong></span> <span class='ocrx_word' id='word_1_598' title='bbox 3214 3828 3283 3878; x_wconf 88' lang='lat' dir='ltr'><strong>ita</strong></span> <span class='ocrx_word' id='word_1_599' title='bbox 3335 3832 3461 3877; x_wconf 90' lang='lat' dir='ltr'><strong>sunt</strong></span> 
     </span>
    </p>
   </div>
   <div class='ocr_carea' id='block_1_84' title="bbox 1880 3919 3462 4002">
    <p class='ocr_par' dir='ltr' id='par_1_84' title="bbox 1880 3919 3462 4002">
     <span class='ocr_line' id='line_1_85' title="bbox 1880 3919 3462 4002; baseline -0.011 -17"><span class='ocrx_word' id='word_1_600' title='bbox 1880 3934 2083 4002; x_wconf 85' lang='lat' dir='ltr'><strong>gravia,</strong></span> <span class='ocrx_word' id='word_1_601' title='bbox 2117 3940 2174 3985; x_wconf 91' lang='lat' dir='ltr'><strong>ut</strong></span> <span class='ocrx_word' id='word_1_602' title='bbox 2211 3928 2428 3985; x_wconf 83' lang='lat' dir='ltr'><strong>transiri</strong></span> <span class='ocrx_word' id='word_1_603' title='bbox 2460 3928 2754 3982; x_wconf 89' lang='lat' dir='ltr'><strong>indiscussa</strong></span> <span class='ocrx_word' id='word_1_604' title='bbox 2806 3922 2950 3977; x_wconf 91' lang='lat' dir='ltr'><strong>nullo</strong></span> <span class='ocrx_word' id='word_1_605' title='bbox 2996 3920 3156 3974; x_wconf 91' lang='lat' dir='ltr'><strong>modo</strong></span> <span class='ocrx_word' id='word_1_606' title='bbox 3207 3919 3462 3980; x_wconf 86' lang='lat' dir='ltr'><strong>debeant,</strong></span> 
     </span>
    </p>
   </div>
   <div class='ocr_carea' id='block_1_85' title="bbox 1883 4011 3462 4078">
    <p class='ocr_par' dir='ltr' id='par_1_85' title="bbox 1883 4011 3462 4078">
     <span class='ocr_line' id='line_1_86' title="bbox 1883 4011 3462 4078; baseline -0.013 0"><span class='ocrx_word' id='word_1_607' title='bbox 1883 4023 2272 4078; x_wconf 83' lang='lat' dir='ltr'><strong>fraternitatem</strong></span> <span class='ocrx_word' id='word_1_608' title='bbox 2300 4032 2533 4074; x_wconf 88' lang='lat' dir='ltr'><strong>vestram</strong></span> <span class='ocrx_word' id='word_1_609' title='bbox 2563 4020 2644 4071; x_wconf 90' lang='lat' dir='ltr'><strong>bis</strong></span> <span class='ocrx_word' id='word_1_610' title='bbox 2671 4018 2942 4070; x_wconf 87' lang='lat' dir='ltr'><strong>hortamur</strong></span> <span class='ocrx_word' id='word_1_611' title='bbox 2969 4011 3234 4072; x_wconf 84' lang='lat' dir='ltr'><strong>alfatibus,</strong></span> <span class='ocrx_word' id='word_1_612' title='bbox 3261 4019 3317 4061; x_wconf 92' lang='lat' dir='ltr'><strong>ut</strong></span> <span class='ocrx_word' id='word_1_613' title='bbox 3341 4024 3462 4061; x_wconf 89' lang='lat' dir='ltr'><strong>cum</strong></span> 
     </span>
    </p>
   </div>
   <div class='ocr_carea' id='block_1_86' title="bbox 1884 4099 3468 4168">
    <p class='ocr_par' dir='ltr' id='par_1_86' title="bbox 1884 4099 3468 4168">
     <span class='ocr_line' id='line_1_87' title="bbox 1884 4099 3468 4168; baseline -0.011 0"><span class='ocrx_word' id='word_1_614' title='bbox 1884 4113 2029 4168; x_wconf 89' lang='lat' dir='ltr'><strong>omni</strong></span> <span class='ocrx_word' id='word_1_615' title='bbox 2061 4110 2420 4167; x_wconf 90' lang='lat' dir='ltr'><strong>sollicitudine</strong></span> <span class='ocrx_word' id='word_1_616' title='bbox 2468 4123 2530 4162; x_wconf 89' lang='lat' dir='ltr'><strong>ac</strong></span> <span class='ocrx_word' id='word_1_617' title='bbox 2585 4108 2862 4160; x_wconf 86' lang='lat' dir='ltr'><strong>vivacitate</strong></span> <span class='ocrx_word' id='word_1_618' title='bbox 2917 4102 3152 4156; x_wconf 80' lang='lat' dir='ltr'><strong>veritatis</strong></span> <span class='ocrx_word' id='word_1_619' title='bbox 3211 4099 3468 4166; x_wconf 81' lang='lat' dir='ltr'><strong>indagare</strong></span> 
     </span>
    </p>
   </div>
   <div class='ocr_carea' id='block_1_87' title="bbox 1881 4192 3468 4259">
    <p class='ocr_par' dir='ltr' id='par_1_87' title="bbox 1881 4192 3468 4259">
     <span class='ocr_line' id='line_1_88' title="bbox 1881 4192 3468 4259; baseline -0.011 -2"><span class='ocrx_word' id='word_1_620' title='bbox 1881 4203 2236 4258; x_wconf 87' lang='lat' dir='ltr'><strong>substantiam</strong></span> <span class='ocrx_word' id='word_1_621' title='bbox 2261 4201 2448 4256; x_wconf 87' lang='lat' dir='ltr'><strong>multis</strong></span> <span class='ocrx_word' id='word_1_622' title='bbox 2470 4198 2641 4253; x_wconf 91' lang='lat' dir='ltr'><strong>modis</strong></span> <span class='ocrx_word' id='word_1_623' title='bbox 2662 4196 2924 4259; x_wconf 85' lang='lat' dir='ltr'><strong>debeatis,</strong></span> <span class='ocrx_word' id='word_1_624' title='bbox 2943 4203 3001 4246; x_wconf 93' lang='lat' dir='ltr'><strong>ut</strong></span> <span class='ocrx_word' id='word_1_625' title='bbox 3019 4202 3110 4246; x_wconf 89' lang='lat' dir='ltr'><strong>aut</strong></span> <span class='ocrx_word' id='word_1_626' title='bbox 3131 4192 3174 4244; x_wconf 89' lang='lat' dir='ltr'><strong>si</strong></span> <span class='ocrx_word' id='word_1_627' title='bbox 3200 4192 3267 4243; x_wconf 92' lang='lat' dir='ltr'><strong>ita</strong></span> <span class='ocrx_word' id='word_1_628' title='bbox 3293 4201 3314 4227; x_wconf 77' lang='grc' dir='ltr'><strong><em>ο</em></strong></span> <span class='ocrx_word' id='word_1_629' title='bbox 3339 4198 3468 4242; x_wconf 91' lang='lat' dir='ltr'><strong>sunt</strong></span> 
     </span>
    </p>
   </div>
   <div class='ocr_carea' id='block_1_88' title="bbox 1884 4282 3466 4355">
    <p class='ocr_par' dir='ltr' id='par_1_88' title="bbox 1884 4282 3466 4355">
     <span class='ocr_line' id='line_1_89' title="bbox 1884 4282 3466 4355; baseline -0.013 -3"><span class='ocrx_word' id='word_1_630' title='bbox 1884 4296 1912 4334; x_wconf 72' lang='grc' dir='ltr'>ἀ</span> <span class='ocrx_word' id='word_1_631' title='bbox 1941 4297 2144 4352; x_wconf 87' lang='lat' dir='ltr'><strong>ultione</strong></span> <span class='ocrx_word' id='word_1_632' title='bbox 2171 4296 2429 4351; x_wconf 84' lang='lat' dir='ltr'><strong>canonica</strong></span> <span class='ocrx_word' id='word_1_633' title='bbox 2471 4300 2810 4355; x_wconf 83' lang='lat' dir='ltr'><strong>resecentur;</strong></span> <span class='ocrx_word' id='word_1_634' title='bbox 2837 4297 2927 4341; x_wconf 90' lang='lat' dir='ltr'><strong>aut</strong></span> <span class='ocrx_word' id='word_1_635' title='bbox 2984 4287 3030 4338; x_wconf 89' lang='lat' dir='ltr'><strong>si</strong></span> <span class='ocrx_word' id='word_1_636' title='bbox 3082 4285 3236 4346; x_wconf 82' lang='lat' dir='ltr'><strong>falsa,</strong></span> <span class='ocrx_word' id='word_1_637' title='bbox 3288 4282 3466 4334; x_wconf 86' lang='lat' dir='ltr'><strong>fratris</strong></span> 
     </span>
    </p>
   </div>
   <div class='ocr_carea' id='block_1_89' title="bbox 257 4428 2338 4502">
    <p class='ocr_par' dir='ltr' id='par_1_89' title="bbox 257 4428 2338 4502">
     <span class='ocr_line' id='line_1_90' title="bbox 257 4428 2338 4502; baseline -0.004 -12"><span class='ocrx_word' id='word_1_638' title='bbox 257 4435 424 4490; x_wconf 75' lang='lat' dir='ltr'><strong>Ertsr</strong></span> <span class='ocrx_word' id='word_1_639' title='bbox 453 4431 624 4486; x_wconf 78' lang='lat' dir='ltr'><strong>XXXI</strong></span> <span class='ocrx_word' id='word_1_640' title='bbox 657 4431 760 4502; x_wconf 76' lang='lat'><strong>[.4].</strong></span> <span class='ocrx_word' id='word_1_641' title='bbox 792 4429 904 4500; x_wconf 74' lang='grc'><strong>54].</strong></span> <span class='ocrx_word' id='word_1_642' title='bbox 931 4460 1000 4471; x_wconf 93' lang='grc'><strong><em>-</em></strong></span> <span class='ocrx_word' id='word_1_643' title='bbox 1031 4437 1055 4466; x_wconf 80' lang='grc' dir='ltr'>ει</span> <span class='ocrx_word' id='word_1_644' title='bbox 1092 4428 1148 4484; x_wconf 87' lang='lat' dir='ltr'><strong>In</strong></span> <span class='ocrx_word' id='word_1_645' title='bbox 1176 4428 1360 4485; x_wconf 86' lang='lat' dir='ltr'><strong>Norm.</strong></span> <span class='ocrx_word' id='word_1_646' title='bbox 1385 4437 1439 4484; x_wconf 89' lang='lat' dir='ltr'><strong>et</strong></span> <span class='ocrx_word' id='word_1_647' title='bbox 1473 4430 1644 4486; x_wconf 90' lang='lat' dir='ltr'><strong>tribus</strong></span> <span class='ocrx_word' id='word_1_648' title='bbox 1675 4433 1777 4488; x_wconf 79' lang='lat' dir='ltr'><strong>Va-</strong></span> <span class='ocrx_word' id='word_1_649' title='bbox 1808 4435 1857 4495; x_wconf 89' lang='lat' dir='ltr'><strong>D</strong></span> <span class='ocrx_word' id='word_1_650' title='bbox 1884 4432 2023 4502; x_wconf 83' lang='lat' dir='ltr'><strong>notis</strong></span> <span class='ocrx_word' id='word_1_651' title='bbox 2054 4430 2338 4502; x_wconf 80' lang='lat' dir='ltr'><strong>illustrata.</strong></span> 
     </span>
    </p>
   </div>
   <div class='ocr_carea' id='block_1_90' title="bbox 167 4502 970 4571">
    <p class='ocr_par' dir='ltr' id='par_1_90' title="bbox 167 4502 970 4571">
     <span class='ocr_line' id='line_1_91' title="bbox 167 4502 970 4571; baseline -0.009 -12"><span class='ocrx_word' id='word_1_652' title='bbox 167 4505 309 4571; x_wconf 89' lang='lat' dir='ltr'><strong>tic.,</strong></span> <span class='ocrx_word' id='word_1_653' title='bbox 343 4503 696 4558; x_wconf 76' lang='lat' dir='ltr'><strong>ecclesiastica:</strong></span> <span class='ocrx_word' id='word_1_654' title='bbox 725 4502 970 4554; x_wconf 80' lang='lat' dir='ltr'><strong>luitionis.</strong></span> 
     </span>
    </p>
   </div>
   <div class='ocr_carea' id='block_1_91' title="bbox 260 4570 1782 4643">
    <p class='ocr_par' dir='ltr' id='par_1_91' title="bbox 260 4570 1782 4643">
     <span class='ocr_line' id='line_1_92' title="bbox 260 4570 1782 4643; baseline -0.001 -15"><span class='ocrx_word' id='word_1_655' title='bbox 260 4575 289 4614; x_wconf 71' lang='grc' dir='ltr'>ι’</span> <span class='ocrx_word' id='word_1_656' title='bbox 325 4575 544 4637; x_wconf 81' lang='lat' dir='ltr'><strong>Doclea,</strong></span> <span class='ocrx_word' id='word_1_657' title='bbox 575 4573 888 4643; x_wconf 84' lang='lat' dir='ltr'><strong>quibusdam</strong></span> <span class='ocrx_word' id='word_1_658' title='bbox 931 4570 1374 4643; x_wconf 19' lang='lat' dir='ltr'><strong>vulgonAntivari,</strong></span> <span class='ocrx_word' id='word_1_659' title='bbox 1407 4570 1654 4643; x_wconf 87' lang='lat' dir='ltr'><strong>Samsoni</strong></span> <span class='ocrx_word' id='word_1_660' title='bbox 1685 4589 1782 4627; x_wconf 84' lang='lat' dir='ltr'><strong>au-</strong></span> 
     </span>
    </p>
   </div>
   <div class='ocr_carea' id='block_1_92' title="bbox 171 4641 1778 4709">
    <p class='ocr_par' dir='ltr' id='par_1_92' title="bbox 171 4641 1778 4709">
     <span class='ocr_line' id='line_1_93' title="bbox 171 4641 1778 4709; baseline -0.005 -5"><span class='ocrx_word' id='word_1_661' title='bbox 171 4659 297 4704; x_wconf 74' lang='lat' dir='ltr'><strong>tem</strong></span> <span class='ocrx_word' id='word_1_662' title='bbox 327 4644 519 4699; x_wconf 73' lang='lat' dir='ltr'><strong>Catum</strong></span> <span class='ocrx_word' id='word_1_663' title='bbox 541 4686 553 4704; x_wconf 83' lang='lat'><strong>,</strong></span> <span class='ocrx_word' id='word_1_664' title='bbox 586 4641 710 4696; x_wconf 73' lang='lat' dir='ltr'><strong>iubs</strong></span> <span class='ocrx_word' id='word_1_665' title='bbox 737 4643 1056 4709; x_wconf 85' lang='lat' dir='ltr'><strong>episc0palis</strong></span> <span class='ocrx_word' id='word_1_666' title='bbox 1088 4641 1279 4709; x_wconf 86' lang='lat' dir='ltr'><strong>Illyrici</strong></span> <span class='ocrx_word' id='word_1_667' title='bbox 1305 4642 1371 4694; x_wconf 87' lang='lat' dir='ltr'><strong>ad</strong></span> <span class='ocrx_word' id='word_1_668' title='bbox 1403 4641 1778 4697; x_wconf 86' lang='lat' dir='ltr'><strong>Scodritannm</strong></span> 
     </span>
    </p>
   </div>
   <div class='ocr_carea' id='block_1_93' title="bbox 168 4711 1780 4784">
    <p class='ocr_par' dir='ltr' id='par_1_93' title="bbox 168 4711 1780 4784">
     <span class='ocr_line' id='line_1_94' title="bbox 168 4711 1780 4784; baseline -0.002 -12"><span class='ocrx_word' id='word_1_669' title='bbox 168 4722 392 4777; x_wconf 78' lang='lat' dir='ltr'><strong>lacum,</strong></span> <span class='ocrx_word' id='word_1_670' title='bbox 423 4717 581 4784; x_wconf 87' lang='lat' dir='ltr'><strong>vulgo</strong></span> <span class='ocrx_word' id='word_1_671' title='bbox 610 4712 751 4782; x_wconf 80' lang='lat' dir='ltr'><strong>Lago</strong></span> <span class='ocrx_word' id='word_1_672' title='bbox 794 4713 846 4765; x_wconf 84' lang='lat' dir='ltr'><strong>di</strong></span> <span class='ocrx_word' id='word_1_673' title='bbox 894 4712 1126 4784; x_wconf 66' lang='grc' dir='ltr'><strong>δίαιται-ἱ.</strong></span> <span class='ocrx_word' id='word_1_674' title='bbox 1182 4711 1412 4767; x_wconf 88' lang='lat' dir='ltr'><strong>Suberat</strong></span> <span class='ocrx_word' id='word_1_675' title='bbox 1461 4711 1780 4784; x_wconf 70' lang='lat' dir='ltr'><strong>Scodritano</strong></span> 
     </span>
    </p>
   </div>
   <div class='ocr_carea' id='block_1_94' title="bbox 165 4783 1776 4855">
    <p class='ocr_par' dir='ltr' id='par_1_94' title="bbox 165 4783 1776 4855">
     <span class='ocr_line' id='line_1_95' title="bbox 165 4783 1776 4855; baseline -0.004 -12"><span class='ocrx_word' id='word_1_676' title='bbox 165 4791 483 4855; x_wconf 81' lang='lat' dir='ltr'><strong>episcopo,</strong></span> <span class='ocrx_word' id='word_1_677' title='bbox 517 4783 686 4838; x_wconf 86' lang='lat' dir='ltr'><strong>donec</strong></span> <span class='ocrx_word' id='word_1_678' title='bbox 714 4783 1042 4837; x_wconf 87' lang='lat' dir='ltr'><strong>.lustinianus</strong></span> <span class='ocrx_word' id='word_1_679' title='bbox 1079 4784 1314 4850; x_wconf 89' lang='lat' dir='ltr'><strong>.patriam</strong></span> <span class='ocrx_word' id='word_1_680' title='bbox 1353 4795 1513 4855; x_wconf 76' lang='lat' dir='ltr'><strong>suam</strong></span> <span class='ocrx_word' id='word_1_681' title='bbox 1561 4783 1776 4855; x_wconf 71' lang='lat' dir='ltr'><strong>Acrida,</strong></span> 
     </span>
    </p>
   </div>
   <div class='ocr_carea' id='block_1_95' title="bbox 162 4852 1779 4928">
    <p class='ocr_par' dir='ltr' id='par_1_95' title="bbox 162 4852 1779 4928">
     <span class='ocr_line' id='line_1_96' title="bbox 162 4852 1779 4928; baseline -0.001 -18"><span class='ocrx_word' id='word_1_682' title='bbox 162 4852 729 4928; x_wconf 11' lang='lat' dir='ltr'><strong>qimmlustini’anam</strong></span> <span class='ocrx_word' id='word_1_683' title='bbox 759 4855 1075 4928; x_wconf 70' lang='lat' dir='ltr'><strong>nom‘navit,</strong></span> <span class='ocrx_word' id='word_1_684' title='bbox 1104 4852 1441 4928; x_wconf 79' lang='lat' dir='ltr'><strong>metropolim</strong></span> <span class='ocrx_word' id='word_1_685' title='bbox 1476 4854 1620 4928; x_wconf 81' lang='lat' dir='ltr'><strong>fecit.</strong></span> <span class='ocrx_word' id='word_1_686' title='bbox 1651 4854 1779 4909; x_wconf 85' lang='lat' dir='ltr'><strong>Vide</strong></span> 
     </span>
    </p>
   </div>
   <div class='ocr_carea' id='block_1_96' title="bbox 164 4923 1770 5002">
    <p class='ocr_par' dir='ltr' id='par_1_96' title="bbox 164 4923 1770 5002">
     <span class='ocr_line' id='line_1_97' title="bbox 164 4923 1770 5002; baseline -0.004 -20"><span class='ocrx_word' id='word_1_687' title='bbox 164 4923 410 5002; x_wconf 65' lang='lat' dir='ltr'><strong>quamde</strong></span> <span class='ocrx_word' id='word_1_688' title='bbox 440 4926 734 5002; x_wconf 70' lang='lat' dir='ltr'><strong>Justiniana</strong></span> <span class='ocrx_word' id='word_1_689' title='bbox 769 4923 934 4992; x_wconf 89' lang='lat' dir='ltr'><strong>prima</strong></span> <span class='ocrx_word' id='word_1_690' title='bbox 965 4923 1196 5002; x_wconf 76' lang='lat' dir='ltr'><strong>diximus</strong></span> <span class='ocrx_word' id='word_1_691' title='bbox 1223 4923 1289 5002; x_wconf 76' lang='lat' dir='ltr'><strong>ad</strong></span> <span class='ocrx_word' id='word_1_692' title='bbox 1319 4923 1476 5002; x_wconf 76' lang='lat' dir='ltr'><strong>epist.</strong></span> <span class='ocrx_word' id='word_1_693' title='bbox 1511 4924 1542 4974; x_wconf 79' lang='grc' dir='ltr'>ϐ</span> <span class='ocrx_word' id='word_1_694' title='bbox 1566 4923 1656 4978; x_wconf 89' lang='lat' dir='ltr'><strong>lib.</strong></span> <span class='ocrx_word' id='word_1_695' title='bbox 1691 4941 1770 4979; x_wconf 89' lang='grc' dir='ltr'>ιιι.</span> 
     </span>
    </p>
   </div>
   <div class='ocr_carea' id='block_1_97' title="bbox 263 4994 1778 5063">
    <p class='ocr_par' dir='ltr' id='par_1_97' title="bbox 263 4994 1778 5063">
     <span class='ocr_line' id='line_1_98' title="bbox 263 4994 1778 5063; baseline -0.001 -14"><span class='ocrx_word' id='word_1_696' title='bbox 263 5011 287 5037; x_wconf 74' lang='grc' dir='ltr'><strong><em>ε</em></strong></span> <span class='ocrx_word' id='word_1_697' title='bbox 326 4997 382 5050; x_wconf 87' lang='grc' dir='ltr'><strong>1η</strong></span> <span class='ocrx_word' id='word_1_698' title='bbox 412 5005 613 5051; x_wconf 86' lang='lat' dir='ltr'><strong>recent.</strong></span> <span class='ocrx_word' id='word_1_699' title='bbox 645 4994 766 5057; x_wconf 64' lang='grc' dir='ltr'><strong>ω,</strong></span> <span class='ocrx_word' id='word_1_700' title='bbox 799 5012 828 5045; x_wconf 86' lang='lat' dir='ltr'><strong>n</strong></span> <span class='ocrx_word' id='word_1_701' title='bbox 855 5009 1050 5046; x_wconf 79' lang='lat' dir='ltr'><strong>summa</strong></span> <span class='ocrx_word' id='word_1_702' title='bbox 1089 4994 1283 5062; x_wconf 82' lang='lat' dir='ltr'><strong>injuria</strong></span> <span class='ocrx_word' id='word_1_703' title='bbox 1325 4994 1392 5044; x_wconf 81' lang='lat' dir='ltr'><strong>ad</strong></span> <span class='ocrx_word' id='word_1_704' title='bbox 1441 5009 1611 5047; x_wconf 80' lang='lat' dir='ltr'><strong>necem</strong></span> <span class='ocrx_word' id='word_1_705' title='bbox 1649 5011 1778 5063; x_wconf 82' lang='lat' dir='ltr'><strong>pene</strong></span> 
     </span>
    </p>
   </div>
   <div class='ocr_carea' id='block_1_98' title="bbox 161 5063 1530 5142">
    <p class='ocr_par' dir='ltr' id='par_1_98' title="bbox 161 5063 1530 5142">
     <span class='ocr_line' id='line_1_99' title="bbox 161 5063 1530 5142; baseline -0.004 -19"><span class='ocrx_word' id='word_1_706' title='bbox 161 5063 890 5142; x_wconf 60' lang='lat' dir='ltr'><strong>per_dyctum._invit_is&#39;Mss.</strong></span> <span class='ocrx_word' id='word_1_707' title='bbox 924 5063 1158 5142; x_wconf 40' lang='lat' dir='ltr'><strong>Anglic”</strong></span> <span class='ocrx_word' id='word_1_708' title='bbox 1187 5063 1396 5142; x_wconf 38' lang='lat' dir='ltr'><strong>Pium)...</strong></span> <span class='ocrx_word' id='word_1_709' title='bbox 1425 5073 1530 5142; x_wconf 64' lang='lat' dir='ltr'><strong>etc.</strong></span> 
     </span>
    </p>
   </div>
   <div class='ocr_carea' id='block_1_99' title="bbox 258 5133 1780 5202">
    <p class='ocr_par' dir='ltr' id='par_1_99' title="bbox 258 5133 1780 5202">
     <span class='ocr_line' id='line_1_100' title="bbox 258 5133 1780 5202; baseline -0.003 -12"><span class='ocrx_word' id='word_1_710' title='bbox 258 5140 288 5174; x_wconf 74' lang='grc' dir='ltr'><strong>ιι</strong></span> <span class='ocrx_word' id='word_1_711' title='bbox 322 5141 396 5190; x_wconf 89' lang='lat' dir='ltr'><strong>lta</strong></span> <span class='ocrx_word' id='word_1_712' title='bbox 427 5137 628 5202; x_wconf 81' lang='lat' dir='ltr'><strong>Optime</strong></span> <span class='ocrx_word' id='word_1_713' title='bbox 673 5136 800 5187; x_wconf 86' lang='lat' dir='ltr'><strong>Mss.</strong></span> <span class='ocrx_word' id='word_1_714' title='bbox 840 5141 898 5187; x_wconf 90' lang='lat' dir='ltr'><strong>et</strong></span> <span class='ocrx_word' id='word_1_715' title='bbox 924 5145 1031 5188; x_wconf 86' lang='lat' dir='ltr'><strong>vet.</strong></span> <span class='ocrx_word' id='word_1_716' title='bbox 1085 5133 1182 5185; x_wconf 82' lang='lat' dir='ltr'><strong>Ed.</strong></span> <span class='ocrx_word' id='word_1_717' title='bbox 1216 5133 1270 5184; x_wconf 91' lang='lat' dir='ltr'><strong>In</strong></span> <span class='ocrx_word' id='word_1_718' title='bbox 1309 5133 1428 5186; x_wconf 86' lang='lat' dir='ltr'><strong>aliis</strong></span> <span class='ocrx_word' id='word_1_719' title='bbox 1479 5133 1666 5199; x_wconf 77' lang='lat' dir='ltr'><strong>legitur</strong></span> <span class='ocrx_word' id='word_1_720' title='bbox 1711 5137 1780 5188; x_wconf 71' lang='lat' dir='ltr'><strong>ar!</strong></span> 
     </span>
    </p>
   </div>
   <div class='ocr_carea' id='block_1_100' title="bbox 1956 4485 3461 4568">
    <p class='ocr_par' dir='ltr' id='par_1_100' title="bbox 1956 4485 3461 4568">
     <span class='ocr_line' id='line_1_101' title="bbox 1956 4485 3461 4568; baseline -0.012 -13"><span class='ocrx_word' id='word_1_721' title='bbox 1956 4500 1982 4539; x_wconf 67' lang='grc' dir='ltr'>δ</span> <span class='ocrx_word' id='word_1_722' title='bbox 2018 4503 2071 4554; x_wconf 91' lang='lat' dir='ltr'><strong>ln</strong></span> <span class='ocrx_word' id='word_1_723' title='bbox 2104 4501 2341 4568; x_wconf 70' lang='lat' dir='ltr'><strong>\‘ulgatis</strong></span> <span class='ocrx_word' id='word_1_724' title='bbox 2363 4507 2421 4554; x_wconf 87' lang='lat' dir='ltr'><strong>et</strong></span> <span class='ocrx_word' id='word_1_725' title='bbox 2455 4490 3204 4568; x_wconf 62' lang='lat' dir='ltr'><strong>nonnullis__bfss.,gementia</strong></span> <span class='ocrx_word' id='word_1_726' title='bbox 3231 4485 3461 4568; x_wconf 36' lang='grc' dir='ltr'><strong>νει-βίᾳ.</strong></span> 
     </span>
    </p>
   </div>
   <div class='ocr_carea' id='block_1_101' title="bbox 1886 4557 3466 4631">
    <p class='ocr_par' dir='ltr' id='par_1_101' title="bbox 1886 4557 3466 4631">
     <span class='ocr_line' id='line_1_102' title="bbox 1886 4557 3466 4631; baseline -0.009 -7"><span class='ocrx_word' id='word_1_727' title='bbox 1886 4573 2135 4626; x_wconf 86' lang='lat' dir='ltr'><strong>mentiuo.</strong></span> <span class='ocrx_word' id='word_1_728' title='bbox 2166 4557 2394 4624; x_wconf 54' lang='lat' dir='ltr'><strong>Iiévolve</strong></span> <span class='ocrx_word' id='word_1_729' title='bbox 2439 4568 2692 4631; x_wconf 75' lang='lat' dir='ltr'><strong>epistulas</strong></span> <span class='ocrx_word' id='word_1_730' title='bbox 2718 4565 2786 4618; x_wconf 74' lang='grc'><strong>58</strong></span> <span class='ocrx_word' id='word_1_731' title='bbox 2823 4557 2974 4617; x_wconf 44' lang='grc'><strong>(159</strong></span> <span class='ocrx_word' id='word_1_732' title='bbox 3007 4562 3123 4614; x_wconf 85' lang='lat' dir='ltr'><strong>libri</strong></span> <span class='ocrx_word' id='word_1_733' title='bbox 3155 4557 3365 4631; x_wconf 47' lang='lat' dir='ltr'><strong>leuItI</strong></span> <span class='ocrx_word' id='word_1_734' title='bbox 3396 4557 3466 4610; x_wconf 85' lang='lat' dir='ltr'><strong>de</strong></span> 
     </span>
    </p>
   </div>
   <div class='ocr_carea' id='block_1_102' title="bbox 1884 4629 3463 4708">
    <p class='ocr_par' dir='ltr' id='par_1_102' title="bbox 1884 4629 3463 4708">
     <span class='ocr_line' id='line_1_103' title="bbox 1884 4629 3463 4708; baseline -0.012 -12"><span class='ocrx_word' id='word_1_735' title='bbox 1884 4645 2071 4697; x_wconf 89' lang='lat' dir='ltr'><strong>eodem</strong></span> <span class='ocrx_word' id='word_1_736' title='bbox 2101 4641 2329 4708; x_wconf 86' lang='lat' dir='ltr'><strong>primate</strong></span> <span class='ocrx_word' id='word_1_737' title='bbox 2355 4629 2546 4708; x_wconf 88' lang='lat' dir='ltr'><strong>agitur.</strong></span> <span class='ocrx_word' id='word_1_738' title='bbox 2574 4638 2817 4708; x_wconf 76' lang='lat' dir='ltr'><strong>Legimus</strong></span> <span class='ocrx_word' id='word_1_739' title='bbox 2847 4633 3132 4708; x_wconf 64' lang='lat' dir='ltr'><strong>Crementio</strong></span> <span class='ocrx_word' id='word_1_740' title='bbox 3235 4629 3463 4708; x_wconf 49' lang='lat' dir='ltr'><strong>:I‘uron&quot;</strong></span> 
     </span>
    </p>
   </div>
   <div class='ocr_carea' id='block_1_103' title="bbox 1884 4700 3463 4769">
    <p class='ocr_par' dir='ltr' id='par_1_103' title="bbox 1884 4700 3463 4769">
     <span class='ocr_line' id='line_1_104' title="bbox 1884 4700 3463 4769; baseline -0.011 -3"><span class='ocrx_word' id='word_1_741' title='bbox 1884 4700 2132 4766; x_wconf 72' lang='lat' dir='ltr'><strong>Omnibus</strong></span> <span class='ocrx_word' id='word_1_742' title='bbox 2155 4712 2337 4764; x_wconf 80' lang='lat' dir='ltr'><strong>Nortn.</strong></span> <span class='ocrx_word' id='word_1_743' title='bbox 2364 4700 2418 4763; x_wconf 61' lang='lat' dir='ltr'><strong>et</strong></span> <span class='ocrx_word' id='word_1_744' title='bbox 2435 4700 2698 4769; x_wconf 32' lang='lat' dir='ltr'><strong>Colbert-l,</strong></span> <span class='ocrx_word' id='word_1_745' title='bbox 2730 4705 2899 4758; x_wconf 85' lang='lat' dir='ltr'><strong>tribus</strong></span> <span class='ocrx_word' id='word_1_746' title='bbox 2928 4703 3120 4766; x_wconf 81' lang='lat' dir='ltr'><strong>Valic.,</strong></span> <span class='ocrx_word' id='word_1_747' title='bbox 3153 4700 3327 4763; x_wconf 67' lang='lat' dir='ltr'><strong>Culin,</strong></span> <span class='ocrx_word' id='word_1_748' title='bbox 3358 4705 3463 4749; x_wconf 78' lang='lat' dir='ltr'><strong>etc.</strong></span> 
     </span>
    </p>
   </div>
   <div class='ocr_carea' id='block_1_104' title="bbox 1955 4774 3466 4835">
    <p class='ocr_par' dir='ltr' id='par_1_104' title="bbox 1955 4774 3466 4835">
     <span class='ocr_line' id='line_1_105' title="bbox 1955 4774 3466 4835; baseline -0.013 1"><span class='ocrx_word' id='word_1_749' title='bbox 1955 4793 1978 4821; x_wconf 73' lang='grc' dir='ltr'><strong>ε</strong></span> <span class='ocrx_word' id='word_1_750' title='bbox 2015 4784 2067 4835; x_wconf 93' lang='lat' dir='ltr'><strong>In</strong></span> <span class='ocrx_word' id='word_1_751' title='bbox 2097 4780 2480 4835; x_wconf 86' lang='lat' dir='ltr'><strong>recentioribus</strong></span> <span class='ocrx_word' id='word_1_752' title='bbox 2507 4778 2715 4831; x_wconf 68' lang='lat' dir='ltr'><strong>addatur</strong></span> <span class='ocrx_word' id='word_1_753' title='bbox 2743 4785 2798 4827; x_wconf 82' lang='lat' dir='ltr'><strong>nt</strong></span> <span class='ocrx_word' id='word_1_754' title='bbox 2826 4774 3002 4827; x_wconf 78' lang='lat' dir='ltr'><strong>audita</strong></span> <span class='ocrx_word' id='word_1_755' title='bbox 3035 4781 3175 4835; x_wconf 83' lang='lat' dir='ltr'><strong>sunt,</strong></span> <span class='ocrx_word' id='word_1_756' title='bbox 3205 4782 3466 4834; x_wconf 86' lang='lat' dir='ltr'><strong>superva-</strong></span> 
     </span>
    </p>
   </div>
   <div class='ocr_carea' id='block_1_105' title="bbox 1884 4841 3534 4920">
    <p class='ocr_par' dir='ltr' id='par_1_105' title="bbox 1884 4841 3534 4920">
     <span class='ocr_line' id='line_1_106' title="bbox 1884 4841 3534 4920; baseline -0.012 -13"><span class='ocrx_word' id='word_1_757' title='bbox 1884 4867 1981 4907; x_wconf 86' lang='lat' dir='ltr'><strong>cue</strong></span> <span class='ocrx_word' id='word_1_758' title='bbox 2007 4850 2291 4920; x_wconf 87' lang='lat' dir='ltr'><strong>invitisque</strong></span> <span class='ocrx_word' id='word_1_759' title='bbox 2306 4851 2430 4903; x_wconf 87' lang='lat' dir='ltr'><strong>Mss.</strong></span> <span class='ocrx_word' id='word_1_760' title='bbox 2457 4849 2641 4920; x_wconf 71' lang='lat' dir='ltr'><strong>(Iorb.,</strong></span> <span class='ocrx_word' id='word_1_761' title='bbox 2668 4848 2876 4920; x_wconf 61' lang='lat' dir='ltr'><strong>Notum,</strong></span> <span class='ocrx_word' id='word_1_762' title='bbox 2897 4845 3123 4920; x_wconf 84' lang='lat' dir='ltr'><strong>&#39;l‘urou.,</strong></span> <span class='ocrx_word' id='word_1_763' title='bbox 3152 4841 3461 4920; x_wconf 37' lang='lat' dir='ltr'><strong>\iatic.,_e_tc.</strong></span> <span class='ocrx_word' id='word_1_764' title='bbox 3531 4855 3534 4860; x_wconf 59' lang='grc' dir='ltr'><strong>ν</strong></span> 
     </span>
    </p>
   </div>
   <div class='ocr_carea' id='block_1_106' title="bbox 1953 4910 3464 4990">
    <p class='ocr_par' dir='ltr' id='par_1_106' title="bbox 1953 4910 3464 4990">
     <span class='ocr_line' id='line_1_107' title="bbox 1953 4910 3464 4990; baseline -0.011 -13"><span class='ocrx_word' id='word_1_765' title='bbox 1953 4921 1978 4959; x_wconf 74' lang='grc' dir='ltr'><em>ά</em></span> <span class='ocrx_word' id='word_1_766' title='bbox 2005 4924 2105 4977; x_wconf 78' lang='lat' dir='ltr'><strong>llic</strong></span> <span class='ocrx_word' id='word_1_767' title='bbox 2127 4910 2354 4990; x_wconf 71' lang='lat' dir='ltr'><strong>quatuor</strong></span> <span class='ocrx_word' id='word_1_768' title='bbox 2382 4919 2649 4973; x_wconf 88' lang='lat' dir='ltr'><strong>annotabo</strong></span> <span class='ocrx_word' id='word_1_769' title='bbox 2682 4935 2695 4970; x_wconf 89' lang='lat'><strong>:</strong></span> <span class='ocrx_word' id='word_1_770' title='bbox 2729 4917 2780 4969; x_wconf 78' lang='grc'><strong>1⁸</strong></span> <span class='ocrx_word' id='word_1_771' title='bbox 2813 4917 3120 4990; x_wconf 72' lang='lat' dir='ltr'><strong>canonicam</strong></span> <span class='ocrx_word' id='word_1_772' title='bbox 3159 4910 3262 4962; x_wconf 88' lang='lat' dir='ltr'><strong>dici</strong></span> <span class='ocrx_word' id='word_1_773' title='bbox 3302 4910 3464 4990; x_wconf 55' lang='lat' dir='ltr'><strong>ultio.</strong></span> 
     </span>
    </p>
   </div>
   <div class='ocr_carea' id='block_1_107' title="bbox 1881 4978 3461 5059">
    <p class='ocr_par' dir='ltr' id='par_1_107' title="bbox 1881 4978 3461 5059">
     <span class='ocr_line' id='line_1_108' title="bbox 1881 4978 3461 5059; baseline -0.014 -11"><span class='ocrx_word' id='word_1_774' title='bbox 1881 5010 2028 5054; x_wconf 84' lang='lat' dir='ltr'><strong>nem,</strong></span> <span class='ocrx_word' id='word_1_775' title='bbox 2056 4978 2158 5046; x_wconf 80' lang='lat' dir='ltr'><strong>non</strong></span> <span class='ocrx_word' id='word_1_776' title='bbox 2190 4993 2561 5054; x_wconf 73' lang='lat' dir='ltr'><strong>arbitrarium;</strong></span> <span class='ocrx_word' id='word_1_777' title='bbox 2594 4996 2759 5042; x_wconf 84' lang='lat' dir='ltr'><strong>statas</strong></span> <span class='ocrx_word' id='word_1_778' title='bbox 2804 4987 2944 5059; x_wconf 84' lang='lat' dir='ltr'><strong>enim</strong></span> <span class='ocrx_word' id='word_1_779' title='bbox 2995 4991 3274 5059; x_wconf 72' lang='lat' dir='ltr'><strong>certasque</strong></span> <span class='ocrx_word' id='word_1_780' title='bbox 3305 4978 3461 5059; x_wconf 69' lang='lat' dir='ltr'><strong>leges</strong></span> 
     </span>
    </p>
   </div>
   <div class='ocr_carea' id='block_1_108' title="bbox 1881 5050 3464 5130">
    <p class='ocr_par' dir='ltr' id='par_1_108' title="bbox 1881 5050 3464 5130">
     <span class='ocr_line' id='line_1_109' title="bbox 1881 5050 3464 5130; baseline -0.012 -14"><span class='ocrx_word' id='word_1_781' title='bbox 1881 5050 2138 5118; x_wconf 85' lang='lat' dir='ltr'><strong>adversus</strong></span> <span class='ocrx_word' id='word_1_782' title='bbox 2167 5063 2386 5116; x_wconf 87' lang='lat' dir='ltr'><strong>crimina</strong></span> <span class='ocrx_word' id='word_1_783' title='bbox 2421 5050 2582 5130; x_wconf 85' lang='lat' dir='ltr'><strong>ligere</strong></span> <span class='ocrx_word' id='word_1_784' title='bbox 2631 5057 2887 5130; x_wconf 85' lang='lat' dir='ltr'><strong>oportuit,</strong></span> <span class='ocrx_word' id='word_1_785' title='bbox 2925 5070 3042 5130; x_wconf 66' lang='lat' dir='ltr'><strong>non</strong></span> <span class='ocrx_word' id='word_1_786' title='bbox 3085 5051 3254 5105; x_wconf 88' lang='lat' dir='ltr'><strong>cuivis</strong></span> <span class='ocrx_word' id='word_1_787' title='bbox 3299 5050 3464 5130; x_wconf 71' lang='lat' dir='ltr'><strong>judici</strong></span> 
     </span>
    </p>
   </div>
   <div class='ocr_carea' id='block_1_109' title="bbox 1883 5116 3464 5202">
    <p class='ocr_par' dir='ltr' id='par_1_109' title="bbox 1883 5116 3464 5202">
     <span class='ocr_line' id='line_1_110' title="bbox 1883 5116 3464 5202; baseline -0.01 -16"><span class='ocrx_word' id='word_1_788' title='bbox 1883 5116 2268 5202; x_wconf 70' lang='lat' dir='ltr'><strong>pertitittendns</strong></span> <span class='ocrx_word' id='word_1_789' title='bbox 2292 5133 2390 5185; x_wconf 91' lang='lat' dir='ltr'><strong>fuit</strong></span> <span class='ocrx_word' id='word_1_790' title='bbox 2415 5116 3051 5202; x_wconf 42' lang='grc' dir='ltr'>ςέιιδυιωίιιοὼιέηΝειιη</span> <span class='ocrx_word' id='word_1_791' title='bbox 3071 5164 3086 5189; x_wconf 90' lang='grc'><strong><em>,</em></strong></span> <span class='ocrx_word' id='word_1_792' title='bbox 3121 5116 3464 5202; x_wconf 17' lang='grc' dir='ltr'><strong>ειυςιφιθλιλῆ-</strong></span> 
     </span>
    </p>
   </div>
   <div class='ocr_carea' id='block_1_110' title="bbox 1883 5188 3469 5270">
    <p class='ocr_par' dir='ltr' id='par_1_110' title="bbox 1883 5188 3469 5270">
     <span class='ocr_line' id='line_1_111' title="bbox 1883 5188 3469 5270; baseline -0.012 -12"><span class='ocrx_word' id='word_1_793' title='bbox 1883 5188 2113 5267; x_wconf 63' lang='lat' dir='ltr'><strong>ctantio,</strong></span> <span class='ocrx_word' id='word_1_794' title='bbox 2138 5205 2380 5257; x_wconf 86' lang='lat' dir='ltr'><strong>minister</strong></span> <span class='ocrx_word' id='word_1_795' title='bbox 2410 5202 2539 5270; x_wconf 81' lang='lat' dir='ltr'><strong>legis</strong></span> <span class='ocrx_word' id='word_1_796' title='bbox 2569 5209 2671 5260; x_wconf 87' lang='lat' dir='ltr'><strong>est.</strong></span> <span class='ocrx_word' id='word_1_797' title='bbox 2705 5214 2809 5251; x_wconf 89' lang='lat' dir='ltr'><strong>non</strong></span> <span class='ocrx_word' id='word_1_798' title='bbox 2831 5197 3029 5270; x_wconf 83' lang='lat' dir='ltr'><strong>animi,</strong></span> <span class='ocrx_word' id='word_1_799' title='bbox 3062 5188 3164 5248; x_wconf 90' lang='lat' dir='ltr'><strong>non</strong></span> <span class='ocrx_word' id='word_1_800' title='bbox 3191 5188 3469 5270; x_wconf 72' lang='lat' dir='ltr'><strong>potestatis</strong></span> 
     </span>
    </p>
   </div>
   <div class='ocr_carea' id='block_1_111' title="bbox 1885 5262 3462 5342">
    <p class='ocr_par' dir='ltr' id='par_1_111' title="bbox 1885 5262 3462 5342">
     <span class='ocr_line' id='line_1_112' title="bbox 1885 5262 3462 5342; baseline -0.011 -15"><span class='ocrx_word' id='word_1_801' title='bbox 1885 5290 2030 5339; x_wconf 81' lang='lat' dir='ltr'><strong>smn;</strong></span> <span class='ocrx_word' id='word_1_802' title='bbox 2059 5262 2217 5342; x_wconf 76' lang='lat' dir='ltr'><strong>atque</strong></span> <span class='ocrx_word' id='word_1_803' title='bbox 2244 5273 2376 5326; x_wconf 87' lang='lat' dir='ltr'><strong>adeo</strong></span> <span class='ocrx_word' id='word_1_804' title='bbox 2423 5262 2527 5325; x_wconf 74' lang='lat' dir='ltr'><strong>non</strong></span> <span class='ocrx_word' id='word_1_805' title='bbox 2557 5270 2835 5342; x_wconf 28' lang='lat' dir='ltr'><strong>suntsed</strong></span> <span class='ocrx_word' id='word_1_806' title='bbox 2862 5268 3034 5342; x_wconf 69' lang='lat' dir='ltr'><strong>legum</strong></span> <span class='ocrx_word' id='word_1_807' title='bbox 3079 5262 3346 5342; x_wconf 66' lang='lat' dir='ltr'><strong>sententia</strong></span> <span class='ocrx_word' id='word_1_808' title='bbox 3387 5262 3462 5310; x_wconf 88' lang='lat' dir='ltr'><strong>uti</strong></span> 
     </span>
    </p>
   </div>
   <div class='ocr_carea' id='block_1_112' title="bbox 1888 5330 3463 5409">
    <p class='ocr_par' dir='ltr' id='par_1_112' title="bbox 1888 5330 3463 5409">
     <span class='ocr_line' id='line_1_113' title="bbox 1888 5330 3463 5409; baseline -0.01 -12"><span class='ocrx_word' id='word_1_809' title='bbox 1888 5330 2068 5409; x_wconf 66' lang='lat' dir='ltr'><strong>debet,</strong></span> <span class='ocrx_word' id='word_1_810' title='bbox 2101 5330 2192 5398; x_wconf 77' lang='lat' dir='ltr'><strong>ub.</strong></span> <span class='ocrx_word' id='word_1_811' title='bbox 2225 5345 2292 5400; x_wconf 92' lang='lat' dir='ltr'><strong>de</strong></span> <span class='ocrx_word' id='word_1_812' title='bbox 2315 5344 2390 5398; x_wconf 90' lang='lat' dir='ltr'><strong>lra</strong></span> <span class='ocrx_word' id='word_1_813' title='bbox 2421 5343 2534 5407; x_wconf 87' lang='lat' dir='ltr'><strong>Dei,</strong></span> <span class='ocrx_word' id='word_1_814' title='bbox 2564 5356 2613 5395; x_wconf 92' lang='lat' dir='ltr'><strong>c.</strong></span> <span class='ocrx_word' id='word_1_815' title='bbox 2645 5330 2669 5394; x_wconf 76' lang='grc' dir='ltr'><strong>ι</strong></span> <span class='ocrx_word' id='word_1_816' title='bbox 2681 5341 2709 5392; x_wconf 83' lang='lat'>7</span> <span class='ocrx_word' id='word_1_817' title='bbox 2742 5330 3368 5409; x_wconf 58' lang='grc' dir='ltr'><strong>οι18.’Νοι;ιιιιίιιιῐι,“2⁸,</strong></span> <span class='ocrx_word' id='word_1_818' title='bbox 3397 5345 3463 5382; x_wconf 75' lang='lat' dir='ltr'><strong>ex</strong></span> 
     </span>
    </p>
   </div>
   <div class='ocr_carea' id='block_1_113' title="bbox 1888 5407 3461 5482">
    <p class='ocr_par' dir='ltr' id='par_1_113' title="bbox 1888 5407 3461 5482">
     <span class='ocr_line' id='line_1_114' title="bbox 1888 5407 3461 5482; baseline -0.011 -13"><span class='ocrx_word' id='word_1_819' title='bbox 1888 5416 2010 5469; x_wconf 85' lang='lat' dir='ltr'><strong>eod.</strong></span> <span class='ocrx_word' id='word_1_820' title='bbox 2043 5407 2210 5482; x_wconf 84' lang='lat' dir='ltr'><strong>Lact.,</strong></span> <span class='ocrx_word' id='word_1_821' title='bbox 2240 5432 2287 5469; x_wconf 91' lang='lat' dir='ltr'><strong>c.</strong></span> <span class='ocrx_word' id='word_1_822' title='bbox 2322 5414 2404 5477; x_wconf 84' lang='lat' dir='ltr'><strong>I7,</strong></span> <span class='ocrx_word' id='word_1_823' title='bbox 2434 5431 2532 5466; x_wconf 85' lang='lat' dir='ltr'><strong>non</strong></span> <span class='ocrx_word' id='word_1_824' title='bbox 2551 5414 2733 5482; x_wconf 72' lang='lat' dir='ltr'><strong>exiguo</strong></span> <span class='ocrx_word' id='word_1_825' title='bbox 2764 5413 2880 5482; x_wconf 78' lang='lat' dir='ltr'><strong>falli</strong></span> <span class='ocrx_word' id='word_1_826' title='bbox 2896 5424 3065 5482; x_wconf 85' lang='lat' dir='ltr'><strong>errore</strong></span> <span class='ocrx_word' id='word_1_827' title='bbox 3090 5407 3172 5474; x_wconf 84' lang='lat' dir='ltr'><strong>qui</strong></span> <span class='ocrx_word' id='word_1_828' title='bbox 3198 5415 3461 5482; x_wconf 74' lang='lat' dir='ltr'><strong>censuram</strong></span> 
     </span>
    </p>
   </div>
   <div class='ocr_carea' id='block_1_114' title="bbox 1887 5477 3462 5539">
    <p class='ocr_par' dir='ltr' id='par_1_114' title="bbox 1887 5477 3462 5539">
     <span class='ocr_line' id='line_1_115' title="bbox 1887 5477 3462 5539; baseline -0.011 0"><span class='ocrx_word' id='word_1_829' title='bbox 1887 5489 1992 5539; x_wconf 80' lang='lat' dir='ltr'><strong>sive</strong></span> <span class='ocrx_word' id='word_1_830' title='bbox 2025 5477 2244 5538; x_wconf 77' lang='lat' dir='ltr'><strong>divinant</strong></span> <span class='ocrx_word' id='word_1_831' title='bbox 2274 5486 2378 5537; x_wconf 80' lang='lat' dir='ltr'><strong>sive</strong></span> <span class='ocrx_word' id='word_1_832' title='bbox 2423 5477 2698 5535; x_wconf 72' lang='lat' dir='ltr'><strong>humanam</strong></span> <span class='ocrx_word' id='word_1_833' title='bbox 2742 5477 3031 5533; x_wconf 78' lang='lat' dir='ltr'><strong>acerbitatis</strong></span> <span class='ocrx_word' id='word_1_834' title='bbox 3075 5477 3276 5530; x_wconf 87' lang='lat' dir='ltr'><strong>nomine</strong></span> <span class='ocrx_word' id='word_1_835' title='bbox 3324 5477 3462 5536; x_wconf 72' lang='lat' dir='ltr'><strong>inla-</strong></span> 
     </span>
    </p>
   </div>
   <div class='ocr_carea' id='block_1_115' title="bbox 1890 5549 3466 5616">
    <p class='ocr_par' dir='ltr' id='par_1_115' title="bbox 1890 5549 3466 5616">
     <span class='ocr_line' id='line_1_116' title="bbox 1890 5549 3466 5616; baseline -0.011 -8"><span class='ocrx_word' id='word_1_836' title='bbox 1890 5567 2165 5610; x_wconf 83' lang='lat' dir='ltr'><strong>nmnt......</strong></span> <span class='ocrx_word' id='word_1_837' title='bbox 2196 5553 2454 5606; x_wconf 83' lang='lat' dir='ltr'><strong>Bonorum</strong></span> <span class='ocrx_word' id='word_1_838' title='bbox 2484 5554 2696 5605; x_wconf 65' lang='lat' dir='ltr'><strong>salutem</strong></span> <span class='ocrx_word' id='word_1_839' title='bbox 2743 5551 2997 5602; x_wconf 81' lang='lat' dir='ltr'><strong>custodire</strong></span> <span class='ocrx_word' id='word_1_840' title='bbox 3037 5551 3123 5616; x_wconf 71' lang='lat' dir='ltr'><strong>qui</strong></span> <span class='ocrx_word' id='word_1_841' title='bbox 3171 5549 3333 5597; x_wconf 83' lang='lat' dir='ltr'><strong>nta!os</strong></span> <span class='ocrx_word' id='word_1_842' title='bbox 3373 5558 3466 5610; x_wconf 77' lang='lat' dir='ltr'><strong>pu-</strong></span> 
     </span>
    </p>
   </div>
   <div class='ocr_carea' id='block_1_116' title="bbox 158 5202 1775 5279">
    <p class='ocr_par' dir='ltr' id='par_1_116' title="bbox 158 5202 1775 5279">
     <span class='ocr_line' id='line_1_117' title="bbox 158 5202 1775 5279; baseline -0.001 -19"><span class='ocrx_word' id='word_1_843' title='bbox 158 5210 366 5279; x_wconf 68' lang='lat' dir='ltr'><strong>hujus</strong></span> <span class='ocrx_word' id='word_1_844' title='bbox 381 5206 731 5279; x_wconf 65' lang='lat' dir='ltr'><strong>monitionettt.</strong></span> <span class='ocrx_word' id='word_1_845' title='bbox 761 5203 981 5279; x_wconf 69' lang='lat' dir='ltr'><strong>munitio</strong></span> <span class='ocrx_word' id='word_1_846' title='bbox 1005 5205 1090 5279; x_wconf 77' lang='lat' dir='ltr'><strong>hic</strong></span> <span class='ocrx_word' id='word_1_847' title='bbox 1106 5202 1371 5279; x_wconf 56' lang='lat' dir='ltr'><strong>signiﬁcat</strong></span> <span class='ocrx_word' id='word_1_848' title='bbox 1388 5203 1775 5279; x_wconf 84' lang='lat' dir='ltr'><strong>defensionem,</strong></span> 
     </span>
    </p>
   </div>
   <div class='ocr_carea' id='block_1_117' title="bbox 157 5273 1650 5341">
    <p class='ocr_par' dir='ltr' id='par_1_117' title="bbox 157 5273 1650 5341">
     <span class='ocr_line' id='line_1_118' title="bbox 157 5273 1650 5341; baseline -0.005 -7"><span class='ocrx_word' id='word_1_849' title='bbox 157 5273 561 5340; x_wconf 76' lang='lat' dir='ltr'><strong>securitatem,</strong></span> <span class='ocrx_word' id='word_1_850' title='bbox 596 5275 800 5326; x_wconf 87' lang='lat' dir='ltr'><strong>scilicet</strong></span> <span class='ocrx_word' id='word_1_851' title='bbox 829 5274 1044 5338; x_wconf 77' lang='lat' dir='ltr'><strong>legitimi</strong></span> <span class='ocrx_word' id='word_1_852' title='bbox 1075 5274 1312 5341; x_wconf 83' lang='lat' dir='ltr'><strong>episcopi</strong></span> <span class='ocrx_word' id='word_1_853' title='bbox 1336 5273 1650 5328; x_wconf 70' lang='lat' dir='ltr'><strong>D-acleatini.</strong></span> 
     </span>
    </p>
   </div>
   <div class='ocr_carea' id='block_1_118' title="bbox 263 5341 1779 5424">
    <p class='ocr_par' dir='ltr' id='par_1_118' title="bbox 263 5341 1779 5424">
     <span class='ocr_line' id='line_1_119' title="bbox 263 5341 1779 5424; baseline 0.001 -25"><span class='ocrx_word' id='word_1_854' title='bbox 263 5347 474 5424; x_wconf 43' lang='grc' dir='ltr'><strong>Ε-ιηετε,</strong></span> <span class='ocrx_word' id='word_1_855' title='bbox 498 5343 694 5424; x_wconf 52' lang='lat' dir='ltr'><strong>XXXII</strong></span> <span class='ocrx_word' id='word_1_856' title='bbox 871 5341 1138 5424; x_wconf 13' lang='grc' dir='ltr'><strong>’ἕρμ’-γη</strong></span> <span class='ocrx_word' id='word_1_857' title='bbox 1169 5343 1222 5396; x_wconf 93' lang='lat' dir='ltr'><strong>lu</strong></span> <span class='ocrx_word' id='word_1_858' title='bbox 1254 5344 1531 5424; x_wconf 37' lang='lat' dir='ltr'><strong>erunibus.</strong></span> <span class='ocrx_word' id='word_1_859' title='bbox 1562 5345 1742 5424; x_wconf 35' lang='lat' dir='ltr'><strong>No‘r-m:</strong></span> <span class='ocrx_word' id='word_1_860' title='bbox 1763 5387 1779 5412; x_wconf 89' lang='lat'><strong>,</strong></span> 
     </span>
    </p>
   </div>
   <div class='ocr_carea' id='block_1_119' title="bbox 154 5412 1776 5480">
    <p class='ocr_par' dir='ltr' id='par_1_119' title="bbox 154 5412 1776 5480">
     <span class='ocr_line' id='line_1_120' title="bbox 154 5412 1776 5480; baseline -0.001 -9"><span class='ocrx_word' id='word_1_861' title='bbox 154 5418 403 5471; x_wconf 81' lang='lat' dir='ltr'><strong>duobus</strong></span> <span class='ocrx_word' id='word_1_862' title='bbox 433 5414 630 5480; x_wconf 79' lang='lat' dir='ltr'><strong>Vatic.,</strong></span> <span class='ocrx_word' id='word_1_863' title='bbox 655 5412 874 5468; x_wconf 90' lang='lat' dir='ltr'><strong>totidem</strong></span> <span class='ocrx_word' id='word_1_864' title='bbox 902 5412 1139 5468; x_wconf 77' lang='lat' dir='ltr'><strong>COIbert.</strong></span> <span class='ocrx_word' id='word_1_865' title='bbox 1167 5424 1220 5467; x_wconf 91' lang='lat' dir='ltr'><strong>et</strong></span> <span class='ocrx_word' id='word_1_866' title='bbox 1249 5412 1438 5478; x_wconf 85' lang='lat' dir='ltr'><strong>Corb.,</strong></span> <span class='ocrx_word' id='word_1_867' title='bbox 1470 5415 1695 5470; x_wconf 84' lang='lat' dir='ltr'><strong>Visachi.</strong></span> <span class='ocrx_word' id='word_1_868' title='bbox 1723 5419 1776 5470; x_wconf 92' lang='lat' dir='ltr'><strong>In</strong></span> 
     </span>
    </p>
   </div>
   <div class='ocr_carea' id='block_1_120' title="bbox 151 5483 1782 5552">
    <p class='ocr_par' dir='ltr' id='par_1_120' title="bbox 151 5483 1782 5552">
     <span class='ocr_line' id='line_1_121' title="bbox 151 5483 1782 5552; baseline -0.001 -11"><span class='ocrx_word' id='word_1_869' title='bbox 151 5486 311 5541; x_wconf 79' lang='lat' dir='ltr'><strong>aliis</strong></span> <span class='ocrx_word' id='word_1_870' title='bbox 342 5484 582 5541; x_wconf 89' lang='lat' dir='ltr'><strong>Colbert.</strong></span> <span class='ocrx_word' id='word_1_871' title='bbox 619 5485 806 5552; x_wconf 86' lang='lat' dir='ltr'><strong>legitur</strong></span> <span class='ocrx_word' id='word_1_872' title='bbox 833 5483 1058 5548; x_wconf 83' lang='lat' dir='ltr'><strong>Vitaclti,</strong></span> <span class='ocrx_word' id='word_1_873' title='bbox 1082 5492 1134 5536; x_wconf 91' lang='lat' dir='ltr'><strong>et</strong></span> <span class='ocrx_word' id='word_1_874' title='bbox 1165 5484 1215 5538; x_wconf 91' lang='lat' dir='ltr'><strong>in</strong></span> <span class='ocrx_word' id='word_1_875' title='bbox 1244 5487 1607 5549; x_wconf 85' lang='lat' dir='ltr'><strong>emendatinre</strong></span> <span class='ocrx_word' id='word_1_876' title='bbox 1635 5486 1782 5540; x_wconf 80' lang='lat' dir='ltr'><strong>Bisa-</strong></span> 
     </span>
    </p>
   </div>
   <div class='ocr_carea' id='block_1_121' title="bbox 153 5554 1779 5626">
    <p class='ocr_par' dir='ltr' id='par_1_121' title="bbox 153 5554 1779 5626">
     <span class='ocr_line' id='line_1_122' title="bbox 153 5554 1779 5626; baseline 0.001 -15"><span class='ocrx_word' id='word_1_877' title='bbox 153 5559 327 5611; x_wconf 75' lang='lat' dir='ltr'><strong>ceni.</strong></span> <span class='ocrx_word' id='word_1_878' title='bbox 364 5555 636 5626; x_wconf 72' lang='lat' dir='ltr'><strong>Bylacena</strong></span> <span class='ocrx_word' id='word_1_879' title='bbox 680 5554 946 5622; x_wconf 82' lang='lat' dir='ltr'><strong>provincia</strong></span> <span class='ocrx_word' id='word_1_880' title='bbox 970 5561 1076 5626; x_wconf 77' lang='lat' dir='ltr'><strong>una</strong></span> <span class='ocrx_word' id='word_1_881' title='bbox 1103 5569 1165 5626; x_wconf 73' lang='lat' dir='ltr'><strong>ex</strong></span> <span class='ocrx_word' id='word_1_882' title='bbox 1192 5567 1394 5622; x_wconf 89' lang='lat' dir='ltr'><strong>septem</strong></span> <span class='ocrx_word' id='word_1_883' title='bbox 1425 5558 1616 5623; x_wconf 83' lang='lat' dir='ltr'><strong>quibus</strong></span> <span class='ocrx_word' id='word_1_884' title='bbox 1647 5557 1779 5614; x_wconf 71' lang='lat' dir='ltr'><strong>dite-</strong></span> 
     </span>
    </p>
   </div>
   <div class='ocr_carea' id='block_1_122' title="bbox 152 5617 3461 5707">
    <p class='ocr_par' dir='ltr' id='par_1_122' title="bbox 152 5617 3461 5707">
     <span class='ocr_line' id='line_1_123' title="bbox 152 5617 3461 5707; baseline -0.005 -27"><span class='ocrx_word' id='word_1_885' title='bbox 152 5629 336 5682; x_wconf 83' lang='lat' dir='ltr'><strong>cesis</strong></span> <span class='ocrx_word' id='word_1_886' title='bbox 382 5617 629 5707; x_wconf 54' lang='lat' dir='ltr'><strong>Kfrtcana</strong></span> <span class='ocrx_word' id='word_1_887' title='bbox 659 5617 972 5707; x_wconf 57' lang='lat' dir='ltr'><strong>constabat:</strong></span> <span class='ocrx_word' id='word_1_888' title='bbox 1010 5624 1154 5707; x_wconf 53' lang='lat' dir='ltr'><strong>&quot;Vide</strong></span> <span class='ocrx_word' id='word_1_889' title='bbox 1190 5617 1346 5692; x_wconf 47' lang='lat' dir='ltr'><strong>ep&#39;st.</strong></span> <span class='ocrx_word' id='word_1_890' title='bbox 1381 5617 1454 5706; x_wconf 54' lang='grc' dir='ltr'><strong>ξύ</strong></span> <span class='ocrx_word' id='word_1_891' title='bbox 1476 5627 1566 5707; x_wconf 75' lang='lat' dir='ltr'><strong>lib.</strong></span> <span class='ocrx_word' id='word_1_892' title='bbox 1603 5644 1675 5682; x_wconf 77' lang='grc' dir='ltr'><strong>ικ.</strong></span> <span class='ocrx_word' id='word_1_893' title='bbox 1709 5631 1782 5683; x_wconf 87' lang='lat' dir='ltr'><strong>De</strong></span> <span class='ocrx_word' id='word_1_894' title='bbox 1891 5629 2106 5678; x_wconf 82' lang='lat' dir='ltr'><strong>nit......</strong></span> <span class='ocrx_word' id='word_1_895' title='bbox 2139 5623 2302 5704; x_wconf 56' lang='lat' dir='ltr'><strong>Istum</strong></span> <span class='ocrx_word' id='word_1_896' title='bbox 2345 5639 2452 5704; x_wconf 75' lang='lat' dir='ltr'><strong>esse</strong></span> <span class='ocrx_word' id='word_1_897' title='bbox 2498 5632 2755 5707; x_wconf 59' lang='lat' dir='ltr'><strong>trecenteni</strong></span> <span class='ocrx_word' id='word_1_898' title='bbox 2791 5622 2879 5692; x_wconf 83' lang='lat' dir='ltr'><strong>qui</strong></span> <span class='ocrx_word' id='word_1_899' title='bbox 2909 5630 2993 5672; x_wconf 85' lang='lat' dir='ltr'><strong>aut</strong></span> <span class='ocrx_word' id='word_1_900' title='bbox 3023 5617 3272 5707; x_wconf 59' lang='lat' dir='ltr'><strong>innocenti</strong></span> <span class='ocrx_word' id='word_1_901' title='bbox 3302 5623 3461 5677; x_wconf 70' lang='lat' dir='ltr'><strong>ﬂoret,</strong></span> 
     </span>
    </p>
   </div>
   <div class='ocr_carea' id='block_1_123' title="bbox 152 5689 3477 5764">
    <p class='ocr_par' dir='ltr' id='par_1_123' title="bbox 152 5689 3477 5764">
     <span class='ocr_line' id='line_1_124' title="bbox 152 5689 3477 5764; baseline -0.005 -13"><span class='ocrx_word' id='word_1_902' title='bbox 152 5714 246 5752; x_wconf 83' lang='lat' dir='ltr'><strong>ea</strong></span> <span class='ocrx_word' id='word_1_903' title='bbox 289 5712 432 5764; x_wconf 70' lang='lat' dir='ltr'><strong>swpe</strong></span> <span class='ocrx_word' id='word_1_904' title='bbox 472 5696 524 5749; x_wconf 89' lang='lat' dir='ltr'><strong>in</strong></span> <span class='ocrx_word' id='word_1_905' title='bbox 558 5695 788 5748; x_wconf 87' lang='lat' dir='ltr'><strong>Ilistoria</strong></span> <span class='ocrx_word' id='word_1_906' title='bbox 825 5693 1123 5764; x_wconf 75' lang='lat' dir='ltr'><strong>Vandalicm</strong></span> <span class='ocrx_word' id='word_1_907' title='bbox 1155 5689 1539 5762; x_wconf 76' lang='lat' dir='ltr'><strong>persecutionis</strong></span> <span class='ocrx_word' id='word_1_908' title='bbox 1565 5708 1782 5752; x_wconf 88' lang='lat' dir='ltr'><strong>auctore</strong></span> <span class='ocrx_word' id='word_1_909' title='bbox 1891 5707 1980 5747; x_wconf 86' lang='lat' dir='ltr'><strong>aut</strong></span> <span class='ocrx_word' id='word_1_910' title='bbox 2007 5695 2205 5748; x_wconf 74' lang='lat' dir='ltr'><strong>nocenti</strong></span> <span class='ocrx_word' id='word_1_911' title='bbox 2246 5696 2523 5758; x_wconf 77' lang='lat' dir='ltr'><strong>parcit.....</strong></span> <span class='ocrx_word' id='word_1_912' title='bbox 2557 5689 2719 5744; x_wconf 67' lang='lat' dir='ltr'><strong>Irasci</strong></span> <span class='ocrx_word' id='word_1_913' title='bbox 2746 5689 2960 5764; x_wconf 73' lang='lat' dir='ltr'><strong>rationis</strong></span> <span class='ocrx_word' id='word_1_914' title='bbox 2992 5706 3132 5753; x_wconf 80' lang='lat' dir='ltr'><strong>esse;</strong></span> <span class='ocrx_word' id='word_1_915' title='bbox 3163 5689 3477 5753; x_wconf 75' lang='lat' dir='ltr'><strong>auferuntur</strong></span> 
     </span>
    </p>
   </div>
   <div class='ocr_carea' id='block_1_124' title="bbox 161 5760 3476 5833">
    <p class='ocr_par' dir='ltr' id='par_1_124' title="bbox 161 5760 3476 5833">
     <span class='ocr_line' id='line_1_125' title="bbox 161 5760 3476 5833; baseline -0.005 -10"><span class='ocrx_word' id='word_1_916' title='bbox 161 5760 414 5823; x_wconf 78' lang='lat' dir='ltr'><strong>Victore</strong></span> <span class='ocrx_word' id='word_1_917' title='bbox 467 5766 670 5822; x_wconf 77' lang='lat' dir='ltr'><strong>Vitensi</strong></span> <span class='ocrx_word' id='word_1_918' title='bbox 702 5782 730 5819; x_wconf 71' lang='grc' dir='ltr'>ει</span> <span class='ocrx_word' id='word_1_919' title='bbox 759 5776 941 5821; x_wconf 84' lang='lat' dir='ltr'><strong>nostro</strong></span> <span class='ocrx_word' id='word_1_920' title='bbox 972 5760 1174 5820; x_wconf 71' lang='lat' dir='ltr'><strong>Thcod.</strong></span> <span class='ocrx_word' id='word_1_921' title='bbox 1229 5766 1504 5822; x_wconf 69' lang='lat' dir='ltr'><strong>liuinartio</strong></span> <span class='ocrx_word' id='word_1_922' title='bbox 1547 5769 1685 5822; x_wconf 72' lang='lat' dir='ltr'><strong>edita</strong></span> <span class='ocrx_word' id='word_1_923' title='bbox 1729 5778 1783 5823; x_wconf 88' lang='lat' dir='ltr'><strong>et</strong></span> <span class='ocrx_word' id='word_1_924' title='bbox 1892 5768 2027 5820; x_wconf 84' lang='lat' dir='ltr'><strong>cnim</strong></span> <span class='ocrx_word' id='word_1_925' title='bbox 2067 5767 2248 5818; x_wconf 77' lang='lat' dir='ltr'><strong>delicta</strong></span> <span class='ocrx_word' id='word_1_926' title='bbox 2276 5775 2320 5818; x_wconf 82' lang='lat' dir='ltr'><strong>et</strong></span> <span class='ocrx_word' id='word_1_927' title='bbox 2350 5765 2633 5833; x_wconf 75' lang='lat' dir='ltr'><strong>refrenatur</strong></span> <span class='ocrx_word' id='word_1_928' title='bbox 2664 5763 2890 5830; x_wconf 73' lang='lat' dir='ltr'><strong>licentia,</strong></span> <span class='ocrx_word' id='word_1_929' title='bbox 2943 5763 3075 5830; x_wconf 81' lang='lat' dir='ltr'><strong>quod</strong></span> <span class='ocrx_word' id='word_1_930' title='bbox 3127 5761 3296 5827; x_wconf 80' lang='lat' dir='ltr'><strong>utique</strong></span> <span class='ocrx_word' id='word_1_931' title='bbox 3338 5760 3476 5825; x_wconf 71' lang='lat' dir='ltr'><strong>jus&#39;c</strong></span> 
     </span>
    </p>
   </div>
  </div>
