4026 6372
226 365 363 425 1215

866 360 1349 421 EPISTOLARUM
1389 361 1518 417 LIB.
1562 360 1678 417 XII.
1721 390 1794 403 --
1832 358 2080 418 INDIG'I‘.
2128 358 2190 414 V.
2233 387 2303 400 ——
2343 356 2563 414 EPIST.
2606 356 2898 412 XXXVIII.

3358 356 3500 413 ’1246

223 489 633 548 commemorat,
673 479 833 534 aliam
881 478 1036 533 nobis
1087 476 1368 547 epistolam
1413 474 1808 541 transmisistis,
1840 478 1888 534 Α
1915 471 2251 526 siasticarum
2298 484 2546 523 curarum
2599 482 2705 523 non
2757 468 2950 522 debeat
3004 468 3500 537 perturbationibus

224 585 282 631 ut
309 591 428 643 quae
467 587 676 629 summa
723 568 966 639 ejusdem
996 569 1207 623 sitonici
1241 570 1309 625 ab
1342 580 1365 607 ε
1399 568 1690 623 horreariis
1708 567 1810 621 Ec-

223 666 401 721 clesia:
422 664 494 718 sit
519 670 768 730 suscepta
797 660 948 729 prodi
973 660 1111 715 inter
1140 669 1255 716 acta
1281 659 1489 729 publica
1516 660 1809 715 debuisset.

223 758 290 813 Et
314 757 434 812 ideo
456 771 523 811 ne
545 769 640 825 per
656 754 997 809 occasionem
1024 753 1272 807 Ecclesia:
1295 752 1536 823 quaedam
1559 753 1809 821 cuiquam

224 848 368 902 nasci
394 846 635 901 videatur
662 846 895 911 occasio,
918 858 1013 898 seu
1044 845 1340 907 excusatio,
1365 853 1419 899 et
1439 846 1807 912 quantitatem,

222 939 360 993 sicut
385 935 698 1006 scripsistis,
735 934 1048 990 defensores
1078 934 1333 989 Ecclesiae
1367 934 1727 1003 prodiderunt,
1758 946 1813 991 et

222 1042 343 1099 qua:
370 1036 693 1097 putaverunt
721 1025 868 1080 utilia
900 1027 1225 1095 petiverunt.
1256 1024 1408 1092 Quod
1437 1025 1602 1095 gloria
1635 1034 1808 1081 vestra

222 1118 507 1188 diligenter
529 1118 863 1185 solliciteque
896 1126 1202 1186 pertractet,
1227 1128 1277 1172 et
1308 1117 1467 1171 verba
1497 1131 1678 1171 eorum
1702 1131 1808 1171 non

224 1212 478 1282 negligat.
510 1209 643 1265 Nam
673 1209 933 1279 quidquid
959 1219 1078 1278 post
1108 1209 1222 1264 haec
1248 1210 1300 1263 in
1332 1209 1569 1278 praedicti
1600 1207 1811 1265 sitonici

222 1301 404 1372 specie
433 1302 612 1355 damni
651 1299 967 1368 contigerit,
1011 1299 1242 1367 amplius
1282 1299 1393 1368 jam
1438 1299 1505 1354 ad
1554 1300 1811 1356 Ecclesiae

226 1393 561 1463 dispendium
608 1395 790 1448 sciatis
822 1393 973 1447 nullo
1007 1393 1167 1446 modo
1214 1393 1513 1462 pertinere,
1547 1395 1668 1463 quia
1712 1408 1811 1449 nec

226 1485 550 1541 habitatores
578 1484 812 1539 civitatis
843 1486 995 1539 istius
1018 1526 1030 1548 ,
1072 1484 1255 1539 afflicti
1300 1500 1486 1540 revera
1537 1486 1805 1555 homines,

224 1578 538 1645 pradictum
565 1576 849 1631 sitonicum
896 1578 946 1630 in
978 1591 1075 1631 δυο
1118 1590 1177 1631 se
1207 1588 1456 1631 asserunt
1487 1576 1811 1632 detrimento

224 1680 381 1736 posse
408 1666 704 1736 suscipere.
735 1667 859 1722 [Iac
890 1667 1050 1736 igitur
1078 1667 1256 1720 omnia
1286 1666 1454 1735 gloria
1506 1678 1679 1720 vestra
1712 1683 1806 1723 co-

223 1770 507 1829 gnoscens,
538 1758 610 1811 ita
633 1757 700 1811 de
731 1756 816 1810 his
845 1772 965 1826 qua:
991 1756 1092 1811 sibi
1119 1765 1243 1810 sunt
1263 1757 1567 1821 commissa,
1598 1758 1809 1811 studeat

1914 560 2193 629 implicari,
2245 560 2341 615 sed
2392 561 2445 614 in
2488 558 2581 614 Dei
2633 559 2879 612 laudibus
2934 559 3271 627 permittatur
3305 575 3501 615 secure

1913 651 1981 706 ab
2010 651 2095 706 bis
2124 652 2394 717 omnibus,
2428 660 2485 704 ttt
2511 650 2768 719 postulat.
2796 665 3102 705 remanere.

2402 764 2730 820 EPISTOLA
2773 763 3015 818 XXXVI.

2341 881 2408 919 AD
2449 880 2682 919 BONI'I‘UM
2722 880 3090 919 DEFENSOREII.

1914 956 2183 1012 Monac/tis
2202 957 2411 1027 fugitiva
2431 957 2687 1023 mancipia
2703 974 2796 1009 sua
2811 954 3161 1027 colligentibus
3181 972 3323 1028 apem
3340 955 3494 1025 ferat.

1989 1047 2280 1117 Gregorius
2306 1057 2331 1083 ει
2364 1047 2551 1101 Bonito
2582 1045 2875 1100 defensori.

1989 1140 2154 1194 Filius
2189 1147 2372 1193 noster
2400 1138 2752 1206 Fortunatus,
2780 1139 2943 1192 abbas
2969 1136 3276 1191 monasterii
3323 1136 3496 1192 sancti

1913 1230 2224 1294 hSeverini,
2244 1230 2384 1298 quod
2419 1230 2472 1283 in
2497 1231 2595 1283 hac
2625 1230 2755 1283 urbe
2780 1228 3017 1282 Romana
3046 1230 3204 1282 situm
3236 1236 3339 1293 est,
3365 1228 3499 1281 lato-

1914 1337 2002 1377 res
2030 1321 2374 1391 praesentium
2405 1320 2694 1373 monachos
2725 1334 2853 1372 suos
2892 1320 3001 1373 illic
3031 1334 3127 1389 pro
3179 1318 3499 1386 recolligan-

1912 1413 1995 1467 dis
2027 1411 2307 1479 mancipiis
2333 1409 2471 1479 juris
2497 1412 2580 1463 sui
2634 1410 2972 1473 monasterii,
3003 1423 3120 1477 quae
3152 1408 3261 1462 illic
3292 1408 3501 1463 latitare

1915 1502 2192 1571 dicuntur,
2224 1502 2497 1571 dirigensﬂ
2520 1502 2666 1568 petiit
2698 1512 2752 1555 ut
2802 1503 3152 1571 experientia:
3187 1511 3288 1555 tute
3326 1502 3373 1554 ei
3405 1504 3500 1555 de-

1913 1598 2078 1652 beant
2106 1596 2296 1652 adesse
2345 1596 2555 1649 solatia.
2616 1594 2915 1664 Eapropter
2964 1593 3212 1662 prtesenti
3268 1593 3361 1646 tibi
3403 1607 3499 1645 au-

1912 1689 2164 1745 etoritzte
2189 1687 2549 1755 praecipimus,
2581 1696 2640 1739 ut
2665 1686 2742 1740 eis
2769 1686 2819 1740 in
2842 1686 3091 1740 omnibus
3110 1686 3255 1739 salva
3286 1686 3498 1739 ratione

1913 1792 2239 1832 concurrere
2285 1790 2347 1830 ac
2394 1775 2644 1845 epitulari
2688 1776 2928 1841 festines,
2983 1784 3270 1844 quatenus,
3306 1786 3355 1830 te
3388 1777 3496 1829 illic

222 1849 491 1938 cingitare,
525 1857 583 1903 ut
611 1858 664 1903 et
694 1849 976 1903 utilitatem
1028 1848 1289 1917 publicam
1338 1847 1517 1913 faciat,
1564 1858 1616 1901 et
1652 1847 1811 1916 hujus
1846 1862 1889 1920 Β
1916 1884 2098 1925 comm
2129 1872 2324 1938 ροεηο,
2357 1878 2515 1938 atque
2566 1870 2618 1922 in
2657 1868 2756 1923 hac
2800 1884 2956 1923 causa
3010 1869 3211 1924 meme
3260 1869 3448 1923 solam,
3478 1913 3494 1935 ν

226 1937 403 2007 operis
430 1939 635 2009 pondus
666 1940 920 1995 Ecclesiae
951 1948 1148 1996 nostra:
1194 1939 1369 1996 denuo
1405 1940 1472 1994 ad
1516 1954 1806 2010 gravamen

222 2045 516 2101 pauperum
548 2047 655 2088 non
682 2032 971 2087 incumbat.

719 2146 1052 2202 EPISTULA
1091 2146 1310 2203 XXXV.

434 2279 502 2318 ΔΙ)
540 2278 858 2318 DBSIDERIUM
906 2278 1232 2319 VIENIIENSEII
1275 2278 1588 2320 EPISCOPUI.

225 2375 307 2431 Ne
360 2375 696 2431 Pancratium
762 2378 1034 2433 diaconum
1084 2395 1234 2433 suum
1285 2397 1317 2432 a
1374 2382 1654 2432 monastica
1704 2381 1807 2433 vita

911 2461 1124 2503 revocet.

298 2537 593 2611 Gregorius
635 2540 907 2596 Desiderio
932 2544 1188 2612 episcopo
1217 2544 1269 2597 in
1291 2543 1483 2598 Gallia.

290 2630 606 2688 Pancratius
635 2634 774 2688 lator
796 2636 1163 2703 praesentium,
1198 2647 1253 2690 ut
1276 2639 1490 2702 asserit,
1522 2637 1802 2706 diaconus,

226 2732 252 2759 ι
281 2725 647 2792 apostolorum
698 2739 758 2780 se
807 2726 1077 2781 liminibus
1104 2739 1498 2796 repraesentans
1522 2769 1536 2793 ,
1589 2744 1618 2783 a
1652 2731 1805 2784 nobis

220 2816 250 2855 δ
271 2815 512 2871 noscitur
541 2817 759 2884 petiisse
792 2829 847 2871 ut
878 2833 1000 2872 eum
1019 2817 1337 2873 fraternitati
1368 2832 1561 2874 vestra:
1580 2820 1805 2877 debere-

218 2921 338 2961 mus
366 2906 666 2976 specialiter
696 2910 1094 2964 commendare.
1128 2910 1401 2964 Intimavit
1445 2911 1606 2979 etiam
1649 2912 1805 2965 nobis

218 2998 358 3068 quod
388 3000 441 3052 in
469 3000 752 3054 clericatus
779 3001 956 3053 otlicio
987 3011 1009 3037 ε
1048 3009 1245 3054 vestrm
1275 3001 1344 3054 sit
1373 3001 1633 3055 Ecclesiae
1661 3018 1805 3056 man-

214 3090 445 3161 cipatus.
476 3092 648 3156 Unde,
679 3093 855 3146 divina
889 3094 1239 3163 inSpiratione
1281 3103 1656 3160 compunctus,
1682 3111 1804 3164 gra-

218 3182 344 3237 tiam
372 3186 688 3238 monasticte
731 3184 1159 3238 conversationis
1206 3185 1459 3250 appetiit,
1492 3186 1710 3255 illicque
1747 3187 1801 3241 in

215 3273 407 3328 eodem
438 3288 595 3342 quem
628 3274 860 3341 sumpsit
890 3273 1073 3327 habitu
1115 3274 1432 3329 desiderans
1464 3290 1801 3347 permanere,

218 3367 381 3421 etiam
410 3366 697 3420 diaconum
745 3380 804 3419 se
836 3366 1074 3435 ejusdem
1106 3368 1415 3421 monasterii
1445 3369 1640 3422 factum
1684 3385 1803 3425 esse

212 3470 623 3516 commemorat.
659 3462 732 3517 De
753 3461 907 3532 cujus
948 3463 1049 3517 loci
1084 3463 1304 3517 servitio
1333 3465 1492 3519 avelli
1528 3466 1674 3519 nulla
1704 3482 1801 3535 pa-

215 3551 347 3604 titur
375 3551 603 3607 ratione.
637 3555 786 3608 Nunc
829 3569 983 3619 vero,
1015 3563 1273 3623 quantum
1306 3553 1523 3623 asserit,
1553 3554 1804 3609 fraterni-

213 3651 299 3695 tas
326 3652 505 3697 vestra
537 3658 642 3699 non
673 3646 884 3714 quidem
936 3645 1274 3714 impedientis
1320 3645 1549 3709 intentu,
1582 3647 1678 3701 sed
1718 3644 1802 3700 af-

213 3732 358 3788 fectu
396 3733 804 3806 benevolentiae,
833 3739 887 3791 in
918 3737 1096 3791 oiﬂeio
1125 3753 1247 3792 eum
1294 3751 1405 3791 suae
1450 3739 1563 3792 vult
1617 3738 1801 3794 Eccle-

212 3824 312 3879 sia:
342 3839 613 3881 revocare.
643 3828 932 3883 Hortamur
962 3829 1121 3898 igitur
1150 3838 1205 3882 ut
1231 3841 1338 3883 tam
1389 3840 1650 3900 promptte
1699 3831 1797 3886 de-

215 3920 421 3975 votioni
452 3923 594 3990 ejus,
621 3938 779 3992 quam
813 3925 869 3977 in
923 3934 1110 3979 sancto
1152 3925 1331 3980 studet
1378 3927 1578 3982 habere
1608 3943 1803 3997 propo-

215 4012 349 4079 sito,
402 4014 623 4069 minime
672 4024 848 4069 vestra
901 4017 971 4070 sit
1020 4016 1403 4086 impedimento
1455 4018 1802 4088 fraternitas;

216 4104 394 4173 magis
431 4113 618 4174 autem
665 4104 863 4174 quibus
892 4107 1082 4162 valetis
1109 4107 1576 4166 adhortationibus
1624 4122 1810 4180 pasto-

217 4194 321 4249 rali
345 4193 713 4251 admonitione
749 4199 962 4268 1206
992 4199 1321 4265 succendite,
1355 4209 1413 4253 ut
1437 4199 1618 4256 fervor
1651 4202 1809 4273 hujus

218 4282 473 4340 desiderii
506 4284 558 4339 in
588 4301 652 4342 eo
679 4302 783 4340 non
800 4296 1076 4356 tepescat;
1111 4292 1299 4360 utqui,
1334 4306 1362 4343 a
1396 4292 1703 4347 turbulento
1724 4308 1811 4349 cu-

220 4389 406 4430 rarum
438 4379 777 4433 saecularium
819 4379 1049 4433 tumultu
1078 4394 1138 4434 se
1162 4395 1471 4450 segregans,
1496 4383 1693 4452 quietis
1716 4383 1809 4438 de-

220 4465 426 4524 siderio
459 4478 667 4536 portum
700 4471 1009 4526 monasterii
1042 4471 1287 4541 appetiit,
1316 4487 1526 4527 rursum
1557 4474 1609 4527 in
1634 4477 1809 4532 eccle-

1911 1962 2203 2016 salubriter
2232 1962 2346 2015 haec
2372 1962 2530 2016 citius
2558 1962 2771 2017 valeant
2793 1977 2910 2031 quae
2942 1962 3043 2015 sibi
3074 1960 3313 2031 injuncta
3365 1971 3491 2016 sunt

1910 2053 1974 2105 ad
2001 2052 2272 2121 elfectuin,
2306 2065 2327 2092 ο
2360 2053 2471 2108 Deo
2501 2063 2743 2119 auctore,
2776 2053 3088 2123 perducere.

2385 2176 2715 2232 EPISTOLA
2759 2176 3025 2231 XXXVII.

1909 2292 1976 2332 AD
2032 2291 2285 2333 BOIANUII
2333 2294 2713 2341 DEIERSOREII,
2756 2292 3105 2345 ANTIIEIIIUII,
3155 2292 3226 2332 IT
3265 2291 3493 2333 SAVINUI

2512 2363 2887 2403 SUBDIAGONOS.

1908 2438 2133 2493 Romani
2186 2441 2486 2509 exprtetoris
2541 2441 2772 2560 hominis
2827 2455 2887 2492 ac
2942 2453 3037 2508 pos
3066 2439 3285 2492 essiones
3354 2454 3494 2493 com-

2583 2526 2695 2560 men
2736 2520 2805 2560 at.

2583 2520 2805 2562 mendat.

1979 2599 2269 2671 Gregorius
2316 2601 2555 2655 Romano
2598 2599 2890 2666 defensori,
2943 2598 3234 2679 Anthemio
3278 2598 3494 2653 subdia-

1907 2707 2067 2760 couo,
2098 2703 2124 2730 ι
2155 2700 2212 2747 et
2235 2693 2437 2749 Savino
2466 2692 2814 2747 Subdiacono.

1985 2784 2059 2837 Ea
2090 2799 2208 2853 qua:
2249 2793 2441 2853 sponte
2481 2784 2723 2854 prmbere
2758 2798 2854 2837 nos
2897 2783 3149 2837 convenit
3190 2782 3339 2851 petiti
3397 2797 3491 2836 nc—

1907 2888 2033 2943 gare
2060 2890 2165 2927 non
2198 2889 2502 2942 possumus.
2536 2874 2603 2927 Et
2631 2873 2751 2927 ideo
2782 2873 2901 2942 quia
2928 2872 3198 2940 gloriosus
3232 2871 3368 2924 filius
3394 2887 3490 2924 no-

1906 2976 2017 3020 ster
2048 2968 2318 3020 Romanus
2347 2976 2645 3037 exprmtore
2677 2968 3048 3035 possessiones
3079 2979 3204 3018 suas
3232 2974 3285 3018 et
3314 2965 3488 3017 homi-

1908 3075 2004 3114 nes
2031 3061 2120 3129 qui
2150 3060 2202 3113 in
2235 3060 2338 3114 illis
2362 3069 2487 3115 sunt
2512 3060 2755 3129 partibus
2781 3069 2969 3114 vestra:
2995 3061 3175 3115 voluit
3214 3059 3496 3127 experien-

1909 3150 1996 3203 tim
2042 3152 2445 3217 commendari,
2486 3152 2585 3206 hac
2630 3153 2782 3206 vobis
2847 3154 3209 3221 praeceptione
3263 3152 3487 3205 manda-

1834 3230 1879 3291 C
1913 3255 2032 3294 nius
2055 3249 2112 3293 ut
2142 3242 2508 3309 possessiones
2531 3243 2882 3312 hominesque
2907 3244 3073 3312 ipsius
3099 3253 3309 3298 servata
3332 3244 3493 3311 tequi-

1917 3338 2024 3382 tate
2055 3332 2185 3384 tueri
2216 3346 2321 3385 non
2344 3331 2627 3396 desinatis,
2661 3343 2824 3400 atque
2857 3334 2926 3387 ita
2952 3333 3003 3386 in
3032 3333 3280 3386 omnibus
3309 3332 3490 3386 causis

1911 3420 2337 3491 utilitatibusque
2367 3423 2531 3491 ipsius
2562 3438 2888 3477 concurrere
2917 3438 2978 3477 ac
3005 3423 3240 3477 solatiari
3265 3421 3488 3475 studea-

1910 3517 1998 3580 tis,
2028 3525 2290 3585 quatenus
2320 3527 2374 3571 et
2400 3517 2490 3572 ille
2519 3532 2578 3571 se
2611 3518 2708 3570 hac
2740 3516 2979 3585 adjutum
3014 3514 3484 3571 commendatione

1905 3619 2213 3680 cognoscat,
2259 3618 2314 3665 et
2357 3625 2453 3667 vos
2499 3610 2787 3666 salubriter
2828 3608 2854 3647 δ
2887 3610 3123 3679 iniuncta
3161 3607 3473 3663 exhibu?sse

1907 3702 2350 3771 comprobemini.

2357 3813 2688 3869 EPISTULA
2728 3801 3017 3867 XXXVIII:

2083 3922 2151 3961 AD
2188 3920 2481 3961 DEUSDBDI‘I‘
2521 3919 2963 3960 IIEDIOLANENSEI
3003 3917 3311 3958 EPISCOPUI.

1915 3995 1989 4051 De
2016 3996 2159 4050 bonis
2184 4005 2302 4050 ante
2330 4006 2680 4063 episcopatum
2708 3996 2968 4064 acquisitis
2999 3995 3174 4047 testari
3204 4007 3351 4061 posse
3380 3991 3492 4061 epi-

1985 4082 2230 4136 tc0pum;
2256 4067 2472 4136 proinde
2499 4067 2560 4119 ob
2587 4067 2810 4135 legatum
2839 4081 2900 4119 ea:
2936 4065 3221 4136 decessoris
3249 4064 3389 4116 illius
3420 4070 3496 4115 te-

1987 4132 2234 4259 ;tamento
2280 4135 2609 4191 Luminosam
2638 4132 2895 4190 ancillam
2924 4132 3020 4188 Dei
3071 4152 3171 4189 non
3218 4135 3495 4187 molestati-

2024 4223 2133 4259 am.

2024 4223 2133 4263 am.

1987 4299 2281 4369 Gregorius
2308 4308 2333 4336 ⁸
2363 4298 2655 4354 Deusdedit
2684 4298 2935 4366 episcopo
2963 4294 3363 4350 Mediolanensi.
3440 4292 3443 4293 ⁷

1987 4390 2127 4442 Nulli
2156 4388 2374 4443 dubium
2405 4398 2487 4443 est
2516 4387 2689 4458 (Crat.
2723 4386 2809 4449 12,
2841 4402 2892 4455 q.
2939 4382 3005 4454 5},
3050 4399 3096 4436 ο.
3124 4384 3147 4436 1
3175 4391 3221 4435 et
3255 4382 3340 4449 12)
3378 4380 3498 4446 quia

1915 4480 2054 4534 sicut
2084 4477 2454 4533 sacerdotibus
2484 4491 2571 4532 res
2601 4477 2655 4530 in
2683 4478 2994 4544 episcopatu
3022 4470 3312 4542 acquisitas
3349 4467 3494 4521 nulla

301 4660 329 4723 ἦ
370 4649 472 4714 Qui
502 4650 814 4723 horreorum
846 4661 1026 4723 curam
1055 4656 1245 4716 gerunt
1271 4664 1283 4697 :
1313 4661 1411 4700 vox
1446 4650 1638 4723 usitata
1670 4652 1806 4723 apud
1841 4654 1895 4714 D
1992 4653 2172 4707 EPIST.
2211 4652 2431 4708 XXXVI
2461 4651 2571 4723 [ΑΙ.
2598 4649 2807 4723 40].__—
2839 4657 2864 4686 ι
2895 4647 2940 4701 Is
2972 4659 3091 4723 esse
3119 4642 3328 4723 videtur
3343 4653 3504 4723 quem

219 4718 663 4790 juriseonsultos.
695 4717 863 4770 Porro
894 4717 1142 4790 horreum
1172 4726 1255 4790 est
1282 4718 1665 4790 repositorium
1692 4717 1809 4775 fru-

223 4786 420 4852 ineuti,
450 4788 578 4853 vini,
622 4790 855 4856 frugum.
886 4797 994 4842 etc.
1026 4787 1194 4842 Varro
1222 4786 1431 4842 derivat
1459 4789 1527 4844 ab
1571 4790 1773 4846 hordeo
1793 4830 1809 4856 ,

221 4860 465 4918 Galenus
493 4860 561 4913 ab
586 4864 775 4918 ὡραῖα.
810 4858 1071 4914 Gussauv.

303 4928 495 5002 Ertsr.
532 4926 735 5002 XXXV
769 4926 874 4999 [Αι.
914 4929 1038 5002 59].
1065 4961 1132 4973 —-—
1157 4938 1183 4965 ⁸
1214 4928 1555 4996 Prudentius,
1583 4931 1633 4985 in
1660 4930 1815 5001 Itym-

224 5016 303 5059 no
331 5000 501 5071 sancti
531 4999 801 5055 Laurentii
846 5017 858 5051 :
888 4999 1249 5070 Apoitolorum
1279 5012 1325 5055 et
1369 5014 1651 5071 martyrum
1694 4999 1816 5054 exo-

225 5068 497 5125 sculantur
519 5072 717 5125 limina.
741 5068 968 5125 Sanctus
1001 5072 1274 5136 Paulinus,
1303 5072 1357 5126 in
1388 5068 1551 5126 nata'l.
1586 5075 1620 5129 '5
1642 5073 1814 5127 sancti

225 5141 449 5206 Felicis,
483 5151 689 5207 pectora
720 5142 979 5194 liminibus
1019 5144 1198 5196 sterni.
1251 5142 1602 5207 Fortunatus,
1640 5144 1732 5196 Iil).
1766 5159 1816 5196 tv

228 5212 301 5265 de
336 5212 664 5283 Vilagsancti
715 5211 966 5283 Martini:
1022 5213 1334 5283 Apollinaris
1381 5215 1588 5283 pretiosi
1638 5215 1815 5267 limina

226 5281 420 5336 tantbs.
447 5281 657 5337 Genet].
703 5281 965 5337 Cabillou.
992 5297 1047 5344 tt,
1068 5281 1123 5337 δ.
1149 5285 1239 5348 45,
1261 5281 1611 5352 apostolorum
1638 5286 1817 5337 limina

227 5355 311 5405 vel
345 5354 680 5421 quorumlibet
722 5362 1012 5407 sanctorum
1051 5354 1283 5407 invisere.
1317 5355 1633 5409 Sanctorum
1679 5357 1815 5407 basi-

230 5422 356 5475 lica!
384 5423 694 5478 dicebantur
717 5438 901 5478 comm
935 5424 1138 5486 limina,
1162 5424 1301 5489 quod
1329 5440 1421 5478 eas
1455 5427 1526 5477 uti
1556 5434 1607 5477 et
1632 5424 1813 5477 limina

228 5495 601 5616 apostolorum
632 5496 817 5550 [tenuat
844 5496 1132 5549 existentia
1167 5496 1433 5564 peregrini
1465 5495 1697 5549 invisere
1727 5509 1816 5549 so-

253 5572 433 5616 erent.

253 5572 433 5617 erent.

309 5630 337 5670 δ
361 5632 593 5704 IIemig.,
626 5636 849 5688 noscitur
868 5651 1115 5704 sperasse.

312 5714 335 5741 ο
370 5703 540 5777 Vatic.
578 5704 637 5772 It,
688 5716 862 5777 vestra:
898 5703 1202 5777 militaverit
1240 5705 1497 5777 Ecclesia'.
1542 5704 1819 5761 Consentit

235 5772 430 5830 IIItcm.
444 5818 456 5845 ,
469 5775 638 5831 Vatic.
658 5781 701 5833 A
714 5789 763 5832 et
786 5776 1017 5846 Bctnig.,
1031 5788 1205 5831 vestro:
1217 5780 1280 5831 sit
1296 5776 1536 5835 Ecblesia'
1550 5777 1813 5832 militatus.

1918 4724 2078 4779 Joen.
2116 4725 2288 4790 Diac.,
2337 4725 2433 4778 lib.
2463 4710 2528 4788 it,
2560 4710 2688 4790 cap:
2712 4719 2988 4793 55,_vocat
3031 4710 3505 4793 Benedictumde—

1919 4794 2189 4847 fcttsorem
2241 4782 2547 4848 C'arseolzini
2583 4782 2656 4861 (in
2710 4782 2885 4861 Latio)
2918 4786 3243 4861 patrimonii.
3293 4782 3504 4848 Quippe

1920 4864 2062 4917 nulla
2091 4864 2217 4918 alibi
2251 4864 2519 4919 Benedicti
2552 4858 2854 4917 defensoris
2883 4858 3105 4930 mentio.
3278 4919 3312 4930 __
3373 4919 3406 4930 __

1991 4933 2017 4971 δ
2044 4932 2096 4987 In
2132 4934 2300 4988 Vatic.
2335 4938 2399 4999 lt,
2433 4933 2641 5002 Remig.
2671 4941 2727 5002 et
2760 4931 2984 5002 Victor.,
3013 4928 3102 5002 qui
3137 4934 3244 5002 tres
3273 4919 3503 5002 Codices

1922 5021 1987 5058 ex
2019 5004 2268 5059 omnibus
2290 4995 2425 5074 quos
2442 4995 2805 5057 constituimus
2828 4999 2930 5056 soli
2947 4995 3143 5052 habent
3167 4995 3303 5049 hanc
3319 4995 3506 5061 epist.,

1922 5075 2116 5145 legitur
2144 5078 2309 5129 sancti
2340 5074 2601 5145 Semetrii.

1997 5140 2019 5184 έ
2052 5140 2872 5217 Remig._etdS_an-_Victor.,ﬂDeo
2899 5141 3153 5217 adiutore.
3245 5203 3288 5217 ﬂ
3327 5205 3359 5217 Α

1996 5217 2175 5288 εριετ.
2204 5201 2448 5288 XXXVII
2500 5215 2619 5288 (At.
2658 5201 2775 5288 ti].
2805 5241 2877 5288 -τ
2906 5201 3042 5288 ιι-ἰη
3094 5203 3414 5288 Ms.“Vatic.
3464 5201 3508 5288 a

1922 5287 2185 5341 omittitur
2213 5297 2260 5341 et
2287 5274 2690 5357 Saviuofb‘olus
2720 5274 2808 5337 hic
2838 5281 3015 5337 Codex
3040 5293 3170 5357 cum
3205 5274 3414 5357 Victor.
3453 5281 3509 5326 et

1923 5358 2135 5425 Remis.
2192 5371 2260 5411 ex
2310 5356 2559 5411 omnibus
2619 5370 2755 5424 quos
2811 5350 3174 5409 recensuiutus
3225 5344 3507 5413 epiStolatn

1924 5427 2062 5481 hanc
2088 5428 2345 5481 continet.
3109 5489 3119 5492 _
3469 5482 3479 5492 _

1992 5496 2018 5533 ι’
2050 5497 2257 5620 Ιὶθῗιίξξ.
2288 5507 2343 5553 et
2372 5496 2597 5565 Victor.,
2626 5495 2871 5567 injunctis
2915 5489 3203 5548 exhibuisse
3230 5500 3319 5558 per
3344 5489 3514 5538 omnia

1992 5584 2130 5620 moro
2168 5584 2287 5620 eris.

1922 5582 2287 5621 εοηιυνοοενιδ.

1996 5585 2491 5710 ἕῖἶξξ.”ἒῖ’χχνιιι
2543 5636 2649 5710 [Αι.
2700 5633 2813 5707 te].
2849 5643 3003 5710 τι
3035 5630 3189 5710 Prius
3236 5625 3512 5710 legebatur

1920 5705 2172 5833 ιξὶεοάιιιοί
2244 5695 2563 5779 Sequimur‘
2594 5695 2790 5765 omnes
2848 5707 3050 5772 Vatic.,
3098 5695 3322 5764 NOI‘m-‘a
3387 5695 3512 5750 (λη’

1955 5788 2082 5833 ert..
2121 5793 2149 5832 c
2176 5791 2225 5832 c.

1955 5788 2082 5847 crt.,
2121 5787 2225 5832 ctc.
