  <div class='ocr_page' id='page_1' title='image "/cluster/home/n/w/nwhite01/storage/ocr_20150623/77/uva.x000827089/631.png"; bbox 0 0 3956 6336; ppageno 0'>
   <div class='ocr_carea' id='block_1_1' title="bbox 586 328 717 386">
    <p class='ocr_par' dir='ltr' id='par_1_1' title="bbox 586 328 717 386">
     <span class='ocr_line' id='line_1_1' title="bbox 586 328 717 386; baseline -0.015 0"><span class='ocrx_word' id='word_1_1' title='bbox 586 328 717 386; x_wconf 65' lang='grc' dir='ltr'><strong>12ίῖ</strong></span> 
     </span>
    </p>
   </div>
   <div class='ocr_carea' id='block_1_2' title="bbox 1795 315 2661 381">
    <p class='ocr_par' dir='ltr' id='par_1_2' title="bbox 1795 315 2661 381">
     <span class='ocr_line' id='line_1_2' title="bbox 1795 315 2661 381; baseline -0.013 -2"><span class='ocrx_word' id='word_1_2' title='bbox 1795 321 2039 379; x_wconf 74' lang='lat' dir='ltr'><strong>SANCTI</strong></span> <span class='ocrx_word' id='word_1_3' title='bbox 2077 316 2402 381; x_wconf 76' lang='lat' dir='ltr'><strong>GREGORH</strong></span> <span class='ocrx_word' id='word_1_4' title='bbox 2450 315 2661 373; x_wconf 67' lang='lat' dir='ltr'><strong>HAGNI</strong></span> 
     </span>
    </p>
   </div>
   <div class='ocr_carea' id='block_1_3' title="bbox 3671 313 3766 367">
    <p class='ocr_par' dir='ltr' id='par_1_3' title="bbox 3671 313 3766 367">
     <span class='ocr_line' id='line_1_3' title="bbox 3671 313 3766 367; baseline -0.042 0"><span class='ocrx_word' id='word_1_5' title='bbox 3671 313 3766 367; x_wconf 66' lang='lat' dir='ltr'><strong>liiii</strong></span> 
     </span>
    </p>
   </div>
   <div class='ocr_carea' id='block_1_4' title="bbox 581 422 3767 513">
    <p class='ocr_par' dir='ltr' id='par_1_4' title="bbox 581 422 3767 513">
     <span class='ocr_line' id='line_1_4' title="bbox 581 422 3767 513; baseline -0.007 -10"><span class='ocrx_word' id='word_1_6' title='bbox 581 457 666 503; x_wconf 89' lang='lat' dir='ltr'><strong>est</strong></span> <span class='ocrx_word' id='word_1_7' title='bbox 695 442 957 498; x_wconf 90' lang='lat' dir='ltr'><strong>alienandi</strong></span> <span class='ocrx_word' id='word_1_8' title='bbox 1006 439 1220 496; x_wconf 77' lang='lat' dir='ltr'><strong>licentia</strong></span> <span class='ocrx_word' id='word_1_9' title='bbox 1240 454 1257 505; x_wconf 78' lang='lat'><strong>,&#39;</strong></span> <span class='ocrx_word' id='word_1_10' title='bbox 1289 440 1496 513; x_wconf 77' lang='lat'><strong>1207</strong></span> <span class='ocrx_word' id='word_1_11' title='bbox 1532 439 1601 492; x_wconf 85' lang='lat' dir='ltr'><strong>ita</strong></span> <span class='ocrx_word' id='word_1_12' title='bbox 1636 437 1703 492; x_wconf 83' lang='lat' dir='ltr'><strong>de</strong></span> <span class='ocrx_word' id='word_1_13' title='bbox 1747 437 1828 491; x_wconf 91' lang='lat' dir='ltr'><strong>eis</strong></span> <span class='ocrx_word' id='word_1_14' title='bbox 1862 452 1993 504; x_wconf 88' lang='lat' dir='ltr'><strong>quas</strong></span> <span class='ocrx_word' id='word_1_15' title='bbox 2032 445 2155 488; x_wconf 83' lang='lat' dir='ltr'><strong>ante</strong></span> <span class='ocrx_word' id='word_1_16' title='bbox 2186 436 2232 491; x_wconf 80' lang='grc' dir='ltr'><strong>Α</strong></span> <span class='ocrx_word' id='word_1_17' title='bbox 2265 439 2370 484; x_wconf 91' lang='lat' dir='ltr'><strong>tam</strong></span> <span class='ocrx_word' id='word_1_18' title='bbox 2398 439 2624 499; x_wconf 78' lang='lat' dir='ltr'><strong>quatuor</strong></span> <span class='ocrx_word' id='word_1_19' title='bbox 2666 441 2787 496; x_wconf 72' lang='lat' dir='ltr'><strong>quae</strong></span> <span class='ocrx_word' id='word_1_20' title='bbox 2817 425 2990 493; x_wconf 87' lang='lat' dir='ltr'><strong>legata</strong></span> <span class='ocrx_word' id='word_1_21' title='bbox 3017 429 3163 488; x_wconf 84' lang='lat' dir='ltr'><strong>sunt,</strong></span> <span class='ocrx_word' id='word_1_22' title='bbox 3187 434 3342 490; x_wconf 85' lang='lat' dir='ltr'><strong>quam</strong></span> <span class='ocrx_word' id='word_1_23' title='bbox 3367 422 3541 478; x_wconf 82' lang='lat' dir='ltr'><strong>decem</strong></span> <span class='ocrx_word' id='word_1_24' title='bbox 3567 436 3767 492; x_wconf 84' lang='lat' dir='ltr'><strong>equarum</strong></span> 
     </span>
    </p>
   </div>
   <div class='ocr_carea' id='block_1_5' title="bbox 586 530 2167 603">
    <p class='ocr_par' dir='ltr' id='par_1_5' title="bbox 586 530 2167 603">
     <span class='ocr_line' id='line_1_5' title="bbox 586 530 2167 603; baseline -0.007 -13"><span class='ocrx_word' id='word_1_25' title='bbox 586 536 887 599; x_wconf 85' lang='lat' dir='ltr'><strong>habuerim,</strong></span> <span class='ocrx_word' id='word_1_26' title='bbox 940 532 1199 603; x_wconf 88' lang='lat' dir='ltr'><strong>quidquid</strong></span> <span class='ocrx_word' id='word_1_27' title='bbox 1236 532 1480 601; x_wconf 81' lang='lat' dir='ltr'><strong>judicare</strong></span> <span class='ocrx_word' id='word_1_28' title='bbox 1530 530 1797 584; x_wconf 85' lang='lat' dir='ltr'><strong>voluerint</strong></span> <span class='ocrx_word' id='word_1_29' title='bbox 1825 544 1929 582; x_wconf 90' lang='lat' dir='ltr'><strong>non</strong></span> <span class='ocrx_word' id='word_1_30' title='bbox 1981 536 2167 581; x_wconf 88' lang='lat' dir='ltr'><strong>vetan-</strong></span> 
     </span>
    </p>
   </div>
   <div class='ocr_carea' id='block_1_6' title="bbox 584 619 2159 696">
    <p class='ocr_par' dir='ltr' id='par_1_6' title="bbox 584 619 2159 696">
     <span class='ocr_line' id='line_1_6' title="bbox 584 619 2159 696; baseline -0.007 -12"><span class='ocrx_word' id='word_1_31' title='bbox 584 640 691 684; x_wconf 90' lang='lat' dir='ltr'><strong>tur.</strong></span> <span class='ocrx_word' id='word_1_32' title='bbox 723 631 902 696; x_wconf 89' lang='lat' dir='ltr'><strong>Itaque</strong></span> <span class='ocrx_word' id='word_1_33' title='bbox 953 626 1336 681; x_wconf 78' lang='lat' dir='ltr'><strong>fraternitatem</strong></span> <span class='ocrx_word' id='word_1_34' title='bbox 1371 633 1513 677; x_wconf 91' lang='lat' dir='ltr'><strong>tuam</strong></span> <span class='ocrx_word' id='word_1_35' title='bbox 1546 631 1789 690; x_wconf 89' lang='lat' dir='ltr'><strong>tempore</strong></span> <span class='ocrx_word' id='word_1_36' title='bbox 1817 635 1924 691; x_wconf 88' lang='lat' dir='ltr'><strong>quo</strong></span> <span class='ocrx_word' id='word_1_37' title='bbox 1960 619 2029 674; x_wconf 90' lang='lat' dir='ltr'><strong>ad</strong></span> <span class='ocrx_word' id='word_1_38' title='bbox 2060 632 2159 673; x_wconf 88' lang='lat' dir='ltr'><strong>nos</strong></span> 
     </span>
    </p>
   </div>
   <div class='ocr_carea' id='block_1_7' title="bbox 584 709 2165 789">
    <p class='ocr_par' dir='ltr' id='par_1_7' title="bbox 584 709 2165 789">
     <span class='ocr_line' id='line_1_7' title="bbox 584 709 2165 789; baseline -0.007 -17"><span class='ocrx_word' id='word_1_39' title='bbox 584 720 687 774; x_wconf 90' lang='lat' dir='ltr'><strong>fuit</strong></span> <span class='ocrx_word' id='word_1_40' title='bbox 716 727 958 789; x_wconf 79' lang='lat' dir='ltr'><strong>questam</strong></span> <span class='ocrx_word' id='word_1_41' title='bbox 986 731 1109 771; x_wconf 92' lang='lat' dir='ltr'><strong>esse</strong></span> <span class='ocrx_word' id='word_1_42' title='bbox 1137 715 1423 770; x_wconf 84' lang='lat' dir='ltr'><strong>recolimns</strong></span> <span class='ocrx_word' id='word_1_43' title='bbox 1451 713 1593 782; x_wconf 92' lang='lat' dir='ltr'><strong>quod</strong></span> <span class='ocrx_word' id='word_1_44' title='bbox 1632 711 1878 781; x_wconf 64' lang='lat' dir='ltr'><strong>quaedam</strong></span> <span class='ocrx_word' id='word_1_45' title='bbox 1911 709 2165 764; x_wconf 86' lang='lat' dir='ltr'><strong>immobi-</strong></span> 
     </span>
    </p>
   </div>
   <div class='ocr_carea' id='block_1_8' title="bbox 587 802 2168 879">
    <p class='ocr_par' dir='ltr' id='par_1_8' title="bbox 587 802 2168 879">
     <span class='ocr_line' id='line_1_8' title="bbox 587 802 2168 879; baseline -0.006 -16"><span class='ocrx_word' id='word_1_46' title='bbox 587 810 655 865; x_wconf 89' lang='lat' dir='ltr'><strong>lia</strong></span> <span class='ocrx_word' id='word_1_47' title='bbox 704 825 825 879; x_wconf 74' lang='lat' dir='ltr'><strong>qna:</strong></span> <span class='ocrx_word' id='word_1_48' title='bbox 874 806 1242 872; x_wconf 79' lang='lat' dir='ltr'><strong>Constantius,</strong></span> <span class='ocrx_word' id='word_1_49' title='bbox 1300 806 1554 859; x_wconf 86' lang='lat' dir='ltr'><strong>decessor</strong></span> <span class='ocrx_word' id='word_1_50' title='bbox 1598 813 1810 867; x_wconf 81' lang='lat' dir='ltr'><strong>vester,</strong></span> <span class='ocrx_word' id='word_1_51' title='bbox 1862 802 2168 855; x_wconf 61' lang='lat' dir='ltr'><strong>Luminosaa</strong></span> 
     </span>
    </p>
   </div>
   <div class='ocr_carea' id='block_1_9' title="bbox 582 894 2163 961">
    <p class='ocr_par' dir='ltr' id='par_1_9' title="bbox 582 894 2163 961">
     <span class='ocr_line' id='line_1_9' title="bbox 582 894 2163 961; baseline -0.007 -4"><span class='ocrx_word' id='word_1_52' title='bbox 582 903 792 957; x_wconf 72' lang='lat' dir='ltr'><strong>ancillae</strong></span> <span class='ocrx_word' id='word_1_53' title='bbox 824 900 917 954; x_wconf 92' lang='lat' dir='ltr'><strong>Dei</strong></span> <span class='ocrx_word' id='word_1_54' title='bbox 941 900 967 937; x_wconf 76' lang='grc' dir='ltr'>ι)</span> <span class='ocrx_word' id='word_1_55' title='bbox 1001 898 1122 953; x_wconf 71' lang='lat' dir='ltr'><strong>filim</strong></span> <span class='ocrx_word' id='word_1_56' title='bbox 1152 897 1338 951; x_wconf 83' lang='lat' dir='ltr'><strong>fratris</strong></span> <span class='ocrx_word' id='word_1_57' title='bbox 1368 900 1448 951; x_wconf 91' lang='lat' dir='ltr'><strong>sui</strong></span> <span class='ocrx_word' id='word_1_58' title='bbox 1481 896 1787 952; x_wconf 84' lang='lat' dir='ltr'><strong>testamenti</strong></span> <span class='ocrx_word' id='word_1_59' title='bbox 1834 895 1976 949; x_wconf 90' lang='lat' dir='ltr'><strong>serie</strong></span> <span class='ocrx_word' id='word_1_60' title='bbox 2002 894 2163 961; x_wconf 88' lang='lat' dir='ltr'><strong>legati</strong></span> 
     </span>
    </p>
   </div>
   <div class='ocr_carea' id='block_1_10' title="bbox 588 984 2165 1060">
    <p class='ocr_par' dir='ltr' id='par_1_10' title="bbox 588 984 2165 1060">
     <span class='ocr_line' id='line_1_10' title="bbox 588 984 2165 1060; baseline -0.006 -13"><span class='ocrx_word' id='word_1_61' title='bbox 588 994 742 1048; x_wconf 85' lang='lat' dir='ltr'><strong>titulo</strong></span> <span class='ocrx_word' id='word_1_62' title='bbox 773 991 1084 1060; x_wconf 86' lang='lat' dir='ltr'><strong>dereliquit,</strong></span> <span class='ocrx_word' id='word_1_63' title='bbox 1131 988 1241 1057; x_wconf 85' lang='lat' dir='ltr'><strong>jam</strong></span> <span class='ocrx_word' id='word_1_64' title='bbox 1272 991 1557 1058; x_wconf 88' lang='lat' dir='ltr'><strong>cpiscopus</strong></span> <span class='ocrx_word' id='word_1_65' title='bbox 1584 988 1922 1057; x_wconf 89' lang='lat' dir='ltr'><strong>acquisisset,</strong></span> <span class='ocrx_word' id='word_1_66' title='bbox 1971 984 2165 1039; x_wconf 87' lang='lat' dir='ltr'><strong>decre-</strong></span> 
     </span>
    </p>
   </div>
   <div class='ocr_carea' id='block_1_11' title="bbox 582 1075 2166 1152">
    <p class='ocr_par' dir='ltr' id='par_1_11' title="bbox 582 1075 2166 1152">
     <span class='ocr_line' id='line_1_11' title="bbox 582 1075 2166 1152; baseline -0.004 -16"><span class='ocrx_word' id='word_1_67' title='bbox 582 1085 829 1152; x_wconf 90' lang='lat' dir='ltr'><strong>visseque</strong></span> <span class='ocrx_word' id='word_1_68' title='bbox 860 1097 956 1135; x_wconf 88' lang='lat' dir='ltr'><strong>nos</strong></span> <span class='ocrx_word' id='word_1_69' title='bbox 988 1090 1048 1136; x_wconf 93' lang='lat' dir='ltr'><strong>ut</strong></span> <span class='ocrx_word' id='word_1_70' title='bbox 1096 1081 1141 1133; x_wconf 91' lang='lat' dir='ltr'><strong>si</strong></span> <span class='ocrx_word' id='word_1_71' title='bbox 1168 1079 1271 1133; x_wconf 90' lang='lat' dir='ltr'><strong>hoc</strong></span> <span class='ocrx_word' id='word_1_72' title='bbox 1297 1087 1589 1143; x_wconf 90' lang='lat' dir='ltr'><strong>constaret,</strong></span> <span class='ocrx_word' id='word_1_73' title='bbox 1622 1077 1826 1131; x_wconf 91' lang='lat' dir='ltr'><strong>nullum</strong></span> <span class='ocrx_word' id='word_1_74' title='bbox 1859 1092 1924 1132; x_wconf 81' lang='lat' dir='ltr'><strong>ex</strong></span> <span class='ocrx_word' id='word_1_75' title='bbox 1958 1076 2041 1130; x_wconf 90' lang='lat' dir='ltr'><strong>bis</strong></span> <span class='ocrx_word' id='word_1_76' title='bbox 2065 1075 2166 1130; x_wconf 86' lang='lat' dir='ltr'><strong>Ec-</strong></span> 
     </span>
    </p>
   </div>
   <div class='ocr_carea' id='block_1_12' title="bbox 583 1165 2166 1238">
    <p class='ocr_par' dir='ltr' id='par_1_12' title="bbox 583 1165 2166 1238">
     <span class='ocr_line' id='line_1_12' title="bbox 583 1165 2166 1238; baseline -0.004 -12"><span class='ocrx_word' id='word_1_77' title='bbox 583 1173 742 1226; x_wconf 91' lang='lat' dir='ltr'><strong>clesia</strong></span> <span class='ocrx_word' id='word_1_78' title='bbox 792 1180 965 1223; x_wconf 86' lang='lat' dir='ltr'><strong>vestra</strong></span> <span class='ocrx_word' id='word_1_79' title='bbox 1019 1167 1388 1238; x_wconf 68' lang='lat' dir='ltr'><strong>prmjudicium</strong></span> <span class='ocrx_word' id='word_1_80' title='bbox 1433 1175 1729 1235; x_wconf 89' lang='lat' dir='ltr'><strong>pateretur.</strong></span> <span class='ocrx_word' id='word_1_81' title='bbox 1782 1165 1933 1235; x_wconf 84' lang='lat' dir='ltr'><strong>Quod</strong></span> <span class='ocrx_word' id='word_1_82' title='bbox 1976 1174 2031 1220; x_wconf 90' lang='lat' dir='ltr'><strong>et</strong></span> <span class='ocrx_word' id='word_1_83' title='bbox 2073 1180 2166 1220; x_wconf 90' lang='lat' dir='ltr'><strong>vos</strong></span> 
     </span>
    </p>
   </div>
   <div class='ocr_carea' id='block_1_13' title="bbox 583 1258 2165 1333">
    <p class='ocr_par' dir='ltr' id='par_1_13' title="bbox 583 1258 2165 1333">
     <span class='ocr_line' id='line_1_13' title="bbox 583 1258 2165 1333; baseline -0.004 -16"><span class='ocrx_word' id='word_1_84' title='bbox 583 1273 798 1333; x_wconf 85' lang='lat' dir='ltr'><strong>oportet</strong></span> <span class='ocrx_word' id='word_1_85' title='bbox 844 1261 1103 1323; x_wconf 89' lang='lat' dir='ltr'><strong>recolere,</strong></span> <span class='ocrx_word' id='word_1_86' title='bbox 1147 1268 1202 1314; x_wconf 91' lang='lat' dir='ltr'><strong>et</strong></span> <span class='ocrx_word' id='word_1_87' title='bbox 1253 1258 1557 1314; x_wconf 88' lang='lat' dir='ltr'><strong>molestiam</strong></span> <span class='ocrx_word' id='word_1_88' title='bbox 1606 1259 1837 1328; x_wconf 88' lang='lat' dir='ltr'><strong>aliquam</strong></span> <span class='ocrx_word' id='word_1_89' title='bbox 1889 1258 2165 1327; x_wconf 69' lang='lat' dir='ltr'><strong>praedictae</strong></span> 
     </span>
    </p>
   </div>
   <div class='ocr_carea' id='block_1_14' title="bbox 583 1344 2168 1415">
    <p class='ocr_par' dir='ltr' id='par_1_14' title="bbox 583 1344 2168 1415">
     <span class='ocr_line' id='line_1_14' title="bbox 583 1344 2168 1415; baseline -0.005 -8"><span class='ocrx_word' id='word_1_90' title='bbox 583 1352 791 1407; x_wconf 69' lang='lat' dir='ltr'><strong>ancillae</strong></span> <span class='ocrx_word' id='word_1_91' title='bbox 829 1350 927 1404; x_wconf 89' lang='lat' dir='ltr'><strong>Dei</strong></span> <span class='ocrx_word' id='word_1_92' title='bbox 960 1365 1064 1403; x_wconf 92' lang='lat' dir='ltr'><strong>non</strong></span> <span class='ocrx_word' id='word_1_93' title='bbox 1109 1347 1321 1412; x_wconf 91' lang='lat' dir='ltr'><strong>facere,</strong></span> <span class='ocrx_word' id='word_1_94' title='bbox 1367 1361 1466 1401; x_wconf 89' lang='lat' dir='ltr'><strong>nec</strong></span> <span class='ocrx_word' id='word_1_95' title='bbox 1505 1347 1553 1399; x_wconf 92' lang='lat' dir='ltr'><strong>ei</strong></span> <span class='ocrx_word' id='word_1_96' title='bbox 1596 1346 1711 1400; x_wconf 91' lang='lat' dir='ltr'><strong>sine</strong></span> <span class='ocrx_word' id='word_1_97' title='bbox 1755 1346 2059 1415; x_wconf 84' lang='lat' dir='ltr'><strong>cognitione</strong></span> <span class='ocrx_word' id='word_1_98' title='bbox 2101 1344 2168 1399; x_wconf 89' lang='lat' dir='ltr'><strong>de</strong></span> 
     </span>
    </p>
   </div>
   <div class='ocr_carea' id='block_1_15' title="bbox 586 1436 2167 1511">
    <p class='ocr_par' dir='ltr' id='par_1_15' title="bbox 586 1436 2167 1511">
     <span class='ocr_line' id='line_1_15' title="bbox 586 1436 2167 1511; baseline -0.005 -14"><span class='ocrx_word' id='word_1_99' title='bbox 586 1444 671 1497; x_wconf 85' lang='lat' dir='ltr'><strong>his</strong></span> <span class='ocrx_word' id='word_1_100' title='bbox 708 1458 826 1511; x_wconf 76' lang='lat' dir='ltr'><strong>qua:</strong></span> <span class='ocrx_word' id='word_1_101' title='bbox 862 1440 1099 1510; x_wconf 88' lang='lat' dir='ltr'><strong>possidet</strong></span> <span class='ocrx_word' id='word_1_102' title='bbox 1130 1439 1419 1508; x_wconf 90' lang='lat' dir='ltr'><strong>quidquam</strong></span> <span class='ocrx_word' id='word_1_103' title='bbox 1448 1436 1678 1491; x_wconf 85' lang='lat' dir='ltr'><strong>auferre.</strong></span> <span class='ocrx_word' id='word_1_104' title='bbox 1724 1437 1828 1493; x_wconf 89' lang='lat' dir='ltr'><strong>Sed</strong></span> <span class='ocrx_word' id='word_1_105' title='bbox 1870 1437 1915 1490; x_wconf 88' lang='lat' dir='ltr'><strong>si</strong></span> <span class='ocrx_word' id='word_1_106' title='bbox 1943 1437 2041 1491; x_wconf 91' lang='lat' dir='ltr'><strong>hoc</strong></span> <span class='ocrx_word' id='word_1_107' title='bbox 2064 1436 2167 1490; x_wconf 83' lang='lat' dir='ltr'><strong>Ec-</strong></span> 
     </span>
    </p>
   </div>
   <div class='ocr_carea' id='block_1_16' title="bbox 585 1532 2165 1605">
    <p class='ocr_par' dir='ltr' id='par_1_16' title="bbox 585 1532 2165 1605">
     <span class='ocr_line' id='line_1_16' title="bbox 585 1532 2165 1605; baseline -0.005 -12"><span class='ocrx_word' id='word_1_108' title='bbox 585 1540 764 1594; x_wconf 80' lang='lat' dir='ltr'><strong>clesiae</strong></span> <span class='ocrx_word' id='word_1_109' title='bbox 797 1547 994 1605; x_wconf 81' lang='lat' dir='ltr'><strong>vestrae</strong></span> <span class='ocrx_word' id='word_1_110' title='bbox 1036 1544 1247 1590; x_wconf 88' lang='lat' dir='ltr'><strong>actores</strong></span> <span class='ocrx_word' id='word_1_111' title='bbox 1281 1534 1493 1602; x_wconf 88' lang='lat' dir='ltr'><strong>probari</strong></span> <span class='ocrx_word' id='word_1_112' title='bbox 1526 1547 1687 1603; x_wconf 87' lang='lat' dir='ltr'><strong>posse</strong></span> <span class='ocrx_word' id='word_1_113' title='bbox 1714 1532 2016 1597; x_wconf 83' lang='lat' dir='ltr'><strong>confidunt,</strong></span> <span class='ocrx_word' id='word_1_114' title='bbox 2069 1546 2165 1586; x_wconf 86' lang='lat' dir='ltr'><strong>ve-</strong></span> 
     </span>
    </p>
   </div>
   <div class='ocr_carea' id='block_1_17' title="bbox 586 1622 2166 1697">
    <p class='ocr_par' dir='ltr' id='par_1_17' title="bbox 586 1622 2166 1697">
     <span class='ocr_line' id='line_1_17' title="bbox 586 1622 2166 1697; baseline -0.004 -13"><span class='ocrx_word' id='word_1_115' title='bbox 586 1630 714 1684; x_wconf 86' lang='lat' dir='ltr'><strong>stris</strong></span> <span class='ocrx_word' id='word_1_116' title='bbox 740 1627 893 1683; x_wconf 91' lang='lat' dir='ltr'><strong>nobis</strong></span> <span class='ocrx_word' id='word_1_117' title='bbox 924 1627 1165 1697; x_wconf 83' lang='lat' dir='ltr'><strong>epistolis</strong></span> <span class='ocrx_word' id='word_1_118' title='bbox 1192 1627 1449 1694; x_wconf 89' lang='lat' dir='ltr'><strong>indicate,</strong></span> <span class='ocrx_word' id='word_1_119' title='bbox 1496 1634 1552 1679; x_wconf 91' lang='lat' dir='ltr'><strong>ut</strong></span> <span class='ocrx_word' id='word_1_120' title='bbox 1581 1625 1810 1695; x_wconf 90' lang='lat' dir='ltr'><strong>qualiter</strong></span> <span class='ocrx_word' id='word_1_121' title='bbox 1842 1626 1943 1679; x_wconf 89' lang='lat' dir='ltr'><strong>hoc</strong></span> <span class='ocrx_word' id='word_1_122' title='bbox 1993 1622 2166 1692; x_wconf 89' lang='lat' dir='ltr'><strong>ipsum</strong></span> 
     </span>
    </p>
   </div>
   <div class='ocr_carea' id='block_1_18' title="bbox 596 1715 2169 1788">
    <p class='ocr_par' dir='ltr' id='par_1_18' title="bbox 596 1715 2169 1788">
     <span class='ocr_line' id='line_1_18' title="bbox 596 1715 2169 1788; baseline -0.006 -11"><span class='ocrx_word' id='word_1_123' title='bbox 596 1732 844 1777; x_wconf 90' lang='lat' dir='ltr'><strong>constare</strong></span> <span class='ocrx_word' id='word_1_124' title='bbox 894 1721 1085 1774; x_wconf 86' lang='lat' dir='ltr'><strong>debeat</strong></span> <span class='ocrx_word' id='word_1_125' title='bbox 1134 1721 1513 1788; x_wconf 80' lang='lat' dir='ltr'><strong>diSponamus;</strong></span> <span class='ocrx_word' id='word_1_126' title='bbox 1569 1717 1900 1783; x_wconf 85' lang='lat' dir='ltr'><strong>dummodo,</strong></span> <span class='ocrx_word' id='word_1_127' title='bbox 1956 1715 2169 1786; x_wconf 86' lang='lat' dir='ltr'><strong>cognita</strong></span> 
     </span>
    </p>
   </div>
   <div class='ocr_carea' id='block_1_19' title="bbox 589 1810 2247 1880">
    <p class='ocr_par' dir='ltr' id='par_1_19' title="bbox 589 1810 2247 1880">
     <span class='ocr_line' id='line_1_19' title="bbox 589 1810 2247 1880; baseline -0.004 -11"><span class='ocrx_word' id='word_1_128' title='bbox 589 1815 838 1878; x_wconf 77' lang='lat' dir='ltr'><strong>veritate,</strong></span> <span class='ocrx_word' id='word_1_129' title='bbox 872 1828 970 1867; x_wconf 91' lang='lat' dir='ltr'><strong>nec</strong></span> <span class='ocrx_word' id='word_1_130' title='bbox 1005 1813 1246 1866; x_wconf 87' lang='lat' dir='ltr'><strong>Ecclesia</strong></span> <span class='ocrx_word' id='word_1_131' title='bbox 1277 1819 1455 1866; x_wconf 89' lang='lat' dir='ltr'><strong>vestra</strong></span> <span class='ocrx_word' id='word_1_132' title='bbox 1482 1811 1591 1880; x_wconf 91' lang='lat' dir='ltr'><strong>pati</strong></span> <span class='ocrx_word' id='word_1_133' title='bbox 1624 1810 2021 1879; x_wconf 82' lang='lat' dir='ltr'><strong>pracjudicium,</strong></span> <span class='ocrx_word' id='word_1_134' title='bbox 2071 1822 2169 1862; x_wconf 91' lang='lat' dir='ltr'><strong>nec</strong></span> <span class='ocrx_word' id='word_1_135' title='bbox 2201 1820 2247 1879; x_wconf 75' lang='grc' dir='ltr'>Β</span> 
     </span>
    </p>
   </div>
   <div class='ocr_carea' id='block_1_20' title="bbox 588 1899 2167 1972">
    <p class='ocr_par' dir='ltr' id='par_1_20' title="bbox 588 1899 2167 1972">
     <span class='ocr_line' id='line_1_20' title="bbox 588 1899 2167 1972; baseline -0.004 -14"><span class='ocrx_word' id='word_1_136' title='bbox 588 1904 678 1959; x_wconf 89' lang='lat' dir='ltr'><strong>illa</strong></span> <span class='ocrx_word' id='word_1_137' title='bbox 729 1904 924 1972; x_wconf 80' lang='lat' dir='ltr'><strong>injuste</strong></span> <span class='ocrx_word' id='word_1_138' title='bbox 975 1902 1219 1957; x_wconf 84' lang='lat' dir='ltr'><strong>videatur</strong></span> <span class='ocrx_word' id='word_1_139' title='bbox 1268 1900 1461 1971; x_wconf 82' lang='lat' dir='ltr'><strong>affligi,</strong></span> <span class='ocrx_word' id='word_1_140' title='bbox 1512 1902 1659 1971; x_wconf 88' lang='lat' dir='ltr'><strong>quia,</strong></span> <span class='ocrx_word' id='word_1_141' title='bbox 1709 1909 1965 1970; x_wconf 90' lang='lat' dir='ltr'><strong>quantum</strong></span> <span class='ocrx_word' id='word_1_142' title='bbox 2000 1899 2167 1968; x_wconf 88' lang='lat' dir='ltr'><strong>aliqui</strong></span> 
     </span>
    </p>
   </div>
   <div class='ocr_carea' id='block_1_21' title="bbox 586 1992 2170 2066">
    <p class='ocr_par' dir='ltr' id='par_1_21' title="bbox 586 1992 2170 2066">
     <span class='ocr_line' id='line_1_21' title="bbox 586 1992 2170 2066; baseline -0.005 -16"><span class='ocrx_word' id='word_1_143' title='bbox 586 1994 898 2066; x_wconf 83' lang='lat' dir='ltr'><strong>perhibent,</strong></span> <span class='ocrx_word' id='word_1_144' title='bbox 951 1992 1052 2048; x_wconf 91' lang='lat' dir='ltr'><strong>hoc</strong></span> <span class='ocrx_word' id='word_1_145' title='bbox 1102 1992 1498 2062; x_wconf 87' lang='lat' dir='ltr'><strong>suprascriptus</strong></span> <span class='ocrx_word' id='word_1_146' title='bbox 1549 1992 1805 2046; x_wconf 92' lang='lat' dir='ltr'><strong>decessor</strong></span> <span class='ocrx_word' id='word_1_147' title='bbox 1849 1997 2029 2045; x_wconf 83' lang='lat' dir='ltr'><strong>vester</strong></span> <span class='ocrx_word' id='word_1_148' title='bbox 2064 2003 2170 2042; x_wconf 92' lang='lat' dir='ltr'><strong>non</strong></span> 
     </span>
    </p>
   </div>
   <div class='ocr_carea' id='block_1_22' title="bbox 591 2082 2174 2155">
    <p class='ocr_par' dir='ltr' id='par_1_22' title="bbox 591 2082 2174 2155">
     <span class='ocr_line' id='line_1_22' title="bbox 591 2082 2174 2155; baseline -0.005 -14"><span class='ocrx_word' id='word_1_149' title='bbox 591 2088 644 2141; x_wconf 93' lang='lat' dir='ltr'><strong>in</strong></span> <span class='ocrx_word' id='word_1_150' title='bbox 674 2086 1010 2155; x_wconf 78' lang='lat' dir='ltr'><strong>episcOpatu,</strong></span> <span class='ocrx_word' id='word_1_151' title='bbox 1047 2095 1069 2123; x_wconf 74' lang='grc' dir='ltr'><strong>ο</strong></span> <span class='ocrx_word' id='word_1_152' title='bbox 1096 2084 1189 2138; x_wconf 90' lang='lat' dir='ltr'><strong>sed</strong></span> <span class='ocrx_word' id='word_1_153' title='bbox 1219 2084 1344 2138; x_wconf 93' lang='lat' dir='ltr'><strong>dum</strong></span> <span class='ocrx_word' id='word_1_154' title='bbox 1377 2083 1551 2138; x_wconf 89' lang='lat' dir='ltr'><strong>adhuc</strong></span> <span class='ocrx_word' id='word_1_155' title='bbox 1573 2093 1721 2138; x_wconf 86' lang='lat' dir='ltr'><strong>esset</strong></span> <span class='ocrx_word' id='word_1_156' title='bbox 1757 2082 2037 2149; x_wconf 81' lang='lat' dir='ltr'><strong>diaconus,</strong></span> <span class='ocrx_word' id='word_1_157' title='bbox 2080 2094 2174 2133; x_wconf 88' lang='lat' dir='ltr'><strong>ac-</strong></span> 
     </span>
    </p>
   </div>
   <div class='ocr_carea' id='block_1_23' title="bbox 590 2171 2174 2246">
    <p class='ocr_par' dir='ltr' id='par_1_23' title="bbox 590 2171 2174 2246">
     <span class='ocr_line' id='line_1_23' title="bbox 590 2171 2174 2246; baseline -0.004 -16"><span class='ocrx_word' id='word_1_158' title='bbox 590 2177 829 2246; x_wconf 87' lang='lat' dir='ltr'><strong>quisivit.</strong></span> <span class='ocrx_word' id='word_1_159' title='bbox 867 2175 1021 2230; x_wconf 89' lang='lat' dir='ltr'><strong>Unde</strong></span> <span class='ocrx_word' id='word_1_160' title='bbox 1075 2188 1296 2231; x_wconf 90' lang='lat' dir='ltr'><strong>necesse</strong></span> <span class='ocrx_word' id='word_1_161' title='bbox 1347 2184 1429 2229; x_wconf 91' lang='lat' dir='ltr'><strong>est</strong></span> <span class='ocrx_word' id='word_1_162' title='bbox 1460 2183 1537 2240; x_wconf 92' lang='lat' dir='ltr'><strong>ut,</strong></span> <span class='ocrx_word' id='word_1_163' title='bbox 1569 2173 1705 2227; x_wconf 81' lang='lat' dir='ltr'><strong>sicut</strong></span> <span class='ocrx_word' id='word_1_164' title='bbox 1742 2172 1995 2236; x_wconf 82' lang='lat' dir='ltr'><strong>diximus,</strong></span> <span class='ocrx_word' id='word_1_165' title='bbox 2036 2171 2174 2223; x_wconf 88' lang='lat' dir='ltr'><strong>facta</strong></span> 
     </span>
    </p>
   </div>
   <div class='ocr_carea' id='block_1_24' title="bbox 591 2261 2177 2336">
    <p class='ocr_par' dir='ltr' id='par_1_24' title="bbox 591 2261 2177 2336">
     <span class='ocr_line' id='line_1_24' title="bbox 591 2261 2177 2336; baseline -0.006 -15"><span class='ocrx_word' id='word_1_166' title='bbox 591 2268 908 2336; x_wconf 89' lang='lat' dir='ltr'><strong>probatione</strong></span> <span class='ocrx_word' id='word_1_167' title='bbox 937 2267 1139 2320; x_wconf 87' lang='lat' dir='ltr'><strong>debeat</strong></span> <span class='ocrx_word' id='word_1_168' title='bbox 1170 2274 1423 2320; x_wconf 85' lang='lat' dir='ltr'><strong>constare</strong></span> <span class='ocrx_word' id='word_1_169' title='bbox 1471 2264 1610 2334; x_wconf 89' lang='lat' dir='ltr'><strong>quod</strong></span> <span class='ocrx_word' id='word_1_170' title='bbox 1645 2279 1827 2318; x_wconf 84' lang='lat' dir='ltr'><strong>verum</strong></span> <span class='ocrx_word' id='word_1_171' title='bbox 1869 2272 1973 2318; x_wconf 88' lang='lat' dir='ltr'><strong>est.</strong></span> <span class='ocrx_word' id='word_1_172' title='bbox 2018 2261 2177 2314; x_wconf 82' lang='lat' dir='ltr'><strong>Eam-</strong></span> 
     </span>
    </p>
   </div>
   <div class='ocr_carea' id='block_1_25' title="bbox 594 2355 2177 2412">
    <p class='ocr_par' dir='ltr' id='par_1_25' title="bbox 594 2355 2177 2412">
     <span class='ocr_line' id='line_1_25' title="bbox 594 2355 2177 2412; baseline -0.005 -1"><span class='ocrx_word' id='word_1_173' title='bbox 594 2359 715 2412; x_wconf 88' lang='lat' dir='ltr'><strong>dem</strong></span> <span class='ocrx_word' id='word_1_174' title='bbox 750 2373 879 2411; x_wconf 83' lang='lat' dir='ltr'><strong>vero</strong></span> <span class='ocrx_word' id='word_1_175' title='bbox 921 2357 1175 2409; x_wconf 88' lang='lat' dir='ltr'><strong>ancillam</strong></span> <span class='ocrx_word' id='word_1_176' title='bbox 1204 2355 1306 2409; x_wconf 84' lang='lat' dir='ltr'><strong>Dei</strong></span> <span class='ocrx_word' id='word_1_177' title='bbox 1331 2355 1648 2409; x_wconf 81' lang='lat' dir='ltr'><strong>fraternitati</strong></span> <span class='ocrx_word' id='word_1_178' title='bbox 1684 2362 1875 2408; x_wconf 75' lang='lat' dir='ltr'><strong>ve~trae</strong></span> <span class='ocrx_word' id='word_1_179' title='bbox 1903 2366 2177 2406; x_wconf 86' lang='lat' dir='ltr'><strong>commen-</strong></span> 
     </span>
    </p>
   </div>
   <div class='ocr_carea' id='block_1_26' title="bbox 595 2441 2173 2511">
    <p class='ocr_par' dir='ltr' id='par_1_26' title="bbox 595 2441 2173 2511">
     <span class='ocr_line' id='line_1_26' title="bbox 595 2441 2173 2511; baseline -0.006 -11"><span class='ocrx_word' id='word_1_180' title='bbox 595 2446 805 2506; x_wconf 85' lang='lat' dir='ltr'><strong>damus,</strong></span> <span class='ocrx_word' id='word_1_181' title='bbox 836 2453 892 2498; x_wconf 85' lang='lat' dir='ltr'><strong>ut</strong></span> <span class='ocrx_word' id='word_1_182' title='bbox 924 2459 953 2497; x_wconf 94' lang='lat' dir='ltr'><strong>a</strong></span> <span class='ocrx_word' id='word_1_183' title='bbox 979 2443 1125 2496; x_wconf 89' lang='lat' dir='ltr'><strong>nullo</strong></span> <span class='ocrx_word' id='word_1_184' title='bbox 1152 2458 1269 2497; x_wconf 87' lang='lat' dir='ltr'><strong>eam</strong></span> <span class='ocrx_word' id='word_1_185' title='bbox 1304 2443 1535 2511; x_wconf 86' lang='lat' dir='ltr'><strong>patiatur</strong></span> <span class='ocrx_word' id='word_1_186' title='bbox 1564 2443 1774 2511; x_wconf 88' lang='lat' dir='ltr'><strong>gravari</strong></span> <span class='ocrx_word' id='word_1_187' title='bbox 1805 2442 1889 2496; x_wconf 80' lang='lat' dir='ltr'><strong>vel</strong></span> <span class='ocrx_word' id='word_1_188' title='bbox 1924 2441 2173 2509; x_wconf 84' lang='lat' dir='ltr'><strong>opprimi,</strong></span> 
     </span>
    </p>
   </div>
   <div class='ocr_carea' id='block_1_27' title="bbox 599 2535 2179 2605">
    <p class='ocr_par' dir='ltr' id='par_1_27' title="bbox 599 2535 2179 2605">
     <span class='ocr_line' id='line_1_27' title="bbox 599 2535 2179 2605; baseline -0.004 -14"><span class='ocrx_word' id='word_1_189' title='bbox 599 2552 668 2591; x_wconf 91' lang='lat' dir='ltr'><strong>ne</strong></span> <span class='ocrx_word' id='word_1_190' title='bbox 702 2539 745 2590; x_wconf 92' lang='lat' dir='ltr'><strong>si</strong></span> <span class='ocrx_word' id='word_1_191' title='bbox 794 2537 1085 2605; x_wconf 89' lang='lat' dir='ltr'><strong>inquietata</strong></span> <span class='ocrx_word' id='word_1_192' title='bbox 1117 2535 1310 2600; x_wconf 91' lang='lat' dir='ltr'><strong>fuerit,</strong></span> <span class='ocrx_word' id='word_1_193' title='bbox 1354 2551 1421 2590; x_wconf 84' lang='lat' dir='ltr'><strong>ex</strong></span> <span class='ocrx_word' id='word_1_194' title='bbox 1471 2535 1631 2603; x_wconf 80' lang='lat' dir='ltr'><strong>hujus</strong></span> <span class='ocrx_word' id='word_1_195' title='bbox 1677 2548 1855 2588; x_wconf 85' lang='lat' dir='ltr'><strong>causae</strong></span> <span class='ocrx_word' id='word_1_196' title='bbox 1900 2535 2179 2588; x_wconf 90' lang='lat' dir='ltr'><strong>occasione</strong></span> 
     </span>
    </p>
   </div>
   <div class='ocr_carea' id='block_1_28' title="bbox 599 2623 2179 2696">
    <p class='ocr_par' dir='ltr' id='par_1_28' title="bbox 599 2623 2179 2696">
     <span class='ocr_line' id='line_1_28' title="bbox 599 2623 2179 2696; baseline -0.003 -14"><span class='ocrx_word' id='word_1_197' title='bbox 599 2630 700 2682; x_wconf 89' lang='lat' dir='ltr'><strong>hoc</strong></span> <span class='ocrx_word' id='word_1_198' title='bbox 735 2627 863 2694; x_wconf 86' lang='lat' dir='ltr'><strong>pati,</strong></span> <span class='ocrx_word' id='word_1_199' title='bbox 897 2626 1038 2696; x_wconf 91' lang='lat' dir='ltr'><strong>quod</strong></span> <span class='ocrx_word' id='word_1_200' title='bbox 1094 2641 1200 2680; x_wconf 91' lang='lat' dir='ltr'><strong>non</strong></span> <span class='ocrx_word' id='word_1_201' title='bbox 1251 2626 1408 2681; x_wconf 93' lang='lat' dir='ltr'><strong>decet</strong></span> <span class='ocrx_word' id='word_1_202' title='bbox 1460 2626 1815 2679; x_wconf 82' lang='lat' dir='ltr'><strong>existimetur.</strong></span> <span class='ocrx_word' id='word_1_203' title='bbox 1871 2624 1938 2678; x_wconf 86' lang='lat' dir='ltr'><strong>Et</strong></span> <span class='ocrx_word' id='word_1_204' title='bbox 1985 2624 2105 2677; x_wconf 90' lang='lat' dir='ltr'><strong>ideo</strong></span> <span class='ocrx_word' id='word_1_205' title='bbox 2133 2623 2179 2677; x_wconf 90' lang='lat' dir='ltr'><strong>si</strong></span> 
     </span>
    </p>
   </div>
   <div class='ocr_carea' id='block_1_29' title="bbox 598 2712 2177 2787">
    <p class='ocr_par' dir='ltr' id='par_1_29' title="bbox 598 2712 2177 2787">
     <span class='ocr_line' id='line_1_29' title="bbox 598 2712 2177 2787; baseline -0.001 -19"><span class='ocrx_word' id='word_1_206' title='bbox 598 2718 725 2787; x_wconf 86' lang='lat' dir='ltr'><strong>quid</strong></span> <span class='ocrx_word' id='word_1_207' title='bbox 775 2717 912 2772; x_wconf 89' lang='lat' dir='ltr'><strong>forte</strong></span> <span class='ocrx_word' id='word_1_208' title='bbox 961 2716 1117 2770; x_wconf 87' lang='lat' dir='ltr'><strong>fuerit</strong></span> <span class='ocrx_word' id='word_1_209' title='bbox 1162 2716 1303 2785; x_wconf 89' lang='lat' dir='ltr'><strong>quod</strong></span> <span class='ocrx_word' id='word_1_210' title='bbox 1361 2714 1555 2770; x_wconf 88' lang='lat' dir='ltr'><strong>debeat</strong></span> <span class='ocrx_word' id='word_1_211' title='bbox 1586 2715 1893 2779; x_wconf 86' lang='lat' dir='ltr'><strong>emendari,</strong></span> <span class='ocrx_word' id='word_1_212' title='bbox 1947 2722 2036 2767; x_wconf 83' lang='lat' dir='ltr'><strong>aut</strong></span> <span class='ocrx_word' id='word_1_213' title='bbox 2076 2712 2101 2751; x_wconf 73' lang='grc' dir='ltr'>ά</span> <span class='ocrx_word' id='word_1_214' title='bbox 2149 2729 2177 2767; x_wconf 90' lang='lat' dir='ltr'><strong>a</strong></span> 
     </span>
    </p>
   </div>
   <div class='ocr_carea' id='block_1_30' title="bbox 600 2804 2176 2877">
    <p class='ocr_par' dir='ltr' id='par_1_30' title="bbox 600 2804 2176 2877">
     <span class='ocr_line' id='line_1_30' title="bbox 600 2804 2176 2877; baseline -0.001 -18"><span class='ocrx_word' id='word_1_215' title='bbox 600 2809 761 2877; x_wconf 89' lang='lat' dir='ltr'><strong>plano</strong></span> <span class='ocrx_word' id='word_1_216' title='bbox 791 2806 1179 2861; x_wconf 87' lang='lat' dir='ltr'><strong>adhortationis</strong></span> <span class='ocrx_word' id='word_1_217' title='bbox 1214 2814 1408 2860; x_wconf 85' lang='lat' dir='ltr'><strong>vestrae</strong></span> <span class='ocrx_word' id='word_1_218' title='bbox 1438 2805 1809 2859; x_wconf 88' lang='lat' dir='ltr'><strong>moderamine</strong></span> <span class='ocrx_word' id='word_1_219' title='bbox 1841 2804 2176 2873; x_wconf 77' lang='lat' dir='ltr'><strong>corrigatur,</strong></span> 
     </span>
    </p>
   </div>
   <div class='ocr_carea' id='block_1_31' title="bbox 602 2895 2181 2964">
    <p class='ocr_par' dir='ltr' id='par_1_31' title="bbox 602 2895 2181 2964">
     <span class='ocr_line' id='line_1_31' title="bbox 602 2895 2181 2964; baseline -0.003 -13"><span class='ocrx_word' id='word_1_220' title='bbox 602 2909 695 2953; x_wconf 90' lang='lat' dir='ltr'><strong>aut</strong></span> <span class='ocrx_word' id='word_1_221' title='bbox 748 2908 895 2952; x_wconf 90' lang='lat' dir='ltr'><strong>certe</strong></span> <span class='ocrx_word' id='word_1_222' title='bbox 944 2897 1097 2951; x_wconf 85' lang='lat' dir='ltr'><strong>nobis</strong></span> <span class='ocrx_word' id='word_1_223' title='bbox 1147 2895 1416 2950; x_wconf 87' lang='lat' dir='ltr'><strong>subtiliter</strong></span> <span class='ocrx_word' id='word_1_224' title='bbox 1462 2897 1777 2963; x_wconf 88' lang='lat' dir='ltr'><strong>nuntietur,</strong></span> <span class='ocrx_word' id='word_1_225' title='bbox 1820 2904 2083 2964; x_wconf 87' lang='lat' dir='ltr'><strong>quatenus</strong></span> <span class='ocrx_word' id='word_1_226' title='bbox 2126 2901 2181 2948; x_wconf 89' lang='lat' dir='ltr'><strong>et</strong></span> 
     </span>
    </p>
   </div>
   <div class='ocr_carea' id='block_1_32' title="bbox 604 2986 2181 3057">
    <p class='ocr_par' dir='ltr' id='par_1_32' title="bbox 604 2986 2181 3057">
     <span class='ocr_line' id='line_1_32' title="bbox 604 2986 2181 3057; baseline -0.003 -14"><span class='ocrx_word' id='word_1_227' title='bbox 604 3007 701 3044; x_wconf 88' lang='lat' dir='ltr'><strong>vos</strong></span> <span class='ocrx_word' id='word_1_228' title='bbox 738 2992 805 3045; x_wconf 88' lang='lat' dir='ltr'><strong>ab</strong></span> <span class='ocrx_word' id='word_1_229' title='bbox 833 2990 1031 3045; x_wconf 86' lang='lat' dir='ltr'><strong>invidia</strong></span> <span class='ocrx_word' id='word_1_230' title='bbox 1079 2990 1196 3044; x_wconf 91' lang='lat' dir='ltr'><strong>sitis</strong></span> <span class='ocrx_word' id='word_1_231' title='bbox 1228 2990 1495 3055; x_wconf 80' lang='lat' dir='ltr'><strong>extranei,</strong></span> <span class='ocrx_word' id='word_1_232' title='bbox 1526 2998 1580 3044; x_wconf 90' lang='lat' dir='ltr'><strong>et</strong></span> <span class='ocrx_word' id='word_1_233' title='bbox 1607 3004 1707 3043; x_wconf 91' lang='lat' dir='ltr'><strong>nos</strong></span> <span class='ocrx_word' id='word_1_234' title='bbox 1739 2988 1877 3057; x_wconf 90' lang='lat' dir='ltr'><strong>quod</strong></span> <span class='ocrx_word' id='word_1_235' title='bbox 1924 2986 2181 3041; x_wconf 83' lang='lat' dir='ltr'><strong>convenit</strong></span> 
     </span>
    </p>
   </div>
   <div class='ocr_carea' id='block_1_33' title="bbox 603 3078 2179 3150">
    <p class='ocr_par' dir='ltr' id='par_1_33' title="bbox 603 3078 2179 3150">
     <span class='ocr_line' id='line_1_33' title="bbox 603 3078 2179 3150; baseline -0.003 -13"><span class='ocrx_word' id='word_1_236' title='bbox 603 3084 780 3137; x_wconf 88' lang='lat' dir='ltr'><strong>facere</strong></span> <span class='ocrx_word' id='word_1_237' title='bbox 827 3083 1128 3138; x_wconf 89' lang='lat' dir='ltr'><strong>nullatenus</strong></span> <span class='ocrx_word' id='word_1_238' title='bbox 1175 3083 1507 3138; x_wconf 88' lang='lat' dir='ltr'><strong>omittamus.</strong></span> <span class='ocrx_word' id='word_1_239' title='bbox 1569 3089 1594 3118; x_wconf 77' lang='grc' dir='ltr'><strong>ο</strong></span> <span class='ocrx_word' id='word_1_240' title='bbox 1626 3080 1806 3136; x_wconf 82' lang='lat' dir='ltr'><strong>Mense</strong></span> <span class='ocrx_word' id='word_1_241' title='bbox 1836 3079 1992 3150; x_wconf 76' lang='lat' dir='ltr'><strong>Maio,</strong></span> <span class='ocrx_word' id='word_1_242' title='bbox 2038 3078 2179 3134; x_wconf 88' lang='lat' dir='ltr'><strong>indi-</strong></span> 
     </span>
    </p>
   </div>
   <div class='ocr_carea' id='block_1_34' title="bbox 603 3174 861 3230">
    <p class='ocr_par' dir='ltr' id='par_1_34' title="bbox 603 3174 861 3230">
     <span class='ocr_line' id='line_1_34' title="bbox 603 3174 861 3230; baseline 0.004 -1"><span class='ocrx_word' id='word_1_243' title='bbox 603 3176 780 3229; x_wconf 88' lang='lat' dir='ltr'><strong>ctione</strong></span> <span class='ocrx_word' id='word_1_244' title='bbox 808 3174 861 3230; x_wconf 89' lang='lat'><strong>5.</strong></span> 
     </span>
    </p>
   </div>
   <div class='ocr_carea' id='block_1_35' title="bbox 1084 3262 1703 3320">
    <p class='ocr_par' dir='ltr' id='par_1_35' title="bbox 1084 3262 1703 3320">
     <span class='ocr_line' id='line_1_35' title="bbox 1084 3262 1703 3320; baseline -0.003 0"><span class='ocrx_word' id='word_1_245' title='bbox 1084 3264 1417 3320; x_wconf 80' lang='lat' dir='ltr'><strong>EPISTOLA</strong></span> <span class='ocrx_word' id='word_1_246' title='bbox 1455 3262 1703 3319; x_wconf 78' lang='lat' dir='ltr'><strong>XXXIX.</strong></span> 
     </span>
    </p>
   </div>
   <div class='ocr_carea' id='block_1_36' title="bbox 1012 3367 1792 3410">
    <p class='ocr_par' dir='ltr' id='par_1_36' title="bbox 1012 3367 1792 3410">
     <span class='ocr_line' id='line_1_36' title="bbox 1012 3367 1792 3410; baseline -0.004 0"><span class='ocrx_word' id='word_1_247' title='bbox 1012 3371 1079 3410; x_wconf 80' lang='grc' dir='ltr'><strong>Δῐ)</strong></span> <span class='ocrx_word' id='word_1_248' title='bbox 1117 3370 1382 3410; x_wconf 68' lang='lat' dir='ltr'><strong>FANTINUDI</strong></span> <span class='ocrx_word' id='word_1_249' title='bbox 1423 3367 1792 3409; x_wconf 70' lang='lat' dir='ltr'><strong>DEFENSOBEM.</strong></span> 
     </span>
    </p>
   </div>
   <div class='ocr_carea' id='block_1_37' title="bbox 611 3443 2186 3508">
    <p class='ocr_par' dir='ltr' id='par_1_37' title="bbox 611 3443 2186 3508">
     <span class='ocr_line' id='line_1_37' title="bbox 611 3443 2186 3508; baseline -0.004 -5"><span class='ocrx_word' id='word_1_250' title='bbox 611 3447 695 3503; x_wconf 77' lang='lat' dir='ltr'><strong>Ea:</strong></span> <span class='ocrx_word' id='word_1_251' title='bbox 751 3448 983 3504; x_wconf 81' lang='lat' dir='ltr'><strong>Servidei</strong></span> <span class='ocrx_word' id='word_1_252' title='bbox 1031 3447 1233 3500; x_wconf 80' lang='lat' dir='ltr'><strong>diaconi</strong></span> <span class='ocrx_word' id='word_1_253' title='bbox 1282 3447 1616 3508; x_wconf 76' lang='lat' dir='ltr'><strong>hwreditate,</strong></span> <span class='ocrx_word' id='word_1_254' title='bbox 1651 3443 1967 3499; x_wconf 71' lang='lat' dir='ltr'><strong>xenodocltio</strong></span> <span class='ocrx_word' id='word_1_255' title='bbox 2017 3444 2186 3497; x_wconf 82' lang='lat' dir='ltr'><strong>tradat</strong></span> 
     </span>
    </p>
   </div>
   <div class='ocr_carea' id='block_1_38' title="bbox 751 3514 2033 3587">
    <p class='ocr_par' dir='ltr' id='par_1_38' title="bbox 751 3514 2033 3587">
     <span class='ocr_line' id='line_1_38' title="bbox 751 3514 2033 3587; baseline -0.001 -16"><span class='ocrx_word' id='word_1_256' title='bbox 751 3536 902 3587; x_wconf 80' lang='lat' dir='ltr'><strong>equas</strong></span> <span class='ocrx_word' id='word_1_257' title='bbox 926 3517 1414 3580; x_wconf 72' lang='lat' dir='ltr'><strong>decem,Luminosaa</strong></span> <span class='ocrx_word' id='word_1_258' title='bbox 1444 3515 1647 3569; x_wconf 71' lang='lat' dir='ltr'><strong>ancilla:</strong></span> <span class='ocrx_word' id='word_1_259' title='bbox 1672 3514 1766 3568; x_wconf 86' lang='lat' dir='ltr'><strong>Dei</strong></span> <span class='ocrx_word' id='word_1_260' title='bbox 1791 3523 2033 3585; x_wconf 83' lang='lat' dir='ltr'><strong>quatuor.</strong></span> 
     </span>
    </p>
   </div>
   <div class='ocr_carea' id='block_1_39' title="bbox 678 3606 1542 3678">
    <p class='ocr_par' dir='ltr' id='par_1_39' title="bbox 678 3606 1542 3678">
     <span class='ocr_line' id='line_1_39' title="bbox 678 3606 1542 3678; baseline -0.001 -16"><span class='ocrx_word' id='word_1_261' title='bbox 678 3609 968 3678; x_wconf 85' lang='lat' dir='ltr'><strong>Gregorius</strong></span> <span class='ocrx_word' id='word_1_262' title='bbox 994 3607 1223 3661; x_wconf 85' lang='lat' dir='ltr'><strong>Fantino</strong></span> <span class='ocrx_word' id='word_1_263' title='bbox 1248 3606 1542 3662; x_wconf 89' lang='lat' dir='ltr'><strong>defensori.</strong></span> 
     </span>
    </p>
   </div>
   <div class='ocr_carea' id='block_1_40' title="bbox 682 3692 2189 3769">
    <p class='ocr_par' dir='ltr' id='par_1_40' title="bbox 682 3692 2189 3769">
     <span class='ocr_line' id='line_1_40' title="bbox 682 3692 2189 3769; baseline -0.005 -15"><span class='ocrx_word' id='word_1_264' title='bbox 682 3700 1077 3769; x_wconf 84' lang='lat' dir='ltr'><strong>Experientiam</strong></span> <span class='ocrx_word' id='word_1_265' title='bbox 1126 3707 1268 3751; x_wconf 90' lang='lat' dir='ltr'><strong>tuam</strong></span> <span class='ocrx_word' id='word_1_266' title='bbox 1297 3698 1404 3764; x_wconf 86' lang='lat' dir='ltr'><strong>jam</strong></span> <span class='ocrx_word' id='word_1_267' title='bbox 1436 3695 1700 3750; x_wconf 88' lang='lat' dir='ltr'><strong>credimus</strong></span> <span class='ocrx_word' id='word_1_268' title='bbox 1729 3692 2061 3766; x_wconf 74' lang='lat' dir='ltr'><strong>cognovisse,</strong></span> <span class='ocrx_word' id='word_1_269' title='bbox 2103 3692 2189 3749; x_wconf 84' lang='lat' dir='ltr'><strong>di-</strong></span> 
     </span>
    </p>
   </div>
   <div class='ocr_carea' id='block_1_41' title="bbox 609 3786 2186 3851">
    <p class='ocr_par' dir='ltr' id='par_1_41' title="bbox 609 3786 2186 3851">
     <span class='ocr_line' id='line_1_41' title="bbox 609 3786 2186 3851; baseline -0.007 -2"><span class='ocrx_word' id='word_1_270' title='bbox 609 3793 958 3849; x_wconf 87' lang='lat' dir='ltr'><strong>lectissimum</strong></span> <span class='ocrx_word' id='word_1_271' title='bbox 992 3791 1154 3843; x_wconf 87' lang='lat' dir='ltr'><strong>lilium</strong></span> <span class='ocrx_word' id='word_1_272' title='bbox 1185 3798 1424 3843; x_wconf 86' lang='lat' dir='ltr'><strong>nostrum</strong></span> <span class='ocrx_word' id='word_1_273' title='bbox 1453 3797 1479 3825; x_wconf 76' lang='grc' dir='ltr'><strong>ι</strong></span> <span class='ocrx_word' id='word_1_274' title='bbox 1525 3786 1841 3842; x_wconf 86' lang='lat' dir='ltr'><strong>Servumdei</strong></span> <span class='ocrx_word' id='word_1_275' title='bbox 1871 3786 2150 3839; x_wconf 88' lang='lat' dir='ltr'><strong>diaconum</strong></span> <span class='ocrx_word' id='word_1_276' title='bbox 2172 3826 2186 3851; x_wconf 94' lang='lat'><strong>,</strong></span> 
     </span>
    </p>
   </div>
   <div class='ocr_carea' id='block_1_42' title="bbox 610 3879 2191 3945">
    <p class='ocr_par' dir='ltr' id='par_1_42' title="bbox 610 3879 2191 3945">
     <span class='ocr_line' id='line_1_42' title="bbox 610 3879 2191 3945; baseline -0.003 -7"><span class='ocrx_word' id='word_1_277' title='bbox 610 3883 882 3938; x_wconf 65' lang='lat' dir='ltr'><strong>harredcm</strong></span> <span class='ocrx_word' id='word_1_278' title='bbox 934 3891 1173 3937; x_wconf 87' lang='lat' dir='ltr'><strong>sanctam</strong></span> <span class='ocrx_word' id='word_1_279' title='bbox 1223 3882 1515 3934; x_wconf 79' lang='lat' dir='ltr'><strong>Romanam</strong></span> <span class='ocrx_word' id='word_1_280' title='bbox 1570 3879 1893 3945; x_wconf 85' lang='lat' dir='ltr'><strong>Ecclesiam,</strong></span> <span class='ocrx_word' id='word_1_281' title='bbox 1942 3879 2049 3944; x_wconf 92' lang='lat' dir='ltr'><strong>cui,</strong></span> <span class='ocrx_word' id='word_1_282' title='bbox 2079 3879 2191 3933; x_wconf 92' lang='lat' dir='ltr'><strong>Deo</strong></span> 
     </span>
    </p>
   </div>
   <div class='ocr_carea' id='block_1_43' title="bbox 609 3972 2192 4043">
    <p class='ocr_par' dir='ltr' id='par_1_43' title="bbox 609 3972 2192 4043">
     <span class='ocr_line' id='line_1_43' title="bbox 609 3972 2192 4043; baseline -0.002 -13"><span class='ocrx_word' id='word_1_283' title='bbox 609 3985 854 4043; x_wconf 69' lang='lat' dir='ltr'><strong>auctore,</strong></span> <span class='ocrx_word' id='word_1_284' title='bbox 881 3975 1234 4039; x_wconf 84' lang='lat' dir='ltr'><strong>deservimus,</strong></span> <span class='ocrx_word' id='word_1_285' title='bbox 1266 3973 1569 4041; x_wconf 88' lang='lat' dir='ltr'><strong>reliquisse.</strong></span> <span class='ocrx_word' id='word_1_286' title='bbox 1601 3972 1667 4025; x_wconf 88' lang='lat' dir='ltr'><strong>Et</strong></span> <span class='ocrx_word' id='word_1_287' title='bbox 1696 3972 1817 4041; x_wconf 89' lang='lat' dir='ltr'><strong>quia</strong></span> <span class='ocrx_word' id='word_1_288' title='bbox 1846 3972 2001 4040; x_wconf 82' lang='lat' dir='ltr'><strong>legati</strong></span> <span class='ocrx_word' id='word_1_289' title='bbox 2037 3972 2192 4027; x_wconf 90' lang='lat' dir='ltr'><strong>titulo</strong></span> 
     </span>
    </p>
   </div>
   <div class='ocr_carea' id='block_1_44' title="bbox 611 4061 2194 4136">
    <p class='ocr_par' dir='ltr' id='par_1_44' title="bbox 611 4061 2194 4136">
     <span class='ocr_line' id='line_1_44' title="bbox 611 4061 2194 4136; baseline -0.002 -17"><span class='ocrx_word' id='word_1_290' title='bbox 611 4075 842 4136; x_wconf 89' lang='lat' dir='ltr'><strong>quatuor</strong></span> <span class='ocrx_word' id='word_1_291' title='bbox 867 4080 1122 4135; x_wconf 88' lang='lat' dir='ltr'><strong>equarum</strong></span> <span class='ocrx_word' id='word_1_292' title='bbox 1146 4064 1319 4133; x_wconf 87' lang='lat' dir='ltr'><strong>capita</strong></span> <span class='ocrx_word' id='word_1_293' title='bbox 1343 4063 1646 4117; x_wconf 62' lang='lat' dir='ltr'><strong>Luminosm</strong></span> <span class='ocrx_word' id='word_1_294' title='bbox 1666 4062 1870 4116; x_wconf 69' lang='lat' dir='ltr'><strong>ancilla:</strong></span> <span class='ocrx_word' id='word_1_295' title='bbox 1898 4061 1989 4116; x_wconf 89' lang='lat' dir='ltr'><strong>Dei</strong></span> <span class='ocrx_word' id='word_1_296' title='bbox 2017 4062 2194 4129; x_wconf 77' lang='lat' dir='ltr'><strong>proxi-</strong></span> 
     </span>
    </p>
   </div>
   <div class='ocr_carea' id='block_1_45' title="bbox 616 4151 2196 4222">
    <p class='ocr_par' dir='ltr' id='par_1_45' title="bbox 616 4151 2196 4222">
     <span class='ocr_line' id='line_1_45' title="bbox 616 4151 2196 4222; baseline -0.005 -9"><span class='ocrx_word' id='word_1_297' title='bbox 616 4174 720 4213; x_wconf 76' lang='lat' dir='ltr'><strong>ma:</strong></span> <span class='ocrx_word' id='word_1_298' title='bbox 749 4174 860 4212; x_wconf 72' lang='lat' dir='ltr'><strong>sua:</strong></span> <span class='ocrx_word' id='word_1_299' title='bbox 890 4157 1005 4211; x_wconf 88' lang='lat' dir='ltr'><strong>dari</strong></span> <span class='ocrx_word' id='word_1_300' title='bbox 1035 4154 1332 4218; x_wconf 88' lang='lat' dir='ltr'><strong>constituit,</strong></span> <span class='ocrx_word' id='word_1_301' title='bbox 1379 4162 1538 4222; x_wconf 89' lang='lat' dir='ltr'><strong>atque</strong></span> <span class='ocrx_word' id='word_1_302' title='bbox 1567 4166 1688 4220; x_wconf 90' lang='lat' dir='ltr'><strong>nos,</strong></span> <span class='ocrx_word' id='word_1_303' title='bbox 1720 4162 1931 4221; x_wconf 88' lang='lat' dir='ltr'><strong>petente</strong></span> <span class='ocrx_word' id='word_1_304' title='bbox 1961 4151 2196 4207; x_wconf 88' lang='lat' dir='ltr'><strong>dilectis-</strong></span> 
     </span>
    </p>
   </div>
   <div class='ocr_carea' id='block_1_46' title="bbox 613 4242 2195 4306">
    <p class='ocr_par' dir='ltr' id='par_1_46' title="bbox 613 4242 2195 4306">
     <span class='ocr_line' id='line_1_46' title="bbox 613 4242 2195 4306; baseline -0.003 -5"><span class='ocrx_word' id='word_1_305' title='bbox 613 4247 753 4301; x_wconf 84' lang='lat' dir='ltr'><strong>simo</strong></span> <span class='ocrx_word' id='word_1_306' title='bbox 808 4246 917 4301; x_wconf 90' lang='lat' dir='ltr'><strong>filio</strong></span> <span class='ocrx_word' id='word_1_307' title='bbox 965 4255 1154 4301; x_wconf 90' lang='lat' dir='ltr'><strong>nostro</strong></span> <span class='ocrx_word' id='word_1_308' title='bbox 1206 4243 1515 4298; x_wconf 86' lang='lat' dir='ltr'><strong>Florentino</strong></span> <span class='ocrx_word' id='word_1_309' title='bbox 1568 4245 1812 4306; x_wconf 87' lang='lat' dir='ltr'><strong>diacono,</strong></span> <span class='ocrx_word' id='word_1_310' title='bbox 1862 4242 2195 4298; x_wconf 82' lang='lat' dir='ltr'><strong>xenodocbio</strong></span> 
     </span>
    </p>
   </div>
   <div class='ocr_carea' id='block_1_47' title="bbox 615 4334 2196 4406">
    <p class='ocr_par' dir='ltr' id='par_1_47' title="bbox 615 4334 2196 4406">
     <span class='ocr_line' id='line_1_47' title="bbox 615 4334 2196 4406; baseline -0.004 -13"><span class='ocrx_word' id='word_1_311' title='bbox 615 4338 990 4403; x_wconf 84' lang='lat' dir='ltr'><strong>Anichiorum,</strong></span> <span class='ocrx_word' id='word_1_312' title='bbox 1021 4337 1106 4392; x_wconf 91' lang='lat' dir='ltr'><strong>cui</strong></span> <span class='ocrx_word' id='word_1_313' title='bbox 1154 4350 1389 4406; x_wconf 81' lang='lat' dir='ltr'><strong>praeesse</strong></span> <span class='ocrx_word' id='word_1_314' title='bbox 1432 4335 1782 4405; x_wconf 82' lang='lat' dir='ltr'><strong>dignoscitur,</strong></span> <span class='ocrx_word' id='word_1_315' title='bbox 1815 4334 1997 4389; x_wconf 91' lang='lat' dir='ltr'><strong>decem</strong></span> <span class='ocrx_word' id='word_1_316' title='bbox 2029 4348 2196 4403; x_wconf 83' lang='lat' dir='ltr'><strong>equa-</strong></span> 
     </span>
    </p>
   </div>
   <div class='ocr_carea' id='block_1_48' title="bbox 616 4424 2194 4498">
    <p class='ocr_par' dir='ltr' id='par_1_48' title="bbox 616 4424 2194 4498">
     <span class='ocr_line' id='line_1_48' title="bbox 616 4424 2194 4498; baseline -0.004 -16"><span class='ocrx_word' id='word_1_317' title='bbox 616 4444 735 4483; x_wconf 89' lang='lat' dir='ltr'><strong>rum</strong></span> <span class='ocrx_word' id='word_1_318' title='bbox 769 4429 938 4498; x_wconf 86' lang='lat' dir='ltr'><strong>capita</strong></span> <span class='ocrx_word' id='word_1_319' title='bbox 966 4424 993 4462; x_wconf 67' lang='grc' dir='ltr'>ι’</span> <span class='ocrx_word' id='word_1_320' title='bbox 1024 4442 1143 4481; x_wconf 89' lang='lat' dir='ltr'><strong>cum</strong></span> <span class='ocrx_word' id='word_1_321' title='bbox 1170 4424 1446 4479; x_wconf 76' lang='lat' dir='ltr'><strong>emissario</strong></span> <span class='ocrx_word' id='word_1_322' title='bbox 1472 4440 1569 4480; x_wconf 90' lang='lat' dir='ltr'><strong>suo</strong></span> <span class='ocrx_word' id='word_1_323' title='bbox 1602 4424 1939 4494; x_wconf 72' lang='lat' dir='ltr'><strong>prmvidimus</strong></span> <span class='ocrx_word' id='word_1_324' title='bbox 1962 4424 2194 4491; x_wconf 86' lang='lat' dir='ltr'><strong>largien-</strong></span> 
     </span>
    </p>
   </div>
   <div class='ocr_carea' id='block_1_49' title="bbox 616 4515 2195 4588">
    <p class='ocr_par' dir='ltr' id='par_1_49' title="bbox 616 4515 2195 4588">
     <span class='ocr_line' id='line_1_49' title="bbox 616 4515 2195 4588; baseline -0.004 -11"><span class='ocrx_word' id='word_1_325' title='bbox 616 4524 704 4588; x_wconf 90' lang='lat' dir='ltr'><strong>da,</strong></span> <span class='ocrx_word' id='word_1_326' title='bbox 743 4525 839 4576; x_wconf 88' lang='lat' dir='ltr'><strong>hac</strong></span> <span class='ocrx_word' id='word_1_327' title='bbox 869 4522 962 4575; x_wconf 87' lang='lat' dir='ltr'><strong>tibi</strong></span> <span class='ocrx_word' id='word_1_328' title='bbox 993 4520 1192 4575; x_wconf 88' lang='lat' dir='ltr'><strong>idcirco</strong></span> <span class='ocrx_word' id='word_1_329' title='bbox 1222 4519 1575 4587; x_wconf 72' lang='lat' dir='ltr'><strong>trccceptione</strong></span> <span class='ocrx_word' id='word_1_330' title='bbox 1607 4518 1918 4572; x_wconf 87' lang='lat' dir='ltr'><strong>mandamus</strong></span> <span class='ocrx_word' id='word_1_331' title='bbox 1943 4524 2002 4569; x_wconf 92' lang='lat' dir='ltr'><strong>ut</strong></span> <span class='ocrx_word' id='word_1_332' title='bbox 2040 4515 2195 4570; x_wconf 86' lang='lat' dir='ltr'><strong>latori</strong></span> 
     </span>
    </p>
   </div>
   <div class='ocr_carea' id='block_1_50' title="bbox 620 4576 2270 4682">
    <p class='ocr_par' dir='ltr' id='par_1_50' title="bbox 620 4576 2270 4682">
     <span class='ocr_line' id='line_1_50' title="bbox 620 4576 2270 4682; baseline -0.005 -14"><span class='ocrx_word' id='word_1_333' title='bbox 620 4612 988 4682; x_wconf 63' lang='lat' dir='ltr'><strong>prmsentium,</strong></span> <span class='ocrx_word' id='word_1_334' title='bbox 1018 4611 1106 4680; x_wconf 90' lang='lat' dir='ltr'><strong>qui</strong></span> <span class='ocrx_word' id='word_1_335' title='bbox 1159 4608 1226 4663; x_wconf 91' lang='lat' dir='ltr'><strong>ad</strong></span> <span class='ocrx_word' id='word_1_336' title='bbox 1259 4609 1358 4663; x_wconf 88' lang='lat' dir='ltr'><strong>hoc</strong></span> <span class='ocrx_word' id='word_1_337' title='bbox 1406 4609 1514 4663; x_wconf 91' lang='lat' dir='ltr'><strong>illic</strong></span> <span class='ocrx_word' id='word_1_338' title='bbox 1542 4623 1607 4663; x_wconf 80' lang='lat' dir='ltr'><strong>ex</strong></span> <span class='ocrx_word' id='word_1_339' title='bbox 1639 4623 1802 4677; x_wconf 90' lang='lat' dir='ltr'><strong>opere</strong></span> <span class='ocrx_word' id='word_1_340' title='bbox 1833 4607 2027 4660; x_wconf 87' lang='lat' dir='ltr'><strong>missus</strong></span> <span class='ocrx_word' id='word_1_341' title='bbox 2071 4613 2189 4673; x_wconf 80' lang='lat' dir='ltr'><strong>est,</strong></span> <span class='ocrx_word' id='word_1_342' title='bbox 2223 4576 2270 4633; x_wconf 79' lang='lat' dir='ltr'><strong>D</strong></span> 
     </span>
    </p>
   </div>
   <div class='ocr_carea' id='block_1_51' title="bbox 688 4722 2197 4791">
    <p class='ocr_par' dir='ltr' id='par_1_51' title="bbox 688 4722 2197 4791">
     <span class='ocr_line' id='line_1_51' title="bbox 688 4722 2197 4791; baseline -0.007 -6"><span class='ocrx_word' id='word_1_343' title='bbox 688 4730 718 4769; x_wconf 74' lang='grc' dir='ltr'>ι’</span> <span class='ocrx_word' id='word_1_344' title='bbox 748 4731 804 4785; x_wconf 83' lang='grc' dir='ltr'><strong>1η</strong></span> <span class='ocrx_word' id='word_1_345' title='bbox 838 4727 1122 4782; x_wconf 76' lang='lat' dir='ltr'><strong>Rhemensi</strong></span> <span class='ocrx_word' id='word_1_346' title='bbox 1152 4735 1206 4782; x_wconf 91' lang='lat' dir='ltr'><strong>et</strong></span> <span class='ocrx_word' id='word_1_347' title='bbox 1231 4727 1282 4780; x_wconf 90' lang='lat' dir='ltr'><strong>in</strong></span> <span class='ocrx_word' id='word_1_348' title='bbox 1313 4725 1483 4781; x_wconf 88' lang='lat' dir='ltr'><strong>Vatic.</strong></span> <span class='ocrx_word' id='word_1_349' title='bbox 1516 4724 1558 4778; x_wconf 94' lang='lat' dir='ltr'><strong>D</strong></span> <span class='ocrx_word' id='word_1_350' title='bbox 1588 4733 1642 4779; x_wconf 89' lang='lat' dir='ltr'><strong>et</strong></span> <span class='ocrx_word' id='word_1_351' title='bbox 1667 4723 1732 4788; x_wconf 82' lang='lat' dir='ltr'><strong>E,</strong></span> <span class='ocrx_word' id='word_1_352' title='bbox 1756 4723 1876 4791; x_wconf 76' lang='lat' dir='ltr'><strong>ﬁlia:</strong></span> <span class='ocrx_word' id='word_1_353' title='bbox 1898 4738 2003 4777; x_wconf 78' lang='lat' dir='ltr'><strong>sua:</strong></span> <span class='ocrx_word' id='word_1_354' title='bbox 2022 4722 2197 4790; x_wconf 83' lang='lat' dir='ltr'><strong>[ratri-</strong></span> 
     </span>
    </p>
   </div>
   <div class='ocr_carea' id='block_1_52' title="bbox 620 4802 961 4855">
    <p class='ocr_par' dir='ltr' id='par_1_52' title="bbox 620 4802 961 4855">
     <span class='ocr_line' id='line_1_52' title="bbox 620 4802 961 4855; baseline -0.012 0"><span class='ocrx_word' id='word_1_355' title='bbox 620 4802 809 4855; x_wconf 65' lang='lat' dir='ltr'><strong>busaue</strong></span> <span class='ocrx_word' id='word_1_356' title='bbox 835 4802 961 4853; x_wconf 77' lang='lat' dir='ltr'><strong>suis.</strong></span> 
     </span>
    </p>
   </div>
   <div class='ocr_carea' id='block_1_53' title="bbox 697 4819 2200 4937">
    <p class='ocr_par' dir='ltr' id='par_1_53' title="bbox 697 4819 2200 4937">
     <span class='ocr_line' id='line_1_53' title="bbox 788 4819 961 4852; baseline 0 0"><span class='ocrx_word' id='word_1_357' title='bbox 788 4819 809 4847; x_wconf 68' lang='grc' dir='ltr'><em>Ρ</em></span> <span class='ocrx_word' id='word_1_358' title='bbox 864 4819 961 4852; x_wconf 75' lang='grc' dir='ltr'><strong>ωε.</strong></span> 
     </span>
     <span class='ocr_line' id='line_1_54' title="bbox 697 4819 2200 4937; baseline -0.007 -12"><span class='ocrx_word' id='word_1_359' title='bbox 697 4819 878 4925; x_wconf 52' lang='grc' dir='ltr'><strong>ἒᾳῆἱηδε</strong></span> <span class='ocrx_word' id='word_1_360' title='bbox 921 4877 1062 4937; x_wconf 87' lang='lat' dir='ltr'><strong>patet</strong></span> <span class='ocrx_word' id='word_1_361' title='bbox 1091 4868 1345 4923; x_wconf 90' lang='lat' dir='ltr'><strong>diaconos</strong></span> <span class='ocrx_word' id='word_1_362' title='bbox 1387 4880 1475 4921; x_wconf 92' lang='lat' dir='ltr'><strong>res</strong></span> <span class='ocrx_word' id='word_1_363' title='bbox 1520 4866 1573 4919; x_wconf 92' lang='lat' dir='ltr'><strong>in</strong></span> <span class='ocrx_word' id='word_1_364' title='bbox 1603 4863 1883 4937; x_wconf 83' lang='lat' dir='ltr'><strong>diaconatu</strong></span> <span class='ocrx_word' id='word_1_365' title='bbox 1912 4861 2200 4937; x_wconf 78' lang='lat' dir='ltr'><strong>acquisitas</strong></span> 
     </span>
    </p>
   </div>
   <div class='ocr_carea' id='block_1_54' title="bbox 620 4932 2196 5008">
    <p class='ocr_par' dir='ltr' id='par_1_54' title="bbox 620 4932 2196 5008">
     <span class='ocr_line' id='line_1_55' title="bbox 620 4932 2196 5008; baseline -0.005 -14"><span class='ocrx_word' id='word_1_366' title='bbox 620 4942 859 4996; x_wconf 86' lang='lat' dir='ltr'><strong>alienare</strong></span> <span class='ocrx_word' id='word_1_367' title='bbox 902 4932 1157 5008; x_wconf 77' lang='lat' dir='ltr'><strong>potuisse.</strong></span> <span class='ocrx_word' id='word_1_368' title='bbox 1205 4938 1446 5008; x_wconf 10' lang='lat' dir='ltr'><strong>ldemgde</strong></span> <span class='ocrx_word' id='word_1_369' title='bbox 1500 4932 1827 5008; x_wconf 69' lang='lat' dir='ltr'><strong>presbyteris</strong></span> <span class='ocrx_word' id='word_1_370' title='bbox 1855 4933 2196 4986; x_wconf 87' lang='lat' dir='ltr'><strong>crediderim.</strong></span> 
     </span>
    </p>
   </div>
   <div class='ocr_carea' id='block_1_55' title="bbox 621 5003 2052 5080">
    <p class='ocr_par' dir='ltr' id='par_1_55' title="bbox 621 5003 2052 5080">
     <span class='ocr_line' id='line_1_56' title="bbox 621 5003 2052 5080; baseline -0.009 -14"><span class='ocrx_word' id='word_1_371' title='bbox 621 5014 735 5068; x_wconf 74' lang='lat' dir='ltr'><strong>Non</strong></span> <span class='ocrx_word' id='word_1_372' title='bbox 770 5013 838 5064; x_wconf 90' lang='lat' dir='ltr'><strong>ita</strong></span> <span class='ocrx_word' id='word_1_373' title='bbox 867 5003 932 5064; x_wconf 85' lang='lat' dir='ltr'><strong>de</strong></span> <span class='ocrx_word' id='word_1_374' title='bbox 954 5008 1240 5080; x_wconf 86' lang='lat' dir='ltr'><strong>episc0pis,</strong></span> <span class='ocrx_word' id='word_1_375' title='bbox 1264 5018 1322 5061; x_wconf 91' lang='lat' dir='ltr'><strong>ut</strong></span> <span class='ocrx_word' id='word_1_376' title='bbox 1346 5006 1543 5080; x_wconf 59' lang='lat' dir='ltr'><strong>dictum</strong></span> <span class='ocrx_word' id='word_1_377' title='bbox 1576 5003 2052 5080; x_wconf 20' lang='lat' dir='ltr'><strong>suprasﬂussmv.</strong></span> 
     </span>
    </p>
   </div>
   <div class='ocr_carea' id='block_1_56' title="bbox 695 5070 2197 5147">
    <p class='ocr_par' dir='ltr' id='par_1_56' title="bbox 695 5070 2197 5147">
     <span class='ocr_line' id='line_1_57' title="bbox 695 5070 2197 5147; baseline -0.009 -9"><span class='ocrx_word' id='word_1_378' title='bbox 695 5082 723 5120; x_wconf 75' lang='grc' dir='ltr'>ά</span> <span class='ocrx_word' id='word_1_379' title='bbox 769 5070 1001 5137; x_wconf 76' lang='lat' dir='ltr'><strong>Dicimus</strong></span> <span class='ocrx_word' id='word_1_380' title='bbox 1057 5070 1341 5147; x_wconf 45' lang='lat' dir='ltr'><strong>dc&#39;plano.</strong></span> <span class='ocrx_word' id='word_1_381' title='bbox 1392 5076 1541 5131; x_wconf 87' lang='lat' dir='ltr'><strong>Unde</strong></span> <span class='ocrx_word' id='word_1_382' title='bbox 1584 5070 1813 5147; x_wconf 69' lang='lat' dir='ltr'><strong>cognitio</strong></span> <span class='ocrx_word' id='word_1_383' title='bbox 1836 5073 2086 5147; x_wconf 71' lang='lat' dir='ltr'><strong>_planaria</strong></span> <span class='ocrx_word' id='word_1_384' title='bbox 2136 5070 2197 5147; x_wconf 80' lang='lat' dir='ltr'><strong>_in</strong></span> 
     </span>
    </p>
   </div>
   <div class='ocr_carea' id='block_1_57' title="bbox 620 5141 2197 5224">
    <p class='ocr_par' dir='ltr' id='par_1_57' title="bbox 620 5141 2197 5224">
     <span class='ocr_line' id='line_1_58' title="bbox 620 5141 2197 5224; baseline -0.008 -17"><span class='ocrx_word' id='word_1_385' title='bbox 620 5153 761 5224; x_wconf 79' lang='lat' dir='ltr'><strong>jure,</strong></span> <span class='ocrx_word' id='word_1_386' title='bbox 784 5162 915 5216; x_wconf 88' lang='lat' dir='ltr'><strong>etc.,</strong></span> <span class='ocrx_word' id='word_1_387' title='bbox 960 5152 1010 5205; x_wconf 90' lang='lat' dir='ltr'><strong>id</strong></span> <span class='ocrx_word' id='word_1_388' title='bbox 1036 5159 1137 5216; x_wconf 90' lang='lat' dir='ltr'><strong>est,</strong></span> <span class='ocrx_word' id='word_1_389' title='bbox 1166 5141 1303 5224; x_wconf 70' lang='lat' dir='ltr'><strong>sine</strong></span> <span class='ocrx_word' id='word_1_390' title='bbox 1326 5149 1547 5224; x_wconf 75' lang='lat' dir='ltr'><strong>Strepitu</strong></span> <span class='ocrx_word' id='word_1_391' title='bbox 1588 5143 1793 5224; x_wconf 57' lang='lat' dir='ltr'><strong>iudicii.</strong></span> <span class='ocrx_word' id='word_1_392' title='bbox 1829 5141 2100 5224; x_wconf 31' lang='lat' dir='ltr'><strong>Gussiav.‘</strong></span> <span class='ocrx_word' id='word_1_393' title='bbox 2136 5141 2197 5195; x_wconf 93' lang='lat' dir='ltr'><strong>ln</strong></span> 
     </span>
    </p>
   </div>
   <div class='ocr_carea' id='block_1_58' title="bbox 624 5213 2193 5284">
    <p class='ocr_par' dir='ltr' id='par_1_58' title="bbox 624 5213 2193 5284">
     <span class='ocr_line' id='line_1_59' title="bbox 624 5213 2193 5284; baseline -0.009 -7"><span class='ocrx_word' id='word_1_394' title='bbox 624 5213 810 5278; x_wconf 62' lang='lat' dir='ltr'><strong>Norat.</strong></span> <span class='ocrx_word' id='word_1_395' title='bbox 837 5213 1035 5284; x_wconf 78' lang='lat' dir='ltr'><strong>autem,</strong></span> <span class='ocrx_word' id='word_1_396' title='bbox 1067 5213 1518 5276; x_wconf 78' lang='lat' dir='ltr'><strong>consentientibus</strong></span> <span class='ocrx_word' id='word_1_397' title='bbox 1548 5224 1655 5268; x_wconf 85' lang='lat' dir='ltr'><strong>vet.</strong></span> <span class='ocrx_word' id='word_1_398' title='bbox 1703 5215 1946 5279; x_wconf 79' lang='lat' dir='ltr'><strong>Excusis,</strong></span> <span class='ocrx_word' id='word_1_399' title='bbox 1982 5213 2193 5279; x_wconf 75' lang='lat' dir='ltr'><strong>legitur,</strong></span> 
     </span>
    </p>
   </div>
   <div class='ocr_carea' id='block_1_59' title="bbox 623 5285 2194 5362">
    <p class='ocr_par' dir='ltr' id='par_1_59' title="bbox 623 5285 2194 5362">
     <span class='ocr_line' id='line_1_60' title="bbox 623 5285 2194 5362; baseline -0.008 -15"><span class='ocrx_word' id='word_1_400' title='bbox 623 5304 713 5347; x_wconf 85' lang='lat' dir='ltr'><strong>aut</strong></span> <span class='ocrx_word' id='word_1_401' title='bbox 740 5293 892 5362; x_wconf 85' lang='lat' dir='ltr'><strong>ptano</strong></span> <span class='ocrx_word' id='word_1_402' title='bbox 920 5291 1294 5362; x_wconf 63' lang='lat' dir='ltr'><strong>adhortationis</strong></span> <span class='ocrx_word' id='word_1_403' title='bbox 1320 5298 1495 5362; x_wconf 57' lang='lat' dir='ltr'><strong>vestrm</strong></span> <span class='ocrx_word' id='word_1_404' title='bbox 1523 5285 1889 5362; x_wconf 61' lang='lat' dir='ltr'><strong>moderamine,</strong></span> <span class='ocrx_word' id='word_1_405' title='bbox 1921 5285 2194 5362; x_wconf 53' lang='lat' dir='ltr'><strong>amisson.</strong></span> 
     </span>
    </p>
   </div>
   <div class='ocr_carea' id='block_1_60' title="bbox 702 5353 2202 5416">
    <p class='ocr_par' dir='ltr' id='par_1_60' title="bbox 702 5353 2202 5416">
     <span class='ocr_line' id='line_1_61' title="bbox 702 5353 2202 5416; baseline -0.007 -1"><span class='ocrx_word' id='word_1_406' title='bbox 702 5353 833 5415; x_wconf 66' lang='grc' dir='ltr'><strong>οἸιδ</strong></span> <span class='ocrx_word' id='word_1_407' title='bbox 865 5363 916 5415; x_wconf 92' lang='lat' dir='ltr'><strong>in</strong></span> <span class='ocrx_word' id='word_1_408' title='bbox 964 5364 1135 5416; x_wconf 90' lang='lat' dir='ltr'><strong>tribus</strong></span> <span class='ocrx_word' id='word_1_409' title='bbox 1174 5360 1345 5414; x_wconf 83' lang='lat' dir='ltr'><strong>Vatic.</strong></span> <span class='ocrx_word' id='word_1_410' title='bbox 1380 5358 1506 5412; x_wconf 89' lang='lat' dir='ltr'><strong>etin</strong></span> <span class='ocrx_word' id='word_1_411' title='bbox 1552 5365 1661 5409; x_wconf 85' lang='lat' dir='ltr'><strong>vet.</strong></span> <span class='ocrx_word' id='word_1_412' title='bbox 1709 5355 1947 5407; x_wconf 69' lang='lat' dir='ltr'><strong>COlbt’l&#39;l.</strong></span> <span class='ocrx_word' id='word_1_413' title='bbox 1998 5354 2050 5404; x_wconf 91' lang='lat' dir='ltr'><strong>ln</strong></span> <span class='ocrx_word' id='word_1_414' title='bbox 2096 5353 2202 5404; x_wconf 86' lang='lat' dir='ltr'><strong>alio</strong></span> 
     </span>
    </p>
   </div>
   <div class='ocr_carea' id='block_1_61' title="bbox 626 5424 2127 5501">
    <p class='ocr_par' dir='ltr' id='par_1_61' title="bbox 626 5424 2127 5501">
     <span class='ocr_line' id='line_1_62' title="bbox 626 5424 2127 5501; baseline -0.009 -13"><span class='ocrx_word' id='word_1_415' title='bbox 626 5431 890 5501; x_wconf 90' lang='lat' dir='ltr'><strong>Colbert.,</strong></span> <span class='ocrx_word' id='word_1_416' title='bbox 922 5449 1089 5486; x_wconf 76' lang='lat' dir='ltr'><strong>mense</strong></span> <span class='ocrx_word' id='word_1_417' title='bbox 1111 5433 1269 5500; x_wconf 77' lang='lat' dir='ltr'><strong>Aug.,</strong></span> <span class='ocrx_word' id='word_1_418' title='bbox 1300 5429 1439 5501; x_wconf 63' lang='lat' dir='ltr'><strong>quod</strong></span> <span class='ocrx_word' id='word_1_419' title='bbox 1470 5426 1775 5501; x_wconf 75' lang='lat' dir='ltr'><strong>etiamlego</strong></span> <span class='ocrx_word' id='word_1_420' title='bbox 1802 5427 1852 5477; x_wconf 91' lang='lat' dir='ltr'><strong>in</strong></span> <span class='ocrx_word' id='word_1_421' title='bbox 1878 5424 2127 5501; x_wconf 47' lang='lat' dir='ltr'><strong>Escusis.</strong></span> 
     </span>
    </p>
   </div>
   <div class='ocr_carea' id='block_1_62' title="bbox 700 5491 2203 5571">
    <p class='ocr_par' dir='ltr' id='par_1_62' title="bbox 700 5491 2203 5571">
     <span class='ocr_line' id='line_1_63' title="bbox 700 5491 2203 5571; baseline -0.007 -14"><span class='ocrx_word' id='word_1_422' title='bbox 700 5491 889 5559; x_wconf 67' lang='lat' dir='ltr'><strong>Epmf</strong></span> <span class='ocrx_word' id='word_1_423' title='bbox 908 5502 1126 5557; x_wconf 71' lang='lat' dir='ltr'><strong>xxmx</strong></span> <span class='ocrx_word' id='word_1_424' title='bbox 1157 5491 1265 5571; x_wconf 72' lang='grc' dir='ltr'><strong>[Ᾰιξ</strong></span> <span class='ocrx_word' id='word_1_425' title='bbox 1292 5491 1403 5569; x_wconf 71' lang='lat'><strong>4&#39;5].</strong></span> <span class='ocrx_word' id='word_1_426' title='bbox 1436 5528 1505 5571; x_wconf 46' lang='lat'><em>7</em></span> <span class='ocrx_word' id='word_1_427' title='bbox 1534 5504 1558 5531; x_wconf 77' lang='grc' dir='ltr'><strong>ιι</strong></span> <span class='ocrx_word' id='word_1_428' title='bbox 1594 5491 1734 5551; x_wconf 71' lang='lat' dir='ltr'><strong>Ideni</strong></span> <span class='ocrx_word' id='word_1_429' title='bbox 1765 5509 1883 5550; x_wconf 89' lang='lat' dir='ltr'><strong>esse</strong></span> <span class='ocrx_word' id='word_1_430' title='bbox 1912 5493 2118 5547; x_wconf 87' lang='lat' dir='ltr'><strong>videtur</strong></span> <span class='ocrx_word' id='word_1_431' title='bbox 2136 5491 2203 5546; x_wconf 91' lang='lat' dir='ltr'><strong>de</strong></span> 
     </span>
    </p>
   </div>
   <div class='ocr_carea' id='block_1_63' title="bbox 628 5569 1531 5644">
    <p class='ocr_par' dir='ltr' id='par_1_63' title="bbox 628 5569 1531 5644">
     <span class='ocr_line' id='line_1_64' title="bbox 628 5569 1531 5644; baseline -0.006 -17"><span class='ocrx_word' id='word_1_432' title='bbox 628 5589 734 5644; x_wconf 83' lang='lat' dir='ltr'><strong>quo</strong></span> <span class='ocrx_word' id='word_1_433' title='bbox 758 5575 893 5628; x_wconf 89' lang='lat' dir='ltr'><strong>libro</strong></span> <span class='ocrx_word' id='word_1_434' title='bbox 925 5590 941 5626; x_wconf 87' lang='grc' dir='ltr'><strong>ι</strong></span> <span class='ocrx_word' id='word_1_435' title='bbox 971 5574 1129 5638; x_wconf 62' lang='lat' dir='ltr'><strong>epist.</strong></span> <span class='ocrx_word' id='word_1_436' title='bbox 1150 5569 1374 5644; x_wconf 69' lang='lat' dir='ltr'><strong>“,col.</strong></span> <span class='ocrx_word' id='word_1_437' title='bbox 1407 5569 1531 5644; x_wconf 72' lang='lat'><strong>556.</strong></span> 
     </span>
    </p>
   </div>
   <div class='ocr_carea' id='block_1_64' title="bbox 701 5630 2200 5713">
    <p class='ocr_par' dir='ltr' id='par_1_64' title="bbox 701 5630 2200 5713">
     <span class='ocr_line' id='line_1_65' title="bbox 701 5630 2200 5713; baseline -0.011 -14"><span class='ocrx_word' id='word_1_438' title='bbox 701 5641 730 5682; x_wconf 68' lang='grc' dir='ltr'>δ</span> <span class='ocrx_word' id='word_1_439' title='bbox 760 5645 832 5698; x_wconf 89' lang='lat' dir='ltr'><strong>Ita</strong></span> <span class='ocrx_word' id='word_1_440' title='bbox 865 5630 1054 5710; x_wconf 68' lang='lat' dir='ltr'><strong>legitur</strong></span> <span class='ocrx_word' id='word_1_441' title='bbox 1082 5630 1302 5713; x_wconf 43' lang='lat' dir='ltr'><strong>saepedn</strong></span> <span class='ocrx_word' id='word_1_442' title='bbox 1322 5653 1491 5713; x_wconf 32' lang='lat' dir='ltr'><strong>‘sacra</strong></span> <span class='ocrx_word' id='word_1_443' title='bbox 1525 5637 1726 5713; x_wconf 68' lang='lat' dir='ltr'><strong>S__crip.,</strong></span> <span class='ocrx_word' id='word_1_444' title='bbox 1752 5648 1850 5704; x_wconf 82' lang='lat' dir='ltr'><strong>pro</strong></span> <span class='ocrx_word' id='word_1_445' title='bbox 1875 5630 2200 5695; x_wconf 73' lang='lat' dir='ltr'><strong>admissario,</strong></span> 
     </span>
    </p>
   </div>
   <div class='ocr_carea' id='block_1_65' title="bbox 630 5709 1600 5771">
    <p class='ocr_par' dir='ltr' id='par_1_65' title="bbox 630 5709 1600 5771">
     <span class='ocr_line' id='line_1_66' title="bbox 630 5709 1600 5771; baseline -0.01 -3"><span class='ocrx_word' id='word_1_446' title='bbox 630 5722 690 5768; x_wconf 88' lang='lat' dir='ltr'><strong>ut</strong></span> <span class='ocrx_word' id='word_1_447' title='bbox 713 5713 880 5767; x_wconf 85' lang='lat' dir='ltr'><strong>Eccli.</strong></span> <span class='ocrx_word' id='word_1_448' title='bbox 910 5709 1099 5770; x_wconf 65' lang='lat' dir='ltr'><strong>ixxtn,</strong></span> <span class='ocrx_word' id='word_1_449' title='bbox 1131 5711 1197 5771; x_wconf 81' lang='lat'><strong>6;</strong></span> <span class='ocrx_word' id='word_1_450' title='bbox 1225 5709 1424 5761; x_wconf 84' lang='lat' dir='ltr'><strong>Jeretn.</strong></span> <span class='ocrx_word' id='word_1_451' title='bbox 1457 5723 1487 5758; x_wconf 93' lang='lat' dir='ltr'><strong>v</strong></span> <span class='ocrx_word' id='word_1_452' title='bbox 1507 5748 1519 5769; x_wconf 84' lang='lat'><strong>,</strong></span> <span class='ocrx_word' id='word_1_453' title='bbox 1546 5710 1600 5759; x_wconf 90' lang='lat'><strong>8.</strong></span> 
     </span>
    </p>
   </div>
   <div class='ocr_carea' id='block_1_66' title="bbox 703 5773 2201 5846">
    <p class='ocr_par' dir='ltr' id='par_1_66' title="bbox 703 5773 2201 5846">
     <span class='ocr_line' id='line_1_67' title="bbox 703 5773 2201 5846; baseline -0.009 -8"><span class='ocrx_word' id='word_1_454' title='bbox 703 5785 886 5837; x_wconf 72' lang='lat' dir='ltr'><strong>Erts&#39;r.</strong></span> <span class='ocrx_word' id='word_1_455' title='bbox 934 5779 1021 5833; x_wconf 75' lang='lat' dir='ltr'><strong>XL</strong></span> <span class='ocrx_word' id='word_1_456' title='bbox 1052 5778 1157 5846; x_wconf 69' lang='lat' dir='ltr'><strong>[AL</strong></span> <span class='ocrx_word' id='word_1_457' title='bbox 1214 5774 1322 5844; x_wconf 66' lang='lat'><strong>45].</strong></span> <span class='ocrx_word' id='word_1_458' title='bbox 1350 5804 1416 5813; x_wconf 80' lang='lat'><strong>-</strong></span> <span class='ocrx_word' id='word_1_459' title='bbox 1441 5784 1463 5811; x_wconf 75' lang='grc' dir='ltr'><strong>ει</strong></span> <span class='ocrx_word' id='word_1_460' title='bbox 1497 5776 1811 5831; x_wconf 76' lang='lat' dir='ltr'><strong>Vcnantium</strong></span> <span class='ocrx_word' id='word_1_461' title='bbox 1857 5774 1995 5830; x_wconf 89' lang='lat' dir='ltr'><strong>hunc</strong></span> <span class='ocrx_word' id='word_1_462' title='bbox 2039 5773 2201 5826; x_wconf 86' lang='lat' dir='ltr'><strong>a‘iutn</strong></span> 
     </span>
    </p>
   </div>
   <div class='ocr_carea' id='block_1_67' title="bbox 2271 512 3768 589">
    <p class='ocr_par' dir='ltr' id='par_1_67' title="bbox 2271 512 3768 589">
     <span class='ocr_line' id='line_1_68' title="bbox 2271 512 3768 589; baseline -0.003 -15"><span class='ocrx_word' id='word_1_463' title='bbox 2271 522 2442 587; x_wconf 85' lang='lat' dir='ltr'><strong>capita</strong></span> <span class='ocrx_word' id='word_1_464' title='bbox 2490 534 2621 589; x_wconf 88' lang='lat' dir='ltr'><strong>quas</strong></span> <span class='ocrx_word' id='word_1_465' title='bbox 2668 516 3000 581; x_wconf 67' lang='lat' dir='ltr'><strong>xenodocbio</strong></span> <span class='ocrx_word' id='word_1_466' title='bbox 3043 515 3433 576; x_wconf 83' lang='lat' dir='ltr'><strong>concessimus,</strong></span> <span class='ocrx_word' id='word_1_467' title='bbox 3479 512 3541 567; x_wconf 85' lang='lat' dir='ltr'><strong>de</strong></span> <span class='ocrx_word' id='word_1_468' title='bbox 3586 517 3768 581; x_wconf 72' lang='lat' dir='ltr'><strong>equabus</strong></span> 
     </span>
    </p>
   </div>
   <div class='ocr_carea' id='block_1_68' title="bbox 2277 602 3767 681">
    <p class='ocr_par' dir='ltr' id='par_1_68' title="bbox 2277 602 3767 681">
     <span class='ocr_line' id='line_1_69' title="bbox 2277 602 3767 681; baseline -0.005 -14"><span class='ocrx_word' id='word_1_469' title='bbox 2277 612 2486 681; x_wconf 73' lang='lat'><strong>1208</strong></span> <span class='ocrx_word' id='word_1_470' title='bbox 2510 609 2715 679; x_wconf 66' lang='lat' dir='ltr'><strong>praefati</strong></span> <span class='ocrx_word' id='word_1_471' title='bbox 2741 607 2956 677; x_wconf 90' lang='lat' dir='ltr'><strong>quidem</strong></span> <span class='ocrx_word' id='word_1_472' title='bbox 2999 604 3207 659; x_wconf 88' lang='lat' dir='ltr'><strong>diaconi</strong></span> <span class='ocrx_word' id='word_1_473' title='bbox 3251 602 3404 658; x_wconf 89' lang='lat' dir='ltr'><strong>simul</strong></span> <span class='ocrx_word' id='word_1_474' title='bbox 3428 612 3478 657; x_wconf 88' lang='lat' dir='ltr'><strong>et</strong></span> <span class='ocrx_word' id='word_1_475' title='bbox 3502 606 3767 660; x_wconf 82' lang='lat' dir='ltr'><strong>emissarium</strong></span> 
     </span>
    </p>
   </div>
   <div class='ocr_carea' id='block_1_69' title="bbox 2270 699 3767 776">
    <p class='ocr_par' dir='ltr' id='par_1_69' title="bbox 2270 699 3767 776">
     <span class='ocr_line' id='line_1_70' title="bbox 2270 699 3767 776; baseline -0.006 -12"><span class='ocrx_word' id='word_1_476' title='bbox 2270 709 2386 764; x_wconf 89' lang='lat' dir='ltr'><strong>sine</strong></span> <span class='ocrx_word' id='word_1_477' title='bbox 2414 708 2588 776; x_wconf 90' lang='lat' dir='ltr'><strong>aliqua</strong></span> <span class='ocrx_word' id='word_1_478' title='bbox 2613 705 2811 760; x_wconf 86' lang='lat' dir='ltr'><strong>debeas</strong></span> <span class='ocrx_word' id='word_1_479' title='bbox 2836 702 3189 757; x_wconf 75' lang='lat' dir='ltr'><strong>excusatione</strong></span> <span class='ocrx_word' id='word_1_480' title='bbox 3220 699 3305 754; x_wconf 85' lang='lat' dir='ltr'><strong>vel</strong></span> <span class='ocrx_word' id='word_1_481' title='bbox 3327 713 3471 755; x_wconf 84' lang='lat' dir='ltr'><strong>mora</strong></span> <span class='ocrx_word' id='word_1_482' title='bbox 3499 702 3767 755; x_wconf 85' lang='lat' dir='ltr'><strong>contradere.</strong></span> 
     </span>
    </p>
   </div>
   <div class='ocr_carea' id='block_1_70' title="bbox 2809 789 3295 848">
    <p class='ocr_par' dir='ltr' id='par_1_70' title="bbox 2809 789 3295 848">
     <span class='ocr_line' id='line_1_71' title="bbox 2809 789 3295 848; baseline -0.01 0"><span class='ocrx_word' id='word_1_483' title='bbox 2809 791 3144 848; x_wconf 83' lang='lat' dir='ltr'><strong>EPISTOLA</strong></span> <span class='ocrx_word' id='word_1_484' title='bbox 3181 789 3295 844; x_wconf 78' lang='lat' dir='ltr'><strong>XL.</strong></span> 
     </span>
    </p>
   </div>
   <div class='ocr_carea' id='block_1_71' title="bbox 2675 894 3430 943">
    <p class='ocr_par' dir='ltr' id='par_1_71' title="bbox 2675 894 3430 943">
     <span class='ocr_line' id='line_1_72' title="bbox 2675 894 3430 943; baseline -0.011 -1"><span class='ocrx_word' id='word_1_485' title='bbox 2675 900 2743 943; x_wconf 75' lang='grc' dir='ltr'><strong>Αἰ)</strong></span> <span class='ocrx_word' id='word_1_486' title='bbox 2780 898 3083 938; x_wconf 62' lang='lat' dir='ltr'><strong>VENANTIU!</strong></span> <span class='ocrx_word' id='word_1_487' title='bbox 3122 894 3430 936; x_wconf 69' lang='lat' dir='ltr'><strong>PATIICIUI.</strong></span> 
     </span>
    </p>
   </div>
   <div class='ocr_carea' id='block_1_72' title="bbox 2271 964 3766 1050">
    <p class='ocr_par' dir='ltr' id='par_1_72' title="bbox 2271 964 3766 1050">
     <span class='ocr_line' id='line_1_73' title="bbox 2271 964 3766 1050; baseline -0.008 -15"><span class='ocrx_word' id='word_1_488' title='bbox 2271 979 2501 1050; x_wconf 82' lang='lat' dir='ltr'><strong>Spondet</strong></span> <span class='ocrx_word' id='word_1_489' title='bbox 2530 993 2604 1043; x_wconf 74' lang='lat' dir='ltr'><strong>se,</strong></span> <span class='ocrx_word' id='word_1_490' title='bbox 2637 977 2720 1030; x_wconf 80' lang='lat' dir='ltr'><strong>ubi</strong></span> <span class='ocrx_word' id='word_1_491' title='bbox 2760 973 3091 1050; x_wconf 69' lang='lat' dir='ltr'><strong>convaluerit,</strong></span> <span class='ocrx_word' id='word_1_492' title='bbox 3125 973 3263 1050; x_wconf 70' lang='lat' dir='ltr'><strong>facta</strong></span> <span class='ocrx_word' id='word_1_493' title='bbox 3303 970 3529 1039; x_wconf 73' lang='lat' dir='ltr'><strong>qutedam</strong></span> <span class='ocrx_word' id='word_1_494' title='bbox 3566 964 3766 1023; x_wconf 68' lang='lat' dir='ltr'><strong>Samsonis</strong></span> 
     </span>
    </p>
   </div>
   <div class='ocr_carea' id='block_1_73' title="bbox 2721 1043 3389 1117">
    <p class='ocr_par' dir='ltr' id='par_1_73' title="bbox 2721 1043 3389 1117">
     <span class='ocr_line' id='line_1_74' title="bbox 2721 1043 3389 1117; baseline -0.007 -18"><span class='ocrx_word' id='word_1_495' title='bbox 2721 1046 2992 1117; x_wconf 81' lang='lat' dir='ltr'><strong>allegorice</strong></span> <span class='ocrx_word' id='word_1_496' title='bbox 3018 1043 3389 1114; x_wconf 73' lang='lat' dir='ltr'><strong>expositurum.</strong></span> 
     </span>
    </p>
   </div>
   <div class='ocr_carea' id='block_1_74' title="bbox 2340 1129 3639 1209">
    <p class='ocr_par' dir='ltr' id='par_1_74' title="bbox 2340 1129 3639 1209">
     <span class='ocr_line' id='line_1_75' title="bbox 2340 1129 3639 1209; baseline -0.011 -13"><span class='ocrx_word' id='word_1_497' title='bbox 2340 1139 2631 1209; x_wconf 84' lang='lat' dir='ltr'><strong>Gregorius</strong></span> <span class='ocrx_word' id='word_1_498' title='bbox 2660 1136 2682 1161; x_wconf 88' lang='lat'><strong>&#39;</strong></span> <span class='ocrx_word' id='word_1_499' title='bbox 2716 1135 2982 1192; x_wconf 85' lang='lat' dir='ltr'><strong>Venantio</strong></span> <span class='ocrx_word' id='word_1_500' title='bbox 3012 1132 3236 1203; x_wconf 89' lang='lat' dir='ltr'><strong>patricio</strong></span> <span class='ocrx_word' id='word_1_501' title='bbox 3268 1129 3639 1186; x_wconf 85' lang='lat' dir='ltr'><strong>Panormitano.</strong></span> 
     </span>
    </p>
   </div>
   <div class='ocr_carea' id='block_1_75' title="bbox 2344 1218 3768 1287">
    <p class='ocr_par' dir='ltr' id='par_1_75' title="bbox 2344 1218 3768 1287">
     <span class='ocr_line' id='line_1_76' title="bbox 2344 1218 3768 1287; baseline -0.012 -1"><span class='ocrx_word' id='word_1_502' title='bbox 2344 1228 2816 1287; x_wconf 71' lang='lat' dir='ltr'><strong>Desideratissimte</strong></span> <span class='ocrx_word' id='word_1_503' title='bbox 2832 1223 3164 1281; x_wconf 62' lang='lat' dir='ltr'><strong>excellentia</strong></span> <span class='ocrx_word' id='word_1_504' title='bbox 3179 1228 3367 1276; x_wconf 78' lang='lat' dir='ltr'><strong>vestra:</strong></span> <span class='ocrx_word' id='word_1_505' title='bbox 3393 1219 3576 1287; x_wconf 87' lang='lat' dir='ltr'><strong>scripta</strong></span> <span class='ocrx_word' id='word_1_506' title='bbox 3597 1218 3768 1285; x_wconf 83' lang='lat' dir='ltr'><strong>suscepi,</strong></span> 
     </span>
    </p>
   </div>
   <div class='ocr_carea' id='block_1_76' title="bbox 2270 1307 3769 1392">
    <p class='ocr_par' dir='ltr' id='par_1_76' title="bbox 2270 1307 3769 1392">
     <span class='ocr_line' id='line_1_77' title="bbox 2270 1307 3769 1392; baseline -0.011 -14"><span class='ocrx_word' id='word_1_507' title='bbox 2270 1324 2323 1378; x_wconf 89' lang='lat' dir='ltr'><strong>iu</strong></span> <span class='ocrx_word' id='word_1_508' title='bbox 2376 1322 2571 1392; x_wconf 86' lang='lat' dir='ltr'><strong>quibus</strong></span> <span class='ocrx_word' id='word_1_509' title='bbox 2617 1328 2818 1373; x_wconf 88' lang='lat' dir='ltr'><strong>tantum</strong></span> <span class='ocrx_word' id='word_1_510' title='bbox 2845 1317 2911 1370; x_wconf 90' lang='lat' dir='ltr'><strong>de</strong></span> <span class='ocrx_word' id='word_1_511' title='bbox 2956 1313 3197 1369; x_wconf 89' lang='lat' dir='ltr'><strong>absentis</strong></span> <span class='ocrx_word' id='word_1_512' title='bbox 3244 1309 3583 1365; x_wconf 81' lang='lat' dir='ltr'><strong>collocatione</strong></span> <span class='ocrx_word' id='word_1_513' title='bbox 3616 1307 3769 1378; x_wconf 79' lang='lat' dir='ltr'><strong>gavisus</strong></span> 
     </span>
    </p>
   </div>
   <div class='ocr_carea' id='block_1_77' title="bbox 2268 1398 3769 1482">
    <p class='ocr_par' dir='ltr' id='par_1_77' title="bbox 2268 1398 3769 1482">
     <span class='ocr_line' id='line_1_78' title="bbox 2268 1398 3769 1482; baseline -0.013 -14"><span class='ocrx_word' id='word_1_514' title='bbox 2268 1429 2407 1480; x_wconf 90' lang='lat' dir='ltr'><strong>sum,</strong></span> <span class='ocrx_word' id='word_1_515' title='bbox 2444 1420 2702 1482; x_wconf 89' lang='lat' dir='ltr'><strong>quantum</strong></span> <span class='ocrx_word' id='word_1_516' title='bbox 2753 1410 2923 1477; x_wconf 87' lang='lat' dir='ltr'><strong>ipsum</strong></span> <span class='ocrx_word' id='word_1_517' title='bbox 2963 1406 3053 1476; x_wconf 91' lang='lat' dir='ltr'><strong>qui</strong></span> <span class='ocrx_word' id='word_1_518' title='bbox 3082 1403 3293 1458; x_wconf 91' lang='lat' dir='ltr'><strong>locutus</strong></span> <span class='ocrx_word' id='word_1_519' title='bbox 3337 1409 3419 1455; x_wconf 91' lang='lat' dir='ltr'><strong>est</strong></span> <span class='ocrx_word' id='word_1_520' title='bbox 3458 1413 3645 1467; x_wconf 86' lang='lat' dir='ltr'><strong>semper</strong></span> <span class='ocrx_word' id='word_1_521' title='bbox 3679 1398 3769 1451; x_wconf 85' lang='lat' dir='ltr'><strong>mihi</strong></span> 
     </span>
    </p>
   </div>
   <div class='ocr_carea' id='block_1_78' title="bbox 2270 1490 3770 1575">
    <p class='ocr_par' dir='ltr' id='par_1_78' title="bbox 2270 1490 3770 1575">
     <span class='ocr_line' id='line_1_79' title="bbox 2270 1490 3770 1575; baseline -0.012 -14"><span class='ocrx_word' id='word_1_522' title='bbox 2270 1508 2427 1575; x_wconf 92' lang='lat' dir='ltr'><strong>cupio</strong></span> <span class='ocrx_word' id='word_1_523' title='bbox 2457 1520 2577 1560; x_wconf 83' lang='lat' dir='ltr'><strong>esse</strong></span> <span class='ocrx_word' id='word_1_524' title='bbox 2630 1510 2966 1572; x_wconf 64' lang='lat' dir='ltr'><strong>praesentem.</strong></span> <span class='ocrx_word' id='word_1_525' title='bbox 3001 1498 3176 1553; x_wconf 82' lang='lat' dir='ltr'><strong>Vultis</strong></span> <span class='ocrx_word' id='word_1_526' title='bbox 3223 1508 3351 1564; x_wconf 87' lang='lat' dir='ltr'><strong>ergo</strong></span> <span class='ocrx_word' id='word_1_527' title='bbox 3390 1502 3446 1546; x_wconf 91' lang='lat' dir='ltr'><strong>ut</strong></span> <span class='ocrx_word' id='word_1_528' title='bbox 3489 1491 3693 1559; x_wconf 65' lang='lat' dir='ltr'><strong>quaedam</strong></span> <span class='ocrx_word' id='word_1_529' title='bbox 3726 1490 3770 1543; x_wconf 82' lang='lat' dir='ltr'><strong>de</strong></span> 
     </span>
    </p>
   </div>
   <div class='ocr_carea' id='block_1_79' title="bbox 2270 1583 3766 1662">
    <p class='ocr_par' dir='ltr' id='par_1_79' title="bbox 2270 1583 3766 1662">
     <span class='ocr_line' id='line_1_80' title="bbox 2270 1583 3766 1662; baseline -0.015 -8"><span class='ocrx_word' id='word_1_530' title='bbox 2270 1598 2544 1655; x_wconf 90' lang='lat' dir='ltr'><strong>Samsonis</strong></span> <span class='ocrx_word' id='word_1_531' title='bbox 2588 1596 2743 1650; x_wconf 87' lang='lat' dir='ltr'><strong>factis</strong></span> <span class='ocrx_word' id='word_1_532' title='bbox 2791 1593 3074 1662; x_wconf 88' lang='lat' dir='ltr'><strong>allegorice</strong></span> <span class='ocrx_word' id='word_1_533' title='bbox 3129 1590 3488 1651; x_wconf 87' lang='lat' dir='ltr'><strong>disserantur,</strong></span> <span class='ocrx_word' id='word_1_534' title='bbox 3534 1583 3617 1637; x_wconf 89' lang='lat' dir='ltr'><strong>sed</strong></span> <span class='ocrx_word' id='word_1_535' title='bbox 3669 1592 3766 1634; x_wconf 87' lang='lat' dir='ltr'><strong>tanta</strong></span> 
     </span>
    </p>
   </div>
   <div class='ocr_carea' id='block_1_80' title="bbox 2271 1667 3766 1752">
    <p class='ocr_par' dir='ltr' id='par_1_80' title="bbox 2271 1667 3766 1752">
     <span class='ocr_line' id='line_1_81' title="bbox 2271 1667 3766 1752; baseline -0.015 -8"><span class='ocrx_word' id='word_1_536' title='bbox 2271 1688 2399 1744; x_wconf 88' lang='lat' dir='ltr'><strong>mihi</strong></span> <span class='ocrx_word' id='word_1_537' title='bbox 2426 1686 2671 1742; x_wconf 73' lang='lat' dir='ltr'><strong>debilitas</strong></span> <span class='ocrx_word' id='word_1_538' title='bbox 2699 1683 2939 1752; x_wconf 87' lang='lat' dir='ltr'><strong>corporis</strong></span> <span class='ocrx_word' id='word_1_539' title='bbox 2967 1678 3181 1743; x_wconf 89' lang='lat' dir='ltr'><strong>accidit,</strong></span> <span class='ocrx_word' id='word_1_540' title='bbox 3213 1686 3271 1729; x_wconf 90' lang='lat' dir='ltr'><strong>ut</strong></span> <span class='ocrx_word' id='word_1_541' title='bbox 3300 1676 3344 1728; x_wconf 89' lang='lat' dir='ltr'><strong>si</strong></span> <span class='ocrx_word' id='word_1_542' title='bbox 3370 1688 3468 1743; x_wconf 89' lang='lat' dir='ltr'><strong>qua</strong></span> <span class='ocrx_word' id='word_1_543' title='bbox 3492 1667 3684 1726; x_wconf 77' lang='lat' dir='ltr'><strong>subireb</strong></span> <span class='ocrx_word' id='word_1_544' title='bbox 3702 1685 3766 1722; x_wconf 83' lang='lat' dir='ltr'><strong>va-</strong></span> 
     </span>
    </p>
   </div>
   <div class='ocr_carea' id='block_1_81' title="bbox 2273 1762 3769 1843">
    <p class='ocr_par' dir='ltr' id='par_1_81' title="bbox 2273 1762 3769 1843">
     <span class='ocr_line' id='line_1_82' title="bbox 2273 1762 3769 1843; baseline -0.015 -9"><span class='ocrx_word' id='word_1_545' title='bbox 2273 1779 2484 1843; x_wconf 90' lang='lat' dir='ltr'><strong>luerim,</strong></span> <span class='ocrx_word' id='word_1_546' title='bbox 2512 1791 2766 1832; x_wconf 85' lang='lat' dir='ltr'><strong>exercere</strong></span> <span class='ocrx_word' id='word_1_547' title='bbox 2792 1775 2999 1828; x_wconf 90' lang='lat' dir='ltr'><strong>animus</strong></span> <span class='ocrx_word' id='word_1_548' title='bbox 3050 1785 3155 1825; x_wconf 90' lang='lat' dir='ltr'><strong>non</strong></span> <span class='ocrx_word' id='word_1_549' title='bbox 3201 1773 3461 1833; x_wconf 82' lang='lat' dir='ltr'><strong>assurgat.</strong></span> <span class='ocrx_word' id='word_1_550' title='bbox 3495 1762 3623 1816; x_wconf 90' lang='lat' dir='ltr'><strong>Bono</strong></span> <span class='ocrx_word' id='word_1_551' title='bbox 3643 1771 3769 1814; x_wconf 77' lang='lat' dir='ltr'><strong>autem</strong></span> 
     </span>
    </p>
   </div>
   <div class='ocr_carea' id='block_1_82' title="bbox 2277 1854 3767 1934">
    <p class='ocr_par' dir='ltr' id='par_1_82' title="bbox 2277 1854 3767 1934">
     <span class='ocr_line' id='line_1_83' title="bbox 2277 1854 3767 1934; baseline -0.016 -9"><span class='ocrx_word' id='word_1_552' title='bbox 2277 1869 2543 1926; x_wconf 84' lang='lat' dir='ltr'><strong>desiderio</strong></span> <span class='ocrx_word' id='word_1_553' title='bbox 2570 1877 2746 1922; x_wconf 87' lang='lat' dir='ltr'><strong>vestro</strong></span> <span class='ocrx_word' id='word_1_554' title='bbox 2771 1863 3101 1934; x_wconf 87' lang='lat' dir='ltr'><strong>congaudeo,</strong></span> <span class='ocrx_word' id='word_1_555' title='bbox 3130 1861 3253 1930; x_wconf 91' lang='lat' dir='ltr'><strong>quia</strong></span> <span class='ocrx_word' id='word_1_556' title='bbox 3286 1858 3409 1911; x_wconf 91' lang='lat' dir='ltr'><strong>dum</strong></span> <span class='ocrx_word' id='word_1_557' title='bbox 3454 1854 3767 1923; x_wconf 83' lang='lat' dir='ltr'><strong>expositionem</strong></span> 
     </span>
    </p>
   </div>
   <div class='ocr_carea' id='block_1_83' title="bbox 2284 1944 3773 2022">
    <p class='ocr_par' dir='ltr' id='par_1_83' title="bbox 2284 1944 3773 2022">
     <span class='ocr_line' id='line_1_84' title="bbox 2284 1944 3773 2022; baseline -0.017 -5"><span class='ocrx_word' id='word_1_558' title='bbox 2284 1974 2560 2017; x_wconf 89' lang='lat' dir='ltr'><strong>sacrorum</strong></span> <span class='ocrx_word' id='word_1_559' title='bbox 2590 1959 2873 2012; x_wconf 89' lang='lat' dir='ltr'><strong>verborum</strong></span> <span class='ocrx_word' id='word_1_560' title='bbox 2901 1951 3126 2022; x_wconf 90' lang='lat' dir='ltr'><strong>cupitis,</strong></span> <span class='ocrx_word' id='word_1_561' title='bbox 3157 1963 3317 2019; x_wconf 87' lang='lat' dir='ltr'><strong>quam</strong></span> <span class='ocrx_word' id='word_1_562' title='bbox 3348 1945 3521 2001; x_wconf 87' lang='lat' dir='ltr'><strong>stricte</strong></span> <span class='ocrx_word' id='word_1_563' title='bbox 3548 1944 3688 2014; x_wconf 89' lang='lat' dir='ltr'><strong>ipsum</strong></span> <span class='ocrx_word' id='word_1_564' title='bbox 3707 1956 3773 1993; x_wconf 83' lang='lat' dir='ltr'><strong>au-</strong></span> 
     </span>
    </p>
   </div>
   <div class='ocr_carea' id='block_1_84' title="bbox 2278 2032 3769 2110">
    <p class='ocr_par' dir='ltr' id='par_1_84' title="bbox 2278 2032 3769 2110">
     <span class='ocr_line' id='line_1_85' title="bbox 2278 2032 3769 2110; baseline -0.018 0"><span class='ocrx_word' id='word_1_565' title='bbox 2278 2066 2479 2110; x_wconf 76' lang='lat' dir='ltr'><strong>Ctorem</strong></span> <span class='ocrx_word' id='word_1_566' title='bbox 2510 2049 2818 2107; x_wconf 84' lang='lat' dir='ltr'><strong>earumdem</strong></span> <span class='ocrx_word' id='word_1_567' title='bbox 2843 2046 3125 2101; x_wconf 89' lang='lat' dir='ltr'><strong>verborum</strong></span> <span class='ocrx_word' id='word_1_568' title='bbox 3171 2038 3411 2110; x_wconf 77' lang='lat' dir='ltr'><strong>quzeritis</strong></span> <span class='ocrx_word' id='word_1_569' title='bbox 3450 2032 3769 2090; x_wconf 76' lang='lat' dir='ltr'><strong>demonstratis.</strong></span> 
     </span>
    </p>
   </div>
   <div class='ocr_carea' id='block_1_85' title="bbox 2279 2126 3770 2215">
    <p class='ocr_par' dir='ltr' id='par_1_85' title="bbox 2279 2126 3770 2215">
     <span class='ocr_line' id='line_1_86' title="bbox 2279 2126 3770 2215; baseline -0.019 -14"><span class='ocrx_word' id='word_1_570' title='bbox 2279 2148 2335 2202; x_wconf 91' lang='lat' dir='ltr'><strong>Si</strong></span> <span class='ocrx_word' id='word_1_571' title='bbox 2369 2146 2526 2215; x_wconf 83' lang='lat' dir='ltr'><strong>igitur</strong></span> <span class='ocrx_word' id='word_1_572' title='bbox 2557 2144 2699 2196; x_wconf 87' lang='lat' dir='ltr'><strong>vires</strong></span> <span class='ocrx_word' id='word_1_573' title='bbox 2721 2139 2906 2194; x_wconf 81' lang='lat' dir='ltr'><strong>salutis</strong></span> <span class='ocrx_word' id='word_1_574' title='bbox 2939 2148 3213 2203; x_wconf 91' lang='lat' dir='ltr'><strong>recepero,</strong></span> <span class='ocrx_word' id='word_1_575' title='bbox 3247 2142 3461 2184; x_wconf 89' lang='lat' dir='ltr'><strong>auctore</strong></span> <span class='ocrx_word' id='word_1_576' title='bbox 3484 2126 3770 2191; x_wconf 86' lang='lat' dir='ltr'><strong>omnipotente</strong></span> 
     </span>
    </p>
   </div>
   <div class='ocr_carea' id='block_1_86' title="bbox 2280 2213 3769 2292">
    <p class='ocr_par' dir='ltr' id='par_1_86' title="bbox 2280 2213 3769 2292">
     <span class='ocr_line' id='line_1_87' title="bbox 2280 2213 3769 2292; baseline -0.02 0"><span class='ocrx_word' id='word_1_577' title='bbox 2280 2213 2506 2292; x_wconf 81' lang='lat' dir='ltr'><strong>Domino</strong></span> <span class='ocrx_word' id='word_1_578' title='bbox 2538 2231 2727 2288; x_wconf 87' lang='lat' dir='ltr'><strong>vestris</strong></span> <span class='ocrx_word' id='word_1_579' title='bbox 2756 2226 3037 2285; x_wconf 91' lang='lat' dir='ltr'><strong>desideriis</strong></span> <span class='ocrx_word' id='word_1_580' title='bbox 3068 2222 3291 2292; x_wconf 90' lang='lat' dir='ltr'><strong>parebo.</strong></span> <span class='ocrx_word' id='word_1_581' title='bbox 3325 2221 3429 2274; x_wconf 84' lang='lat' dir='ltr'><strong>Uro</strong></span> <span class='ocrx_word' id='word_1_582' title='bbox 3473 2228 3628 2270; x_wconf 82' lang='lat' dir='ltr'><strong>autem</strong></span> <span class='ocrx_word' id='word_1_583' title='bbox 3662 2222 3704 2265; x_wconf 89' lang='lat' dir='ltr'><strong>ut</strong></span> <span class='ocrx_word' id='word_1_584' title='bbox 3737 2213 3769 2263; x_wconf 92' lang='lat' dir='ltr'><strong>in</strong></span> 
     </span>
    </p>
   </div>
   <div class='ocr_carea' id='block_1_87' title="bbox 2280 2301 3764 2387">
    <p class='ocr_par' dir='ltr' id='par_1_87' title="bbox 2280 2301 3764 2387">
     <span class='ocr_line' id='line_1_88' title="bbox 2280 2301 3764 2387; baseline -0.022 -1"><span class='ocrx_word' id='word_1_585' title='bbox 2280 2328 2486 2386; x_wconf 85' lang='lat' dir='ltr'><strong>cunctis</strong></span> <span class='ocrx_word' id='word_1_586' title='bbox 2516 2322 2721 2379; x_wconf 88' lang='lat' dir='ltr'><strong>actibus</strong></span> <span class='ocrx_word' id='word_1_587' title='bbox 2749 2318 2940 2375; x_wconf 84' lang='lat' dir='ltr'><strong>vestris</strong></span> <span class='ocrx_word' id='word_1_588' title='bbox 2970 2315 3137 2387; x_wconf 79' lang='lat' dir='ltr'><strong>gratia</strong></span> <span class='ocrx_word' id='word_1_589' title='bbox 3169 2327 3268 2367; x_wconf 82' lang='lat' dir='ltr'><strong>vos</strong></span> <span class='ocrx_word' id='word_1_590' title='bbox 3298 2322 3519 2378; x_wconf 90' lang='lat' dir='ltr'><strong>superna</strong></span> <span class='ocrx_word' id='word_1_591' title='bbox 3540 2301 3764 2361; x_wconf 79' lang='lat' dir='ltr'><strong>custodiat,</strong></span> 
     </span>
    </p>
   </div>
   <div class='ocr_carea' id='block_1_88' title="bbox 2281 2396 3771 2493">
    <p class='ocr_par' dir='ltr' id='par_1_88' title="bbox 2281 2396 3771 2493">
     <span class='ocr_line' id='line_1_89' title="bbox 2281 2396 3771 2493; baseline -0.021 -17"><span class='ocrx_word' id='word_1_592' title='bbox 2281 2431 2540 2493; x_wconf 88' lang='lat' dir='ltr'><strong>quatenus</strong></span> <span class='ocrx_word' id='word_1_593' title='bbox 2568 2418 2620 2471; x_wconf 92' lang='lat' dir='ltr'><strong>in</strong></span> <span class='ocrx_word' id='word_1_594' title='bbox 2644 2416 2785 2469; x_wconf 91' lang='lat' dir='ltr'><strong>bono</strong></span> <span class='ocrx_word' id='word_1_595' title='bbox 2817 2425 2980 2479; x_wconf 88' lang='lat' dir='ltr'><strong>apere</strong></span> <span class='ocrx_word' id='word_1_596' title='bbox 3006 2417 3060 2463; x_wconf 89' lang='lat' dir='ltr'><strong>et</strong></span> <span class='ocrx_word' id='word_1_597' title='bbox 3086 2403 3378 2475; x_wconf 82' lang='lat' dir='ltr'><strong>aspirando</strong></span> <span class='ocrx_word' id='word_1_598' title='bbox 3399 2416 3488 2456; x_wconf 90' lang='lat' dir='ltr'><strong>vos</strong></span> <span class='ocrx_word' id='word_1_599' title='bbox 3519 2396 3704 2466; x_wconf 88' lang='lat' dir='ltr'><strong>repleat,</strong></span> <span class='ocrx_word' id='word_1_600' title='bbox 3737 2398 3771 2444; x_wconf 89' lang='lat' dir='ltr'><strong>et</strong></span> 
     </span>
    </p>
   </div>
   <div class='ocr_carea' id='block_1_89' title="bbox 2282 2505 2899 2582">
    <p class='ocr_par' dir='ltr' id='par_1_89' title="bbox 2282 2505 2899 2582">
     <span class='ocr_line' id='line_1_90' title="bbox 2282 2505 2899 2582; baseline -0.018 -15"><span class='ocrx_word' id='word_1_601' title='bbox 2282 2509 2584 2582; x_wconf 87' lang='lat' dir='ltr'><strong>adjuvando</strong></span> <span class='ocrx_word' id='word_1_602' title='bbox 2613 2505 2899 2563; x_wconf 88' lang='lat' dir='ltr'><strong>confortet.</strong></span> 
     </span>
    </p>
   </div>
   <div class='ocr_carea' id='block_1_90' title="bbox 2812 2585 3326 2649">
    <p class='ocr_par' dir='ltr' id='par_1_90' title="bbox 2812 2585 3326 2649">
     <span class='ocr_line' id='line_1_91' title="bbox 2812 2585 3326 2649; baseline -0.016 0"><span class='ocrx_word' id='word_1_603' title='bbox 2812 2589 3141 2649; x_wconf 74' lang='lat' dir='ltr'><strong>EPISTOLA</strong></span> <span class='ocrx_word' id='word_1_604' title='bbox 3182 2585 3326 2643; x_wconf 80' lang='lat' dir='ltr'><strong>XLI.</strong></span> 
     </span>
    </p>
   </div>
   <div class='ocr_carea' id='block_1_91' title="bbox 2664 2688 3485 2742">
    <p class='ocr_par' dir='ltr' id='par_1_91' title="bbox 2664 2688 3485 2742">
     <span class='ocr_line' id='line_1_92' title="bbox 2664 2688 3485 2742; baseline -0.018 0"><span class='ocrx_word' id='word_1_605' title='bbox 2664 2703 2731 2742; x_wconf 67' lang='lat' dir='ltr'><strong>AD</strong></span> <span class='ocrx_word' id='word_1_606' title='bbox 2770 2696 3153 2739; x_wconf 68' lang='grc' dir='ltr'><strong>ΡΑΝΤΑΙιΕΟΜΞΜ</strong></span> <span class='ocrx_word' id='word_1_607' title='bbox 3192 2688 3485 2732; x_wconf 65' lang='grc' dir='ltr'>κοτλιιιωι.</span> 
     </span>
    </p>
   </div>
   <div class='ocr_carea' id='block_1_92' title="bbox 2282 2751 3773 2847">
    <p class='ocr_par' dir='ltr' id='par_1_92' title="bbox 2282 2751 3773 2847">
     <span class='ocr_line' id='line_1_93' title="bbox 2282 2751 3773 2847; baseline -0.019 -7"><span class='ocrx_word' id='word_1_608' title='bbox 2282 2784 2362 2839; x_wconf 86' lang='lat' dir='ltr'><strong>De</strong></span> <span class='ocrx_word' id='word_1_609' title='bbox 2386 2780 2735 2839; x_wconf 79' lang='lat' dir='ltr'><strong>Ecclesiarum</strong></span> <span class='ocrx_word' id='word_1_610' title='bbox 2758 2774 3095 2847; x_wconf 69' lang='lat' dir='ltr'><strong>quarumdam</strong></span> <span class='ocrx_word' id='word_1_611' title='bbox 3113 2766 3466 2847; x_wconf 58' lang='lat' dir='ltr'><strong>superstitibus</strong></span> <span class='ocrx_word' id='word_1_612' title='bbox 3481 2770 3575 2814; x_wconf 80' lang='lat' dir='ltr'><strong>tum</strong></span> <span class='ocrx_word' id='word_1_613' title='bbox 3596 2751 3773 2827; x_wconf 57' lang='lat' dir='ltr'><strong>pecuniis.</strong></span> 
     </span>
    </p>
   </div>
   <div class='ocr_carea' id='block_1_93' title="bbox 2660 2837 3491 2908">
    <p class='ocr_par' dir='ltr' id='par_1_93' title="bbox 2660 2837 3491 2908">
     <span class='ocr_line' id='line_1_94' title="bbox 2660 2837 3491 2908; baseline -0.02 -4"><span class='ocrx_word' id='word_1_614' title='bbox 2660 2837 2780 2904; x_wconf 41' lang='lat' dir='ltr'><strong>tum.</strong></span> <span class='ocrx_word' id='word_1_615' title='bbox 2799 2844 3017 2908; x_wconf 80' lang='lat' dir='ltr'><strong>clericis,</strong></span> <span class='ocrx_word' id='word_1_616' title='bbox 3050 2854 3155 2896; x_wconf 86' lang='lat' dir='ltr'><strong>tum</strong></span> <span class='ocrx_word' id='word_1_617' title='bbox 3177 2837 3337 2892; x_wconf 74' lang='lat' dir='ltr'><strong>rebus</strong></span> <span class='ocrx_word' id='word_1_618' title='bbox 3359 2837 3491 2890; x_wconf 76' lang='lat' dir='ltr'><strong>aliis.</strong></span> 
     </span>
    </p>
   </div>
   <div class='ocr_carea' id='block_1_94' title="bbox 2355 2933 3242 3013">
    <p class='ocr_par' dir='ltr' id='par_1_94' title="bbox 2355 2933 3242 3013">
     <span class='ocr_line' id='line_1_95' title="bbox 2355 2933 3242 3013; baseline -0.019 -13"><span class='ocrx_word' id='word_1_619' title='bbox 2355 2942 2644 3013; x_wconf 83' lang='lat' dir='ltr'><strong>Gregorius</strong></span> <span class='ocrx_word' id='word_1_620' title='bbox 2676 2935 2986 2995; x_wconf 85' lang='lat' dir='ltr'><strong>Pantaleoni</strong></span> <span class='ocrx_word' id='word_1_621' title='bbox 3014 2933 3242 2989; x_wconf 88' lang='lat' dir='ltr'><strong>notario.</strong></span> 
     </span>
    </p>
   </div>
   <div class='ocr_carea' id='block_1_95' title="bbox 2355 3011 3777 3105">
    <p class='ocr_par' dir='ltr' id='par_1_95' title="bbox 2355 3011 3777 3105">
     <span class='ocr_line' id='line_1_96' title="bbox 2355 3011 3777 3105; baseline -0.029 -10"><span class='ocrx_word' id='word_1_622' title='bbox 2355 3011 2812 3105; x_wconf 77' lang='lat' dir='ltr'><strong>Exspectabamus</strong></span> <span class='ocrx_word' id='word_1_623' title='bbox 2842 3038 2898 3083; x_wconf 92' lang='lat' dir='ltr'><strong>ut</strong></span> <span class='ocrx_word' id='word_1_624' title='bbox 2928 3042 3026 3081; x_wconf 92' lang='lat' dir='ltr'><strong>nos</strong></span> <span class='ocrx_word' id='word_1_625' title='bbox 3049 3020 3388 3094; x_wconf 81' lang='lat' dir='ltr'><strong>experientia</strong></span> <span class='ocrx_word' id='word_1_626' title='bbox 3415 3025 3498 3070; x_wconf 88' lang='lat' dir='ltr'><strong>tua</strong></span> <span class='ocrx_word' id='word_1_627' title='bbox 3525 3011 3584 3067; x_wconf 89' lang='lat' dir='ltr'><strong>de</strong></span> <span class='ocrx_word' id='word_1_628' title='bbox 3617 3012 3777 3103; x_wconf 73' lang='lat' dir='ltr'><strong>argettto</strong></span> 
     </span>
    </p>
   </div>
   <div class='ocr_carea' id='block_1_96' title="bbox 2288 3104 3774 3189">
    <p class='ocr_par' dir='ltr' id='par_1_96' title="bbox 2288 3104 3774 3189">
     <span class='ocr_line' id='line_1_97' title="bbox 2288 3104 3774 3189; baseline -0.021 -6"><span class='ocrx_word' id='word_1_629' title='bbox 2288 3104 2668 3189; x_wconf 80' lang='lat' dir='ltr'><strong>Ecclesiarum,</strong></span> <span class='ocrx_word' id='word_1_630' title='bbox 2719 3121 2801 3176; x_wconf 85' lang='lat' dir='ltr'><strong>vel</strong></span> <span class='ocrx_word' id='word_1_631' title='bbox 2835 3119 2951 3174; x_wconf 86' lang='lat' dir='ltr'><strong>aliis</strong></span> <span class='ocrx_word' id='word_1_632' title='bbox 2983 3130 3114 3187; x_wconf 88' lang='lat' dir='ltr'><strong>quas</strong></span> <span class='ocrx_word' id='word_1_633' title='bbox 3148 3109 3356 3167; x_wconf 87' lang='lat' dir='ltr'><strong>invenit</strong></span> <span class='ocrx_word' id='word_1_634' title='bbox 3407 3104 3574 3166; x_wconf 88' lang='lat' dir='ltr'><strong>rebus,</strong></span> <span class='ocrx_word' id='word_1_635' title='bbox 3616 3106 3774 3189; x_wconf 68' lang='lat' dir='ltr'><strong>amomo</strong></span> 
     </span>
    </p>
   </div>
   <div class='ocr_carea' id='block_1_97' title="bbox 2212 3186 3777 3275">
    <p class='ocr_par' dir='ltr' id='par_1_97' title="bbox 2212 3186 3777 3275">
     <span class='ocr_line' id='line_1_98' title="bbox 2212 3186 3777 3275; baseline -0.024 1"><span class='ocrx_word' id='word_1_636' title='bbox 2212 3201 2259 3263; x_wconf 67' lang='grc' dir='ltr'>Ε</span> <span class='ocrx_word' id='word_1_637' title='bbox 2289 3220 2552 3275; x_wconf 89' lang='lat' dir='ltr'><strong>subtiliter</strong></span> <span class='ocrx_word' id='word_1_638' title='bbox 2578 3215 2827 3272; x_wconf 89' lang='lat' dir='ltr'><strong>redderet</strong></span> <span class='ocrx_word' id='word_1_639' title='bbox 2854 3210 3134 3273; x_wconf 91' lang='lat' dir='ltr'><strong>certiores,</strong></span> <span class='ocrx_word' id='word_1_640' title='bbox 3154 3214 3213 3261; x_wconf 90' lang='lat' dir='ltr'><strong>ut</strong></span> <span class='ocrx_word' id='word_1_641' title='bbox 3242 3220 3313 3258; x_wconf 84' lang='lat' dir='ltr'><strong>ex</strong></span> <span class='ocrx_word' id='word_1_642' title='bbox 3343 3202 3453 3270; x_wconf 88' lang='lat' dir='ltr'><strong>ejus</strong></span> <span class='ocrx_word' id='word_1_643' title='bbox 3474 3186 3777 3251; x_wconf 82' lang='lat' dir='ltr'><strong>renuntiatione</strong></span> 
     </span>
    </p>
   </div>
   <div class='ocr_carea' id='block_1_98' title="bbox 2286 3284 3778 3381">
    <p class='ocr_par' dir='ltr' id='par_1_98' title="bbox 2286 3284 3778 3381">
     <span class='ocr_line' id='line_1_99' title="bbox 2286 3284 3778 3381; baseline -0.026 -15"><span class='ocrx_word' id='word_1_644' title='bbox 2286 3310 2430 3381; x_wconf 90' lang='lat' dir='ltr'><strong>quod</strong></span> <span class='ocrx_word' id='word_1_645' title='bbox 2459 3308 2571 3363; x_wconf 86' lang='lat' dir='ltr'><strong>fieri</strong></span> <span class='ocrx_word' id='word_1_646' title='bbox 2595 3305 2866 3362; x_wconf 86' lang='lat' dir='ltr'><strong>debuisset</strong></span> <span class='ocrx_word' id='word_1_647' title='bbox 2881 3300 3181 3356; x_wconf 86' lang='lat' dir='ltr'><strong>deliberare</strong></span> <span class='ocrx_word' id='word_1_648' title='bbox 3202 3292 3459 3348; x_wconf 90' lang='lat' dir='ltr'><strong>minutius</strong></span> <span class='ocrx_word' id='word_1_649' title='bbox 3482 3284 3778 3381; x_wconf 74' lang='lat' dir='ltr'><strong>potuissemus.</strong></span> 
     </span>
    </p>
   </div>
   <div class='ocr_carea' id='block_1_99' title="bbox 2290 3371 3780 3457">
    <p class='ocr_par' dir='ltr' id='par_1_99' title="bbox 2290 3371 3780 3457">
     <span class='ocr_line' id='line_1_100' title="bbox 2290 3371 3780 3457; baseline -0.028 0"><span class='ocrx_word' id='word_1_650' title='bbox 2290 3371 2397 3457; x_wconf 63' lang='lat' dir='ltr'><strong>écd</strong></span> <span class='ocrx_word' id='word_1_651' title='bbox 2446 3414 2552 3453; x_wconf 87' lang='lat' dir='ltr'><strong>non</strong></span> <span class='ocrx_word' id='word_1_652' title='bbox 2594 3412 2692 3451; x_wconf 90' lang='lat' dir='ltr'><strong>nos</strong></span> <span class='ocrx_word' id='word_1_653' title='bbox 2738 3396 2808 3449; x_wconf 90' lang='lat' dir='ltr'><strong>ita</strong></span> <span class='ocrx_word' id='word_1_654' title='bbox 2838 3388 3161 3449; x_wconf 90' lang='lat' dir='ltr'><strong>renuntiatio</strong></span> <span class='ocrx_word' id='word_1_655' title='bbox 3213 3394 3309 3439; x_wconf 88' lang='lat' dir='ltr'><strong>tua</strong></span> <span class='ocrx_word' id='word_1_656' title='bbox 3362 3390 3418 3437; x_wconf 91' lang='lat' dir='ltr'><strong>ut</strong></span> <span class='ocrx_word' id='word_1_657' title='bbox 3460 3371 3694 3447; x_wconf 87' lang='lat' dir='ltr'><strong>oportebat</strong></span> <span class='ocrx_word' id='word_1_658' title='bbox 3728 3371 3780 3416; x_wconf 87' lang='lat' dir='ltr'><strong>tn-</strong></span> 
     </span>
    </p>
   </div>
   <div class='ocr_carea' id='block_1_100' title="bbox 2290 3460 3781 3555">
    <p class='ocr_par' dir='ltr' id='par_1_100' title="bbox 2290 3460 3781 3555">
     <span class='ocr_line' id='line_1_101' title="bbox 2290 3460 3781 3555; baseline -0.027 -9"><span class='ocrx_word' id='word_1_659' title='bbox 2290 3489 2506 3546; x_wconf 75' lang='lat' dir='ltr'><strong>struxit.</strong></span> <span class='ocrx_word' id='word_1_660' title='bbox 2535 3486 2692 3543; x_wconf 65' lang='lat' dir='ltr'><strong>Cura:</strong></span> <span class='ocrx_word' id='word_1_661' title='bbox 2722 3498 2849 3555; x_wconf 86' lang='lat' dir='ltr'><strong>ergo</strong></span> <span class='ocrx_word' id='word_1_662' title='bbox 2877 3491 2984 3538; x_wconf 71' lang='lat' dir='ltr'><strong>tua:</strong></span> <span class='ocrx_word' id='word_1_663' title='bbox 3005 3480 3074 3534; x_wconf 89' lang='lat' dir='ltr'><strong>sit</strong></span> <span class='ocrx_word' id='word_1_664' title='bbox 3095 3486 3151 3532; x_wconf 93' lang='lat' dir='ltr'><strong>ut</strong></span> <span class='ocrx_word' id='word_1_665' title='bbox 3171 3480 3456 3545; x_wconf 82' lang='lat' dir='ltr'><strong>argentum</strong></span> <span class='ocrx_word' id='word_1_666' title='bbox 3482 3460 3781 3555; x_wconf 32' lang='lat' dir='ltr'><strong>Ecclesia-rum,</strong></span> 
     </span>
    </p>
   </div>
   <div class='ocr_carea' id='block_1_101' title="bbox 2291 3548 3779 3653">
    <p class='ocr_par' dir='ltr' id='par_1_101' title="bbox 2291 3548 3779 3653">
     <span class='ocr_line' id='line_1_102' title="bbox 2291 3548 3779 3653; baseline -0.022 -14"><span class='ocrx_word' id='word_1_667' title='bbox 2291 3584 2430 3653; x_wconf 88' lang='lat' dir='ltr'><strong>quod</strong></span> <span class='ocrx_word' id='word_1_668' title='bbox 2458 3582 2634 3636; x_wconf 89' lang='lat' dir='ltr'><strong>clerus</strong></span> <span class='ocrx_word' id='word_1_669' title='bbox 2663 3588 2717 3635; x_wconf 92' lang='lat' dir='ltr'><strong>et</strong></span> <span class='ocrx_word' id='word_1_670' title='bbox 2746 3548 2971 3648; x_wconf 75' lang='lat' dir='ltr'><strong>populus</strong></span> <span class='ocrx_word' id='word_1_671' title='bbox 2994 3572 3173 3636; x_wconf 86' lang='lat' dir='ltr'><strong>habet,</strong></span> <span class='ocrx_word' id='word_1_672' title='bbox 3207 3567 3355 3638; x_wconf 88' lang='lat' dir='ltr'><strong>apud</strong></span> <span class='ocrx_word' id='word_1_673' title='bbox 3380 3576 3507 3635; x_wconf 91' lang='lat' dir='ltr'><strong>quos</strong></span> <span class='ocrx_word' id='word_1_674' title='bbox 3527 3548 3779 3653; x_wconf 38' lang='lat' dir='ltr'><strong>praesidetis</strong></span> 
     </span>
    </p>
   </div>
   <div class='ocr_carea' id='block_1_102' title="bbox 2293 3646 3781 3731">
    <p class='ocr_par' dir='ltr' id='par_1_102' title="bbox 2293 3646 3781 3731">
     <span class='ocr_line' id='line_1_103' title="bbox 2293 3646 3781 3731; baseline -0.024 0"><span class='ocrx_word' id='word_1_675' title='bbox 2293 3646 2349 3731; x_wconf 72' lang='lat' dir='ltr'><strong>in</strong></span> <span class='ocrx_word' id='word_1_676' title='bbox 2374 3684 2400 3712; x_wconf 82' lang='grc' dir='ltr'><strong>ι</strong></span> <span class='ocrx_word' id='word_1_677' title='bbox 2429 3646 2780 3729; x_wconf 82' lang='lat' dir='ltr'><strong>cimiliarchio</strong></span> <span class='ocrx_word' id='word_1_678' title='bbox 2808 3666 3051 3725; x_wconf 72' lang='lat' dir='ltr'><strong>ecclesia:</strong></span> <span class='ocrx_word' id='word_1_679' title='bbox 3079 3662 3179 3718; x_wconf 91' lang='lat' dir='ltr'><strong>sub</strong></span> <span class='ocrx_word' id='word_1_680' title='bbox 3207 3658 3361 3715; x_wconf 81' lang='lat' dir='ltr'><strong>omni</strong></span> <span class='ocrx_word' id='word_1_681' title='bbox 3388 3646 3698 3711; x_wconf 85' lang='lat' dir='ltr'><strong>sollicitudine</strong></span> <span class='ocrx_word' id='word_1_682' title='bbox 3728 3648 3781 3731; x_wconf 68' lang='lat' dir='ltr'><strong>at-</strong></span> 
     </span>
    </p>
   </div>
   <div class='ocr_carea' id='block_1_103' title="bbox 2293 3728 3783 3837">
    <p class='ocr_par' dir='ltr' id='par_1_103' title="bbox 2293 3728 3783 3837">
     <span class='ocr_line' id='line_1_104' title="bbox 2293 3728 3783 3837; baseline -0.039 1"><span class='ocrx_word' id='word_1_683' title='bbox 2293 3728 2401 3837; x_wconf 52' lang='lat' dir='ltr'><strong>fille</strong></span> <span class='ocrx_word' id='word_1_684' title='bbox 2427 3728 2635 3820; x_wconf 48' lang='lat' dir='ltr'><strong>saulela</strong></span> <span class='ocrx_word' id='word_1_685' title='bbox 2663 3763 2923 3832; x_wconf 89' lang='lat' dir='ltr'><strong>deponas,</strong></span> <span class='ocrx_word' id='word_1_686' title='bbox 2954 3768 3114 3826; x_wconf 90' lang='lat' dir='ltr'><strong>atque</strong></span> <span class='ocrx_word' id='word_1_687' title='bbox 3146 3755 3215 3809; x_wconf 90' lang='lat' dir='ltr'><strong>de</strong></span> <span class='ocrx_word' id='word_1_688' title='bbox 3242 3750 3436 3807; x_wconf 90' lang='lat' dir='ltr'><strong>eodem</strong></span> <span class='ocrx_word' id='word_1_689' title='bbox 3464 3740 3672 3837; x_wconf 78' lang='lat' dir='ltr'><strong>deposito</strong></span> <span class='ocrx_word' id='word_1_690' title='bbox 3700 3728 3783 3786; x_wconf 88' lang='lat' dir='ltr'><strong>inde</strong></span> 
     </span>
    </p>
   </div>
   <div class='ocr_carea' id='block_1_104' title="bbox 2294 3830 3780 3930">
    <p class='ocr_par' dir='ltr' id='par_1_104' title="bbox 2294 3830 3780 3930">
     <span class='ocr_line' id='line_1_105' title="bbox 2294 3830 3780 3930; baseline -0.028 -13"><span class='ocrx_word' id='word_1_691' title='bbox 2294 3830 2601 3930; x_wconf 69' lang='lat' dir='ltr'><strong>susceptum</strong></span> <span class='ocrx_word' id='word_1_692' title='bbox 2650 3830 2901 3923; x_wconf 81' lang='lat' dir='ltr'><strong>accipias.</strong></span> <span class='ocrx_word' id='word_1_693' title='bbox 2952 3853 3247 3921; x_wconf 82' lang='lat' dir='ltr'><strong>Argentum</strong></span> <span class='ocrx_word' id='word_1_694' title='bbox 3300 3856 3424 3899; x_wconf 86' lang='lat' dir='ltr'><strong>vero</strong></span> <span class='ocrx_word' id='word_1_695' title='bbox 3479 3830 3780 3930; x_wconf 30' lang='lat' dir='ltr'><strong>Ecclesiarum‘.</strong></span> 
     </span>
    </p>
   </div>
   <div class='ocr_carea' id='block_1_105' title="bbox 2296 3922 3783 4027">
    <p class='ocr_par' dir='ltr' id='par_1_105' title="bbox 2296 3922 3783 4027">
     <span class='ocr_line' id='line_1_106' title="bbox 2296 3922 3783 4027; baseline -0.023 -18"><span class='ocrx_word' id='word_1_696' title='bbox 2296 3956 2436 4027; x_wconf 88' lang='lat' dir='ltr'><strong>quod</strong></span> <span class='ocrx_word' id='word_1_697' title='bbox 2456 3922 2582 4023; x_wconf 38' lang='grc' dir='ltr'><strong>,ιη-ο</strong></span> <span class='ocrx_word' id='word_1_698' title='bbox 2617 3949 2849 4021; x_wconf 89' lang='lat' dir='ltr'><strong>peccatis</strong></span> <span class='ocrx_word' id='word_1_699' title='bbox 2878 3962 2908 4000; x_wconf 91' lang='lat' dir='ltr'><strong>a</strong></span> <span class='ocrx_word' id='word_1_700' title='bbox 2935 3946 3080 4000; x_wconf 91' lang='lat' dir='ltr'><strong>clero</strong></span> <span class='ocrx_word' id='word_1_701' title='bbox 3101 3951 3154 3997; x_wconf 92' lang='lat' dir='ltr'><strong>et</strong></span> <span class='ocrx_word' id='word_1_702' title='bbox 3186 3937 3387 4009; x_wconf 89' lang='lat' dir='ltr'><strong>populo</strong></span> <span class='ocrx_word' id='word_1_703' title='bbox 3418 3931 3683 4027; x_wconf 72' lang='lat' dir='ltr'><strong>destitutum</strong></span> <span class='ocrx_word' id='word_1_704' title='bbox 3712 3922 3783 4027; x_wconf 52' lang='lat' dir='ltr'><strong>tsi:</strong></span> 
     </span>
    </p>
   </div>
   <div class='ocr_carea' id='block_1_106' title="bbox 2298 4014 3783 4105">
    <p class='ocr_par' dir='ltr' id='par_1_106' title="bbox 2298 4014 3783 4105">
     <span class='ocr_line' id='line_1_107' title="bbox 2298 4014 3783 4105; baseline -0.03 -1"><span class='ocrx_word' id='word_1_705' title='bbox 2298 4014 2820 4105; x_wconf 42' lang='lat' dir='ltr'><strong>tecum-huc-defer.</strong></span> <span class='ocrx_word' id='word_1_706' title='bbox 2853 4040 2910 4097; x_wconf 90' lang='lat' dir='ltr'><strong>Si</strong></span> <span class='ocrx_word' id='word_1_707' title='bbox 2938 4038 3078 4092; x_wconf 81' lang='lat' dir='ltr'><strong>forte</strong></span> <span class='ocrx_word' id='word_1_708' title='bbox 3120 4046 3230 4089; x_wconf 90' lang='lat' dir='ltr'><strong>tres</strong></span> <span class='ocrx_word' id='word_1_709' title='bbox 3262 4038 3356 4085; x_wconf 91' lang='lat' dir='ltr'><strong>aut</strong></span> <span class='ocrx_word' id='word_1_710' title='bbox 3382 4034 3589 4097; x_wconf 87' lang='lat' dir='ltr'><strong>quatuor</strong></span> <span class='ocrx_word' id='word_1_711' title='bbox 3626 4014 3783 4105; x_wconf 62' lang='lat' dir='ltr'><strong>clericos</strong></span> 
     </span>
    </p>
   </div>
   <div class='ocr_carea' id='block_1_107' title="bbox 2298 4109 3783 4210">
    <p class='ocr_par' dir='ltr' id='par_1_107' title="bbox 2298 4109 3783 4210">
     <span class='ocr_line' id='line_1_108' title="bbox 2298 4109 3783 4210; baseline -0.006 -14"><span class='ocrx_word' id='word_1_712' title='bbox 2298 4143 2363 4197; x_wconf 78' lang='lat' dir='ltr'><strong>dc</strong></span> <span class='ocrx_word' id='word_1_713' title='bbox 2395 4140 2525 4210; x_wconf 87' lang='lat' dir='ltr'><strong>ipsis</strong></span> <span class='ocrx_word' id='word_1_714' title='bbox 2550 4135 2807 4192; x_wconf 86' lang='lat' dir='ltr'><strong>Ecclesiis</strong></span> <span class='ocrx_word' id='word_1_715' title='bbox 2834 4128 3148 4203; x_wconf 87' lang='lat' dir='ltr'><strong>cognoveris</strong></span> <span class='ocrx_word' id='word_1_716' title='bbox 3174 4121 3518 4183; x_wconf 70' lang='lat' dir='ltr'><strong>remansisse.</strong></span> <span class='ocrx_word' id='word_1_717' title='bbox 3547 4109 3783 4210; x_wconf 37' lang='lat' dir='ltr'><strong>ff‘F‘awlf&#39;</strong></span> 
     </span>
    </p>
   </div>
   <div class='ocr_carea' id='block_1_108' title="bbox 2300 4188 3785 4300">
    <p class='ocr_par' dir='ltr' id='par_1_108' title="bbox 2300 4188 3785 4300">
     <span class='ocr_line' id='line_1_109' title="bbox 2300 4188 3785 4300; baseline -0.028 -12"><span class='ocrx_word' id='word_1_718' title='bbox 2300 4188 2834 4300; x_wconf 42' lang='lat' dir='ltr'><strong>tia-quisquomodo</strong></span> <span class='ocrx_word' id='word_1_719' title='bbox 2859 4188 2961 4287; x_wconf 67' lang='lat' dir='ltr'><strong>est,</strong></span> <span class='ocrx_word' id='word_1_720' title='bbox 2990 4218 3074 4274; x_wconf 83' lang='lat' dir='ltr'><strong>vel</strong></span> <span class='ocrx_word' id='word_1_721' title='bbox 3102 4216 3195 4272; x_wconf 89' lang='lat' dir='ltr'><strong>ubi</strong></span> <span class='ocrx_word' id='word_1_722' title='bbox 3248 4213 3468 4274; x_wconf 85' lang='lat' dir='ltr'><strong>habitat,</strong></span> <span class='ocrx_word' id='word_1_723' title='bbox 3495 4200 3628 4259; x_wconf 89' lang='lat' dir='ltr'><strong>nobis</strong></span> <span class='ocrx_word' id='word_1_724' title='bbox 3648 4188 3785 4300; x_wconf 34' lang='lat' dir='ltr'><strong>femi</strong></span> 
     </span>
    </p>
   </div>
   <div class='ocr_carea' id='block_1_109' title="bbox 2301 4290 3786 4388">
    <p class='ocr_par' dir='ltr' id='par_1_109' title="bbox 2301 4290 3786 4388">
     <span class='ocr_line' id='line_1_110' title="bbox 2301 4290 3786 4388; baseline -0.027 -8"><span class='ocrx_word' id='word_1_725' title='bbox 2301 4335 2361 4380; x_wconf 90' lang='lat' dir='ltr'><strong>ut</strong></span> <span class='ocrx_word' id='word_1_726' title='bbox 2388 4326 2493 4388; x_wconf 89' lang='lat' dir='ltr'><strong>eis,</strong></span> <span class='ocrx_word' id='word_1_727' title='bbox 2521 4323 2568 4378; x_wconf 88' lang='lat' dir='ltr'><strong>si</strong></span> <span class='ocrx_word' id='word_1_728' title='bbox 2616 4317 2980 4376; x_wconf 89' lang='lat' dir='ltr'><strong>necessarium</strong></span> <span class='ocrx_word' id='word_1_729' title='bbox 3013 4311 3334 4373; x_wconf 89' lang='lat' dir='ltr'><strong>viderimus,</strong></span> <span class='ocrx_word' id='word_1_730' title='bbox 3366 4303 3486 4375; x_wconf 89' lang='lat' dir='ltr'><strong>quid</strong></span> <span class='ocrx_word' id='word_1_731' title='bbox 3516 4290 3697 4365; x_wconf 88' lang='lat' dir='ltr'><strong>singulis</strong></span> <span class='ocrx_word' id='word_1_732' title='bbox 3727 4297 3786 4388; x_wconf 31' lang='lat' dir='ltr'><strong>aII—-</strong></span> 
     </span>
    </p>
   </div>
   <div class='ocr_carea' id='block_1_110' title="bbox 2302 4386 3782 4484">
    <p class='ocr_par' dir='ltr' id='par_1_110' title="bbox 2302 4386 3782 4484">
     <span class='ocr_line' id='line_1_111' title="bbox 2302 4386 3782 4484; baseline -0.026 -11"><span class='ocrx_word' id='word_1_733' title='bbox 2302 4420 2383 4474; x_wconf 89' lang='lat' dir='ltr'><strong>nis</strong></span> <span class='ocrx_word' id='word_1_734' title='bbox 2412 4416 2652 4484; x_wconf 89' lang='lat' dir='ltr'><strong>accipere</strong></span> <span class='ocrx_word' id='word_1_735' title='bbox 2681 4392 2932 4475; x_wconf 75' lang='lat' dir='ltr'><strong>debeant,</strong></span> <span class='ocrx_word' id='word_1_736' title='bbox 2984 4417 3222 4463; x_wconf 89' lang='lat' dir='ltr'><strong>statuere</strong></span> <span class='ocrx_word' id='word_1_737' title='bbox 3265 4401 3553 4455; x_wconf 87' lang='lat' dir='ltr'><strong>valeamus.</strong></span> <span class='ocrx_word' id='word_1_738' title='bbox 3584 4386 3782 4484; x_wconf 42' lang='lat' dir='ltr'><strong>Res-vero</strong></span> 
     </span>
    </p>
   </div>
   <div class='ocr_carea' id='block_1_111' title="bbox 2301 4470 3784 4581">
    <p class='ocr_par' dir='ltr' id='par_1_111' title="bbox 2301 4470 3784 4581">
     <span class='ocr_line' id='line_1_112' title="bbox 2301 4470 3784 4581; baseline -0.023 -16"><span class='ocrx_word' id='word_1_739' title='bbox 2301 4528 2419 4581; x_wconf 74' lang='lat' dir='ltr'><strong>qua:</strong></span> <span class='ocrx_word' id='word_1_740' title='bbox 2454 4470 2713 4563; x_wconf 70' lang='lat' dir='ltr'><strong>vetustate</strong></span> <span class='ocrx_word' id='word_1_741' title='bbox 2745 4504 2917 4574; x_wconf 88' lang='lat' dir='ltr'><strong>perire</strong></span> <span class='ocrx_word' id='word_1_742' title='bbox 2949 4506 3193 4570; x_wconf 88' lang='lat' dir='ltr'><strong>possunt,</strong></span> <span class='ocrx_word' id='word_1_743' title='bbox 3224 4504 3399 4550; x_wconf 89' lang='lat' dir='ltr'><strong>tecum</strong></span> <span class='ocrx_word' id='word_1_744' title='bbox 3427 4485 3648 4544; x_wconf 87' lang='lat' dir='ltr'><strong>similiter</strong></span> <span class='ocrx_word' id='word_1_745' title='bbox 3666 4470 3784 4581; x_wconf 46' lang='lat' dir='ltr'><strong>dsiet.</strong></span> 
     </span>
    </p>
   </div>
   <div class='ocr_carea' id='block_1_112' title="bbox 2299 4573 3786 4666">
    <p class='ocr_par' dir='ltr' id='par_1_112' title="bbox 2299 4573 3786 4666">
     <span class='ocr_line' id='line_1_113' title="bbox 2299 4573 3786 4666; baseline -0.026 -7"><span class='ocrx_word' id='word_1_746' title='bbox 2299 4573 2357 4658; x_wconf 71' lang='lat' dir='ltr'><strong>tit</strong></span> <span class='ocrx_word' id='word_1_747' title='bbox 2386 4618 2453 4658; x_wconf 81' lang='lat' dir='ltr'><strong>ex</strong></span> <span class='ocrx_word' id='word_1_748' title='bbox 2484 4602 2564 4657; x_wconf 89' lang='lat' dir='ltr'><strong>eis</strong></span> <span class='ocrx_word' id='word_1_749' title='bbox 2589 4598 2730 4666; x_wconf 91' lang='lat' dir='ltr'><strong>quod</strong></span> <span class='ocrx_word' id='word_1_750' title='bbox 2750 4573 2891 4652; x_wconf 3' lang='lat' dir='ltr'><strong>futile</strong></span> <span class='ocrx_word' id='word_1_751' title='bbox 2916 4596 3090 4649; x_wconf 89' lang='lat' dir='ltr'><strong>visum</strong></span> <span class='ocrx_word' id='word_1_752' title='bbox 3123 4589 3283 4645; x_wconf 88' lang='lat' dir='ltr'><strong>fuerit</strong></span> <span class='ocrx_word' id='word_1_753' title='bbox 3311 4582 3516 4659; x_wconf 73' lang='lat'><strong>1209</strong></span> <span class='ocrx_word' id='word_1_754' title='bbox 3532 4573 3786 4641; x_wconf 67' lang='lat' dir='ltr'><strong>disponatur-</strong></span> 
     </span>
    </p>
   </div>
   <div class='ocr_carea' id='block_1_113' title="bbox 2304 4692 3792 4792">
    <p class='ocr_par' dir='ltr' id='par_1_113' title="bbox 2304 4692 3792 4792">
     <span class='ocr_line' id='line_1_114' title="bbox 2304 4692 3792 4792; baseline -0.013 -17"><span class='ocrx_word' id='word_1_755' title='bbox 2304 4734 2426 4775; x_wconf 90' lang='lat' dir='ltr'><strong>esse</strong></span> <span class='ocrx_word' id='word_1_756' title='bbox 2455 4720 2522 4792; x_wconf 86' lang='lat' dir='ltr'><strong>ab</strong></span> <span class='ocrx_word' id='word_1_757' title='bbox 2551 4717 2643 4772; x_wconf 84' lang='lat' dir='ltr'><strong>illo</strong></span> <span class='ocrx_word' id='word_1_758' title='bbox 2674 4715 2896 4785; x_wconf 89' lang='lat' dir='ltr'><strong>patricio</strong></span> <span class='ocrx_word' id='word_1_759' title='bbox 2922 4710 3031 4780; x_wconf 89' lang='lat' dir='ltr'><strong>qui,</strong></span> <span class='ocrx_word' id='word_1_760' title='bbox 3065 4721 3185 4792; x_wconf 66' lang='lat' dir='ltr'><strong>cum</strong></span> <span class='ocrx_word' id='word_1_761' title='bbox 3216 4711 3363 4792; x_wconf 64' lang='lat' dir='ltr'><strong>esset</strong></span> <span class='ocrx_word' id='word_1_762' title='bbox 3387 4692 3792 4792; x_wconf 35' lang='lat' dir='ltr'><strong>rn-ottnagltllusosni&#39;gﬁ</strong></span> 
     </span>
    </p>
   </div>
   <div class='ocr_carea' id='block_1_114' title="bbox 2303 4759 3771 4852">
    <p class='ocr_par' dir='ltr' id='par_1_114' title="bbox 2303 4759 3771 4852">
     <span class='ocr_line' id='line_1_115' title="bbox 2303 4759 3771 4852; baseline 0.002 -3"><span class='ocrx_word' id='word_1_763' title='bbox 2455 4759 2905 4852; x_wconf 55' lang='grc' dir='ltr'><strong>’ἆὶὶἑὲὶ-ἐιῗὲῖιῐπὶ</strong></span> <span class='ocrx_word' id='word_1_764' title='bbox 2924 4759 3263 4852; x_wconf 42' lang='lat' dir='ltr'><strong>iustitium“</strong></span> <span class='ocrx_word' id='word_1_765' title='bbox 3303 4759 3771 4852; x_wconf 60' lang='grc' dir='ltr'><strong>ίη.9οιίε.ἓ⁶..ῗ9¹⁵ξ;.έ</strong></span> 
     </span>
    </p>
   </div>
   <div class='ocr_carea' id='block_1_115' title="bbox 2304 4829 3793 4928">
    <p class='ocr_par' dir='ltr' id='par_1_115' title="bbox 2304 4829 3793 4928">
     <span class='ocr_line' id='line_1_116' title="bbox 2304 4829 3793 4928; baseline 0.012 -16"><span class='ocrx_word' id='word_1_766' title='bbox 2928 4829 3479 4928; x_wconf 58' lang='grc' dir='ltr'><strong>ᾗόἱξιξξιξιιεεὲηνὲυτίὶί</strong></span> 
     </span>
    </p>
   </div>
   <div class='ocr_carea' id='block_1_116' title="bbox 2304 4901 3793 5003">
    <p class='ocr_par' dir='ltr' id='par_1_116' title="bbox 2304 4901 3793 5003">
     <span class='ocr_line' id='line_1_117' title="bbox 2304 4901 3793 5003; baseline -0.008 -20"><span class='ocrx_word' id='word_1_767' title='bbox 2304 4901 2469 5003; x_wconf 52' lang='grc' dir='ltr'><strong>8161]Ξέ</strong></span> <span class='ocrx_word' id='word_1_768' title='bbox 2494 4901 2646 5003; x_wconf 35' lang='lat' dir='ltr'><strong>,&quot;fet&#39;</strong></span> <span class='ocrx_word' id='word_1_769' title='bbox 2704 4924 2982 5003; x_wconf 76' lang='lat' dir='ltr'><strong>miraberis</strong></span> <span class='ocrx_word' id='word_1_770' title='bbox 3054 4919 3153 5003; x_wconf 70' lang='lat' dir='ltr'><strong>viri</strong></span> <span class='ocrx_word' id='word_1_771' title='bbox 3234 4912 3399 5003; x_wconf 40' lang='lat' dir='ltr'><strong>.doglj‘</strong></span> 
     </span>
    </p>
   </div>
   <div class='ocr_carea' id='block_1_117' title="bbox 2303 4961 3793 5074">
    <p class='ocr_par' dir='ltr' id='par_1_117' title="bbox 2303 4961 3793 5074">
     <span class='ocr_line' id='line_1_118' title="bbox 2303 4961 3793 5074; baseline 0.001 0"><span class='ocrx_word' id='word_1_772' title='bbox 2303 4961 2510 5074; x_wconf 67' lang='grc' dir='ltr'><strong>ὄῖἷὶὂῦἑ</strong></span> <span class='ocrx_word' id='word_1_773' title='bbox 2540 4961 3047 5074; x_wconf 58' lang='grc' dir='ltr'><strong>ίιῗήοῖεὶἫὶἴῖὑῖεεε</strong></span> <span class='ocrx_word' id='word_1_774' title='bbox 3065 4961 3404 5074; x_wconf 60' lang='grc' dir='ltr'><strong>’λ’έοηιεηάξι</strong></span> <span class='ocrx_word' id='word_1_775' title='bbox 3433 4961 3793 5074; x_wconf 53' lang='grc' dir='ltr'><strong>ερὶεὲλὲῗὶεὲἰὲῗξ</strong></span> 
     </span>
    </p>
   </div>
   <div class='ocr_carea' id='block_1_118' title="bbox 2304 5040 3778 5143">
    <p class='ocr_par' dir='ltr' id='par_1_118' title="bbox 2304 5040 3778 5143">
     <span class='ocr_line' id='line_1_119' title="bbox 2304 5040 3778 5143; baseline -0.018 -20"><span class='ocrx_word' id='word_1_776' title='bbox 2608 5040 3307 5141; x_wconf 42' lang='grc' dir='ltr'>θῆιιιιιὶιιε,</span> <span class='ocrx_word' id='word_1_777' title='bbox 3325 5052 3391 5135; x_wconf 64' lang='lat' dir='ltr'><strong>ad</strong></span> 
     </span>
    </p>
   </div>
   <div class='ocr_carea' id='block_1_119' title="bbox 2302 5104 3796 5219">
    <p class='ocr_par' dir='ltr' id='par_1_119' title="bbox 2302 5104 3796 5219">
     <span class='ocr_line' id='line_1_120' title="bbox 2304 5104 3462 5132; baseline -0.016 -6"><span class='ocrx_word' id='word_1_778' title='bbox 2304 5104 2423 5124; x_wconf 65' lang='grc' dir='ltr'>ιυιυ</span> <span class='ocrx_word' id='word_1_779' title='bbox 2453 5104 2573 5124; x_wconf 55' lang='lat' dir='ltr'><strong>nam;</strong></span> <span class='ocrx_word' id='word_1_780' title='bbox 2608 5104 2831 5131; x_wconf 65' lang='lat' dir='ltr'><strong>auum-nu,</strong></span> <span class='ocrx_word' id='word_1_781' title='bbox 2856 5104 2975 5132; x_wconf 51' lang='lat' dir='ltr'><strong>cl&quot;...</strong></span> <span class='ocrx_word' id='word_1_782' title='bbox 3024 5104 3292 5114; x_wconf 69' lang='grc' dir='ltr'><strong>ιν----.----</strong></span> <span class='ocrx_word' id='word_1_783' title='bbox 3328 5104 3353 5107; x_wconf 32' lang='grc' dir='ltr'><strong>ἡ</strong></span> <span class='ocrx_word' id='word_1_784' title='bbox 3451 5104 3462 5117; x_wconf 87' lang='grc'><em>,</em></span> 
     </span>
     <span class='ocr_line' id='line_1_121' title="bbox 2302 5104 3796 5219; baseline -0.018 -26"><span class='ocrx_word' id='word_1_785' title='bbox 2302 5156 2420 5219; x_wconf 71' lang='lat' dir='ltr'><strong>eam</strong></span> <span class='ocrx_word' id='word_1_786' title='bbox 2446 5146 2594 5208; x_wconf 83' lang='lat' dir='ltr'><strong>putat</strong></span> <span class='ocrx_word' id='word_1_787' title='bbox 2614 5139 2718 5205; x_wconf 80' lang='lat' dir='ltr'><strong>iam</strong></span> <span class='ocrx_word' id='word_1_788' title='bbox 2746 5150 2887 5219; x_wconf 69' lang='lat' dir='ltr'><strong>anno</strong></span> <span class='ocrx_word' id='word_1_789' title='bbox 2912 5132 3183 5212; x_wconf 62' lang='lat' dir='ltr'><strong>praeterito</strong></span> <span class='ocrx_word' id='word_1_790' title='bbox 3203 5141 3241 5219; x_wconf 48' lang='lat' dir='ltr'><strong>el</strong></span> <span class='ocrx_word' id='word_1_791' title='bbox 3253 5125 3395 5219; x_wconf 59' lang='lat' dir='ltr'><strong>Xivis</strong></span> <span class='ocrx_word' id='word_1_792' title='bbox 3413 5104 3796 5219; x_wconf 43' lang='lat' dir='ltr'><strong>subiit&quot;;</strong></span> 
     </span>
    </p>
   </div>
   <div class='ocr_carea' id='block_1_120' title="bbox 2304 5185 3796 5286">
    <p class='ocr_par' dir='ltr' id='par_1_120' title="bbox 2304 5185 3796 5286">
     <span class='ocr_line' id='line_1_122' title="bbox 2304 5185 3796 5286; baseline -0.009 -22"><span class='ocrx_word' id='word_1_793' title='bbox 2865 5185 3007 5257; x_wconf 68' lang='lat' dir='ltr'><strong>hanc</strong></span> <span class='ocrx_word' id='word_1_794' title='bbox 3028 5201 3187 5286; x_wconf 59' lang='lat' dir='ltr'><strong>epist.</strong></span> <span class='ocrx_word' id='word_1_795' title='bbox 3204 5197 3307 5286; x_wconf 69' lang='grc'><strong>¹40,</strong></span> <span class='ocrx_word' id='word_1_796' title='bbox 3340 5204 3457 5262; x_wconf 64' lang='lat' dir='ltr'><strong>quin</strong></span> 
     </span>
    </p>
   </div>
   <div class='ocr_carea' id='block_1_121' title="bbox 2302 5259 3795 5353">
    <p class='ocr_par' dir='ltr' id='par_1_121' title="bbox 2302 5259 3795 5353">
     <span class='ocr_line' id='line_1_123' title="bbox 2302 5259 3795 5353; baseline -0.013 -20"><span class='ocrx_word' id='word_1_797' title='bbox 2532 5259 2941 5333; x_wconf 7' lang='lat' dir='ltr'><strong>lim—ciiobvervat</strong></span> <span class='ocrx_word' id='word_1_798' title='bbox 2978 5289 2992 5324; x_wconf 88' lang='lat'><strong>:</strong></span> <span class='ocrx_word' id='word_1_799' title='bbox 3020 5259 3795 5353; x_wconf 39' lang='lat' dir='ltr'><strong>genva-luerat‘</strong></span> 
     </span>
    </p>
   </div>
   <div class='ocr_carea' id='block_1_122' title="bbox 2302 5324 3743 5415">
    <p class='ocr_par' dir='ltr' id='par_1_122' title="bbox 2302 5324 3743 5415">
     <span class='ocr_line' id='line_1_124' title="bbox 2302 5324 3743 5415; baseline -0.021 -13"><span class='ocrx_word' id='word_1_800' title='bbox 2302 5324 2646 5415; x_wconf 29' lang='lat' dir='ltr'><strong>{idolii};</strong></span> <span class='ocrx_word' id='word_1_801' title='bbox 2672 5324 2839 5415; x_wconf 53' lang='lat' dir='ltr'><strong>sip};</strong></span> <span class='ocrx_word' id='word_1_802' title='bbox 2857 5324 3165 5415; x_wconf 54' lang='lat' dir='ltr'><strong>monuimus.</strong></span> <span class='ocrx_word' id='word_1_803' title='bbox 3195 5337 3336 5390; x_wconf 78' lang='lat' dir='ltr'><strong>Ecce</strong></span> <span class='ocrx_word' id='word_1_804' title='bbox 3361 5324 3610 5387; x_wconf 73' lang='lat' dir='ltr'><strong>conValuit</strong></span> <span class='ocrx_word' id='word_1_805' title='bbox 3644 5324 3687 5368; x_wconf 79' lang='lat' dir='ltr'><strong>el</strong></span> <span class='ocrx_word' id='word_1_806' title='bbox 3708 5324 3743 5357; x_wconf 60' lang='grc' dir='ltr'><strong>τί</strong></span> 
     </span>
    </p>
   </div>
   <div class='ocr_carea' id='block_1_123' title="bbox 2306 5413 3201 5487">
    <p class='ocr_par' dir='ltr' id='par_1_123' title="bbox 2306 5413 3201 5487">
     <span class='ocr_line' id='line_1_125' title="bbox 2306 5413 3201 5487; baseline -0.012 -14"><span class='ocrx_word' id='word_1_807' title='bbox 2306 5420 2491 5474; x_wconf 87' lang='lat' dir='ltr'><strong>indict.</strong></span> <span class='ocrx_word' id='word_1_808' title='bbox 2519 5413 2555 5475; x_wconf 54' lang='grc'><strong>’5</strong></span> <span class='ocrx_word' id='word_1_809' title='bbox 2584 5419 2673 5487; x_wconf 89' lang='lat' dir='ltr'><strong>qui</strong></span> <span class='ocrx_word' id='word_1_810' title='bbox 2701 5413 2883 5487; x_wconf 85' lang='lat' dir='ltr'><strong>indict.</strong></span> <span class='ocrx_word' id='word_1_811' title='bbox 2916 5416 2949 5467; x_wconf 74' lang='grc'><strong>4</strong></span> <span class='ocrx_word' id='word_1_812' title='bbox 2978 5413 3201 5467; x_wconf 90' lang='lat' dir='ltr'><strong>obierat.</strong></span> 
     </span>
    </p>
   </div>
   <div class='ocr_carea' id='block_1_124' title="bbox 2376 5486 3795 5569">
    <p class='ocr_par' dir='ltr' id='par_1_124' title="bbox 2376 5486 3795 5569">
     <span class='ocr_line' id='line_1_126' title="bbox 2376 5486 3795 5569; baseline -0.001 0"><span class='ocrx_word' id='word_1_813' title='bbox 2376 5486 2993 5569; x_wconf 40' lang='lat' dir='ltr'><strong>{Remis-memet</strong></span> <span class='ocrx_word' id='word_1_814' title='bbox 3422 5537 3551 5569; x_wconf 79' lang='lat'><strong>.......</strong></span> <span class='ocrx_word' id='word_1_815' title='bbox 3622 5518 3795 5569; x_wconf 50' lang='lat' dir='ltr'><strong>amt-tta:-</strong></span> 
     </span>
    </p>
   </div>
   <div class='ocr_carea' id='block_1_125' title="bbox 2382 5527 3780 5640">
    <p class='ocr_par' dir='ltr' id='par_1_125' title="bbox 2382 5527 3780 5640">
     <span class='ocr_line' id='line_1_127' title="bbox 2382 5527 3780 5640; baseline -0.001 1"><span class='ocrx_word' id='word_1_816' title='bbox 2382 5527 2852 5640; x_wconf 62' lang='grc' dir='ltr'><strong>εί,ἱξὲ’ἷ.’ῗί.ίιῖῖ‹ῑῖῖ</strong></span> <span class='ocrx_word' id='word_1_817' title='bbox 2869 5527 2995 5636; x_wconf 55' lang='grc' dir='ltr'><strong>’λ’ὲῖ]</strong></span> <span class='ocrx_word' id='word_1_818' title='bbox 3017 5581 3092 5640; x_wconf 89' lang='lat'><strong>..-.-</strong></span> <span class='ocrx_word' id='word_1_819' title='bbox 3122 5550 3339 5640; x_wconf 52' lang='lat'><strong>{5.9.533</strong></span> <span class='ocrx_word' id='word_1_820' title='bbox 3355 5527 3780 5640; x_wconf 52' lang='lat'><strong>332.&quot;.&quot;5</strong></span> 
     </span>
    </p>
   </div>
   <div class='ocr_carea' id='block_1_126' title="bbox 2308 5603 3793 5696">
    <p class='ocr_par' dir='ltr' id='par_1_126' title="bbox 2308 5603 3793 5696">
     <span class='ocr_line' id='line_1_128' title="bbox 2308 5603 3793 5696; baseline -0.023 -10"><span class='ocrx_word' id='word_1_821' title='bbox 2308 5603 2580 5696; x_wconf 65' lang='grc' dir='ltr'><strong>ειιᾶῗρἲίὲι</strong></span> <span class='ocrx_word' id='word_1_822' title='bbox 2598 5603 3308 5683; x_wconf 61' lang='grc' dir='ltr'><strong>ξίῖὶιὸίἓέη’ἑίὶἰιίιιδηιιίυηι</strong></span> <span class='ocrx_word' id='word_1_823' title='bbox 3330 5603 3477 5683; x_wconf 70' lang='lat' dir='ltr'><strong>,dixi</strong></span> <span class='ocrx_word' id='word_1_824' title='bbox 3501 5608 3561 5661; x_wconf 84' lang='lat' dir='ltr'><strong>ad</strong></span> <span class='ocrx_word' id='word_1_825' title='bbox 3587 5603 3713 5669; x_wconf 74' lang='lat' dir='ltr'><strong>episl-</strong></span> <span class='ocrx_word' id='word_1_826' title='bbox 3740 5603 3793 5643; x_wconf 78' lang='grc' dir='ltr'><strong>ιυι</strong></span> 
     </span>
    </p>
   </div>
   <div class='ocr_carea' id='block_1_127' title="bbox 2311 5700 2748 5769">
    <p class='ocr_par' dir='ltr' id='par_1_127' title="bbox 2311 5700 2748 5769">
     <span class='ocr_line' id='line_1_129' title="bbox 2311 5700 2748 5769; baseline -0.011 -12"><span class='ocrx_word' id='word_1_827' title='bbox 2311 5720 2447 5758; x_wconf 87' lang='lat' dir='ltr'><strong>nunc</strong></span> <span class='ocrx_word' id='word_1_828' title='bbox 2472 5702 2563 5769; x_wconf 59' lang='lat'><strong>20,</strong></span> <span class='ocrx_word' id='word_1_829' title='bbox 2590 5700 2677 5755; x_wconf 85' lang='lat' dir='ltr'><strong>lib.</strong></span> <span class='ocrx_word' id='word_1_830' title='bbox 2716 5716 2748 5753; x_wconf 87' lang='grc' dir='ltr'>ι.</span> 
     </span>
    </p>
   </div>
  </div>
