3956 6326
220 326 368 381 ηεξ)
939 323 1414 385 ΕΡιδΤΟιΑιιυδὶ
1452 331 1579 382 LIB.
1624 327 1740 383 XII.
1781 357 1846 368 --
1889 326 2132 383 It‘leCT.
2180 328 2241 382 ν.
2282 358 2350 370 -
2391 330 2606 387 EPIST.
2648 331 2804 387 X‘LV.
3345 343 3484 401 ﬁlio

212 445 296 500 Tu
327 452 506 499 autem
558 451 870 513 protegente
910 445 1137 502 Domino
1183 448 1395 502 inventa
1422 446 1614 518 navigii
1665 460 1786 515 pto-
1815 450 1868 511 Α
1892 445 1963 498 cti
1996 445 2078 499 vel
2129 446 2388 500 cautionis
2435 462 2594 515 quam
2640 449 2902 503 misimus.
2947 449 3019 504 lta
3057 467 3186 522 ergo
3225 457 3481 511 sanctitas

203 535 466 604 spcritate
491 543 784 588 revertere.

727 644 1058 702 EPISTOLA
1098 646 1253 702 XLII.

614 773 680 812 AD
720 775 970 814 ROMANI)!
1011 777 1375 819 DEFENSOREI.

197 871 490 926 Salustium
533 871 805 926 admoneat
855 891 915 927 ne
961 877 1171 938 posthac
1231 875 1509 929 Lmninoso
1549 875 1791 930 Ecclesite

735 960 879 997 servo
909 945 969 996 sit
999 947 1255 999 molestus.

276 1053 570 1123 Gregorius
601 1055 840 1110 Romano
865 1057 1150 1112 defensori.

275 1145 597 1198 Luminosus
629 1147 970 1214 praesentium
1020 1149 1156 1202 lator
1203 1148 1511 1204 violentiam
1569 1165 1626 1204 se
1658 1167 1789 1204 uxo-

198 1251 425 1306 remque
475 1251 627 1292 suain
677 1253 704 1291 a
754 1239 989 1294 Salustio
1029 1241 1142 1295 viro
1198 1243 1494 1298 clarissimo
1540 1259 1787 1300 asserens

196 1330 505 1391 sustinere,
549 1330 652 1384 huc
701 1332 1025 1388 necessitate
1077 1334 1263 1389 eadem
1320 1335 1548 1391 faciente
1602 1338 1786 1391 venire

195 1419 505 1488 compulsus
555 1430 658 1474 est.
702 1421 852 1475 Unde
897 1423 1019 1491 quia
1060 1437 1272 1478 servum
1341 1435 1538 1480 sanctre
1585 1427 1783 1495 Maria,

195 1510 340 1578 quod
383 1519 468 1564 est
494 1518 518 1544 α
553 1511 819 1579 parochias
865 1513 1251 1580 Grumentiute,
1296 1531 1356 1571 se
1405 1531 1526 1572 esse
1566 1520 1782 1588 asserit,

196 1614 420 1654 necesse
462 1611 544 1654 est
583 1610 638 1655 ut
666 1603 1024 1658 ecclesiastica
1058 1607 1282 1662 mitione
1328 1609 1574 1663 valletur.
1611 1609 1786 1679 Expe-

191 1691 390 1746 rientia
413 1690 592 1758 itaque
621 1702 710 1747 tua
741 1695 959 1762 praelato
1000 1698 1223 1767 supplici
1265 1699 1626 1756 ecclesiastica
1677 1717 1780 1756 non

187 1780 418 1835 deSictat
447 1781 710 1850 impertiri
739 1784 947 1850 solatia,
1003 1801 1236 1856 eumque
1289 1788 1356 1842 de
1400 1804 1507 1857 quo
1545 1793 1784 1860 queritur
1819 1823 1860 1882 Β

188 1871 508 1940 admonere,
537 1882 800 1942 quatenus
828 1887 888 1930 se
916 1876 983 1930 ab
1028 1891 1214 1932 eorum
1245 1879 1611 1948 inquietudine
1636 1897 1781 1935 com-

190 1974 397 2030 pescat.
445 1965 501 2018 Si
531 1981 658 2020 vero
704 1977 788 2022 est
829 1967 971 2038 quod
1019 1969 1123 2025 sibi
1171 1971 1224 2026 in
1263 1973 1342 2026 eis
1386 1973 1779 2029 rationabiliter

185 2056 336 2110 dicat
365 2071 521 2126 posse
558 2068 862 2127 competere
886 2100 900 2126 ,
939 2061 1232 2118 electorum
1274 2065 1477 2133 judicio
1521 2068 1778 2122 termine-

184 2154 299 2212 tnr,
356 2158 548 2217 tuaque
600 2149 853 2220 quidquid
895 2152 1171 2210 definitum
1227 2157 1385 2213 fuerit
1430 2161 1777 2216 exsecutione

182 2238 363 2294 modis
386 2240 636 2298 omnibus
658 2241 962 2312 impleatur.

701 2354 1028 2412 EPISTOLA
1070 2358 1250 2415 XLIII.

431 2480 498 2518 Αυ
534 2480 768 2521 JOANNII
809 2484 1180 2526 εςιιΑαυεΑΝυι
1221 2489 1530 2533 εριεεονωί.

177 2551 277 2606 Sic
305 2553 576 2620 exigendos
601 2559 675 2632 ait
717 2561 1008 2632 reditusLut
1035 2579 1198 2632 neque
1227 2569 1589 2623 contristentur
1621 2573 1768 2626 debi-

254 2633 412 2691 tores,
445 2643 608 2696 neque
639 2628 870 2684 Romana
899 2628 1129 2688 Ecclesia
1152 2636 1395 2690 damnum
1421 2643 1690 2696 sustineat.

256 2714 548 2784 Gregorius
578 2718 768 2773 Joanni
791 2721 1044 2791 epi~copo
1073 2723 1428 2794 Syracusano.

256 2810 375 2864 Filii
409 2814 577 2867 nostri
611 2822 636 2851 ι
667 2815 985 2872 Paschasius
1026 2820 1108 2874 vir
1150 2824 1473 2892 magnificus
1520 2838 1570 2880 et
1612 2826 1770 2882 P‘an-

170 2902 286 2957 cho
317 2907 392 2958 vir
421 2905 748 2962 clarissimus
777 2912 1054 2979 conquesti
1096 2922 1222 2966 sunt
1252 2913 1405 2969 nobis
1434 2920 1764 2973 Sanetitalem

175 3003 416 3048 vestram
448 2996 649 3053 reditus
679 3000 766 3068 qui
817 3010 1016 3055 sanctze
1063 3001 1319 3058 Romana:
1364 3003 1623 3062 Ecclesiae
1668 3010 1766 3065 de-

173 3087 378 3143 bentur
399 3105 504 3145 non
529 3092 660 3146 alibi
693 3092 796 3148 nisi
827 3103 918 3148 aut
957 3095 1012 3149 in
1042 3095 1349 3151 suburbano
1388 3099 1642 3163 civitatis,
1677 3113 1767 3159 aut

1892 536 2070 588 Vestra
2109 537 2411 604 previtleat,
2443 546 2500 590 ut
2541 554 2711 604 neque
2748 539 2922 593 dilecti
2969 542 3060 596 lilii
3092 545 3194 598 mei
3237 549 3478 614 prardicti

1895 625 1960 679 de
1988 626 2186 680 relictis
2222 627 2541 681 suburbanis
2579 628 2677 681 sibi
2719 631 3032 684 necessariis
3071 636 3471 700 contriStentur,

1896 727 1994 766 nec
2041 725 2222 767 nostra
2273 717 2509 768 Romana
2558 717 2792 772 Ecclesia
2841 720 3088 774 damnum
3133 724 3343 793 aliquod
3392 730 3476 782 vel

1901 807 2162 858 minorem
2191 807 2473 862 Utilitatem
2511 807 2563 862 in
2613 824 2798 864 eorum
2843 813 3105 867 tedituum
3135 819 3478 886 perceptione

1891 901 2172 955 sustineat.

2293 997 2504 1067 1210
2541 995 2865 1052 EPISTULA
2908 998 3091 1052 XLIV.

2265 1123 2330 1160 Δῐ)
2369 1122 2680 1161 ANTIIEMICII
2721 1123 3102 1163 SUBDIACONUM.

1890 1215 2120 1285 Accello,
2151 1219 2237 1285 qui
2265 1220 2327 1270 ab
2358 1220 2584 1274 hostibus
2631 1223 2881 1290 captivum
2933 1223 3253 1286 Stephanum
3292 1230 3474 1284 solidis

2195 1300 2306 1341 octo
2331 1294 2637 1354 redemerat,
2663 1303 2889 1344 restituat
2922 1296 3158 1362 pretium.

1961 1377 2250 1448 Gregorius
2275 1381 2563 1436 Anthemio
2593 1384 2929 1438 subdiacono
2955 1384 3276 1456 Campaniae.

1959 1473 2288 1540 Stephanus.
2323 1475 2663 1542 praesentium
2715 1480 2973 1546 portitor,
3023 1481 3112 1547 qui
3156 1496 3372 1537 uxorem
3413 1498 3474 1538 se

1889 1555 2148 1617 Ecc'esire
2194 1574 2394 1618 nostrae
2439 1566 2686 1619 ancillam
2731 1567 2927 1623 habere
2957 1570 3232 1635 perhibet,
3268 1583 3388 1626 octo
3413 1589 3472 1627 se

1889 1652 2074 1706 solidis
2112 1655 2178 1708 ab
2228 1655 2442 1709 Accello
2486 1658 2698 1712 seniore
2725 1659 2791 1713 de
2822 1659 3064 1715 hostibus
3105 1678 3469 1732 compara'um

1891 1745 2142 1799 innotuit.
2178 1747 2245 1800 Et
2272 1748 2392 1816 quia
2425 1749 2488 1802 ad
2521 1764 2704 1803 eorum
2744 1754 3134 1808 restitutionem
3166 1771 3224 1810 se
3253 1758 3466 1825 inapem

1887 1852 2006 1892 esse
2031 1849 2438 1906 commemorat,
2472 1843 2801 1909 eXperientia
2836 1853 2921 1898 tua
2967 1846 3246 1916 diligenter
3291 1850 3468 1917 inqui-

1880 1935 1996 1992 rat;
2025 1937 2080 1981 et
2101 1930 2143 1982 si
2177 1929 2246 1982 ita
2275 1944 2394 1984 esse
2423 1936 2755 2000 cognoverit,
2789 1951 2887 1990 nec
2915 1936 3113 1992 habere
3144 1940 3282 1993 unde
3307 1955 3462 1996 suum

1882 2017 2050 2083 possit
2093 2020 2320 2085 pretium
2376 2021 2622 2087 reddere,
2671 2038 2789 2078 cum
2847 2027 3099 2094 prmdicto
3138 2030 3348 2086 seniore
3398 2033 3466 2086 ad

1881 2115 2139 2174 quantutn
2170 2110 2406 2176 potueris
2451 2111 2639 2166 ordina
2666 2153 2680 2177 ,
2713 2125 2763 2168 et
2796 2122 2820 2149 ⁸
2856 2117 3081 2184 pretium
3128 2119 3174 2172 ei
3203 2121 3339 2188 quod
3373 2122 3464 2176 tibi

1876 2199 2121 2252 statuerit
2152 2202 2374 2255 restitue
2399 2215 2638 2272 securus,
2669 2207 2792 2274 quia
2817 2217 3052 2276 tempore
3095 2225 3199 2279 quo
3230 2212 3464 2266 rationes

1877 2295 1998 2343 tuas
2023 2291 2292 2357 positurus
2320 2292 2623 2359 adveneris,
2665 2297 2732 2350 de
2773 2299 3104 2365 captivorum
3134 2300 3465 2371 redemptio-

1877 2395 1947 2435 ne
1991 2382 2132 2449 quod
2157 2382 2374 2438 dederis
2406 2387 2497 2438 tibi
2523 2387 2728 2442 restitui
2759 2389 3035 2446 iaciemus.

2397 2490 2726 2550 EPISTULA
2766 2498 2923 2552 XLV.

2316 2621 2382 2657 ΔΙ)
2423 2621 2689 2660 ΕυῦΕΝξυΜ
2731 2624 3017 2663 DlACONL'M.

1908 2710 2084 2767 Servis
2131 2713 2224 2768 Dei
2251 2719 2507 2784 egentibus
2538 2717 2668 2771 duas
2705 2730 2849 2773 terra:
2879 2726 3138 2788 portiones
3167 2709 3428 2784 (LICINIO.

2360 2789 2568 2856 triginta
2599 2805 2688 2841 sex
2725 2793 2973 2845 concedit.

1945 2893 2238 2963 Gregorius
2273 2895 2512 2964 Eugenio
2535 2896 2780 2952 diacono.

1941 2994 2093 3049 Servi
2122 2995 2213 3049 Dei
2246 2995 2552 3048 monasterii
2582 2997 2720 3064 quod
2746 2997 2797 3050 in
2829 3005 2854 3033 α
2890 2999 3108 3053 Bleraua
3139 3002 3349 3059 civitate
3371 3016 3454 3061 est

1871 3088 2240 3150 constitutum,
2282 3088 2348 3140 dc
2382 3087 2535 3140 terris
2583 3101 2957 3156 suggesserunt
2991 3097 3360 3151 necessitatem
3392 3115 3454 3153 se

170 3179 239 3235 in
267 3196 442 3236 mssa
487 3198 606 3253 qua
650 3185 844 3240 dicam,
889 3186 1069 3252 Gem,
1101 3189 1235 3243 νοιιε
1267 3191 1563 3260 percipere.
1612 3195 1656 3260 ρ
1682 3199 1763 3248 τοίι
1794 3179 1837 3239 C
1873 3178 2235 3248 gravissimam
2259 3181 2543 3234 sustinete.
2578 3181 2643 3234 Et
2672 3183 2795 3249 quia
2830 3184 3021 3239 talibus
3065 3201 3164 3240 nos
3211 3193 3455 3258 personis

171 3287 284 3341 ego
315 3289 418 3328 non
451 3276 518 3329 ita
543 3287 718 3332 actum
752 3279 991 3349 intelligo
1033 3282 1168 3335 sicut
1215 3282 1270 3336 hi
1299 3283 1386 3351 qui
1434 3296 1768 3341 murmurant

171 3372 394 3430 putant.
427 3365 550 3422 Scio
579 3369 722 3422 enim
746 3371 1058 3438 sapientiam
1090 3371 1433 3428 fraternitatis
1463 3385 1679 3442 vestrae,
1710 3386 1767 3432 et

167 3455 385 3509 idcirco
433 3472 526 3510 vos
574 3459 806 3513 arbitror
855 3462 934 3515 sic
989 3463 1113 3516 talia
1164 3466 1519 3532 proposuisse,
1572 3475 1626 3520 ut
1674 3483 1766 3530 ter

167 3548 430 3601 eamdem
487 3552 905 3618 propositionem
955 3568 1272 3625 quocunque
1321 3557 1372 3611 in
1426 3557 1542 3613 loco
1565 3561 1767 3615 reditus

169 3638 340 3694 utiles
365 3642 670 3707 potuissetis
699 3646 970 3715 accipere.
997 3647 1199 3712 Laudo.
1232 3650 1394 3706 frater
1424 3651 1761 3718 cltarissime,

174 3726 536 3782 intentionem
567 3730 844 3786 charitatis
875 3742 1066 3798 tantae,
1095 3743 1152 3789 et
1175 3736 1522 3791 vehementer
1559 3740 1764 3808 ample-

168 3826 318 3880 ctor,
364 3817 485 3886 quia
540 3819 617 3874 sic
671 3835 856 3876 curam
896 3823 1155 3880 Ecclesiae
1199 3836 1395 3882 nostrae
1439 3829 1614 3899 agitis,
1648 3845 1766 3899 qua:

171 3908 422 3977 profecto
451 3919 627 3968 vestra
657 3921 761 3979 est,
793 3916 934 3970 sicut
970 3925 1024 3970 et
1060 3927 1258 3973 vestra:
1293 3934 1410 3988 qute
1441 3929 1620 3975 nostra
1648 3933 1762 3986 est;

171 4007 360 4054 tamen
392 4017 489 4057 nec
540 4003 590 4059 in
639 4005 982 4072 suburbano,
1009 4023 1112 4064 nec
1137 4009 1204 4064 de
1233 4024 1406 4066 massa
1440 4010 1621 4078 Getas,
1671 4013 1761 4067 lilii

170 4090 284 4146 mei
316 4093 752 4151 excellentissimi
785 4096 947 4152 Italici
979 4107 1035 4154 et
1063 4098 1253 4155 domus
1283 4100 1528 4156 Venautii
1558 4101 1761 4158 reditus

167 4197 317 4251 quos
349 4183 704 4252 promiserunt
725 4198 850 4244 sunt
877 4191 1111 4258 petendi.
1149 4192 1254 4250 Sed
1306 4193 1420 4249 sive
1449 4193 1476 4232 δ
1520 4195 1570 4247 in
1602 4195 1761 4264 Syra-

169 4288 398 4342 cusana,
431 4277 546 4332 sine
571 4277 623 4334 in
657 4279 1028 4336 Panormitana
1060 4293 1209 4354 parte
1229 4284 1356 4341 dare
1379 4286 1664 4352 voluerint,
1697 4287 1767 4341 ad

169 4366 279 4422 hoc
315 4368 487 4422 solum
531 4379 706 4425 vestra
746 4374 1001 4429 sanctitas
1029 4376 1100 4429 sit
1141 4375 1378 4442 intenta,
1408 4387 1463 4430 ut
1491 4377 1644 4432 utiles
1675 4393 1768 4445 per

168 4458 358 4514 ornnia
390 4461 592 4515 reditus
617 4462 872 4530 accipiat,
911 4466 1203 4520 secundum
1246 4469 1651 4537 promissionem
1677 4484 1768 4538 pa-

1869 3282 2082 3339 oportet
2115 3273 2253 3327 ferre
2275 3273 2600 3337 consultum,
2624 3277 2974 3343 experientiae
3007 3290 3107 3334 tua:
3137 3282 3234 3337 hac
3274 3294 3457 3341 aucto-

1869 3366 2024 3420 ritate
2052 3365 2413 3433 prmcipimus,
2439 3379 2700 3434 quatenus
2722 3370 3066 3436 appendicem
3095 3389 3212 3442 qnte
3237 3378 3455 3444 Agellus

1869 3456 2085 3519 dicitur,
2109 3471 2173 3511 ex
2203 3470 2428 3525 corpore
2459 3473 2650 3512 masste
2678 3459 3015 3526 Gratilianze,
3057 3478 3174 3516 cum
3202 3467 3310 3520 suis
3343 3468 3460 3523 lini-

1871 3549 1969 3603 bus
1999 3550 2078 3603 eis
2121 3549 2322 3604 debeas
2367 3550 2703 3619 contradere,
2737 3552 2876 3620 quod
2903 3554 2981 3608 eis
3007 3555 3158 3610 salvo
3191 3557 3312 3625 jure
3351 3559 3456 3612 Ec-

1869 3642 2049 3696 clesiae
2098 3650 2294 3696 nostra:
2349 3643 2400 3696 in
2440 3659 2599 3696 xxxvi
2643 3660 2898 3698 annorum
2931 3648 3160 3714 spatium
3190 3651 3460 3705 concessi-

1869 3747 1988 3785 mus
2034 3731 2251 3787 habere.
2299 3731 2404 3787 Sed
2445 3740 2499 3786 et
2549 3734 2800 3788 terrulam
2847 3737 3146 3791 modiorum
3199 3757 3297 3793 xxx
3333 3741 3357 3778 ι)
3389 3757 3458 3796 ex

1869 3820 2120 3890 priedicta
2152 3835 2346 3886 massa,
2381 3836 2539 3890 quam
2591 3822 2793 3889 pridem
2843 3839 2872 3876 a
2919 3826 3073 3880 nobis
3127 3828 3226 3882 sibi
3277 3831 3454 3883 datam

1848 3910 2146 3978 possidere
2197 3919 2510 3975 noscuntur,
2562 3912 2761 3979 pariter
2810 3912 2861 3966 itt
2908 3916 3161 3981 praedicto
3191 3934 3455 3973 annorum

1867 4002 2038 4070 spatio
2064 4017 2159 4057 eos
2188 4002 2387 4056 habere
2409 4003 2772 4070 concedimus,
2806 4016 3072 4072 quatenus
3123 4009 3213 4065 tali
3271 4013 3458 4076 provi-

1868 4097 2020 4151 sione
2047 4095 2392 4166 congregatio
2431 4095 2538 4150 illic
2571 4100 2906 4165 consistens,
2953 4100 3110 4168 hujus
3157 4103 3232 4156 rei
3282 4103 3458 4158 valeat

1871 4192 2068 4246 habere
2094 4192 2365 4244 solatium.
2399 4191 2733 4257 Experientia
2765 4193 2941 4261 itaque
2979 4205 3088 4258 tua,
3136 4195 3292 4263 hujus
3321 4211 3448 4264 prtia.

1869 4284 2008 4353 cepti
2040 4283 2356 4336 auctoritate
2381 4280 2614 4349 sull'ulta,
2652 4283 2932 4350 praedictas
2972 4293 3139 4337 terras
3170 4286 3247 4338 eis
3281 4287 3455 4340 trade-

1871 4394 1929 4431 re
1961 4393 2065 4429 non
2091 4383 2348 4442 moretur,
2382 4384 2438 4428 ut
2481 4375 2718 4430 liberiori
2767 4375 2949 4430 animo
2987 4375 3040 4429 in
3071 4376 3163 4430 Dei
3208 4377 3453 4432 laudibus

1871 4470 2081 4523 valeant
2109 4481 2441 4537 perztzauere.

247 4634 432 4712 Ertsr.
467 4633 597 4712 χιιι
620 4634 727 4707 [ΑΙ.
760 4632 876 4707 48.]
903 4667 976 4712 _—-
1003 4644 1027 4672 ο
1060 4636 1412 4694 Grumentum
1437 4685 1451 4707 ,
1488 4644 1614 4700 urbs
1656 4645 1760 4700 Lu-
1788 4645 1838 4706 ι)
1866 4642 2120 4695 mentitur.
2148 4638 2281 4712 Tres
2310 4645 2594 4712 sequentes
2639 4638 2875 4712 epistola:
2909 4639 3286 4694 desiderantur
3312 4659 3451 4712 quo-

168 4707 346 4783 eanim
379 4705 1168 4783 m_editerr’attea,__v:ulgoAnunc
1211 4705 1501 4783 Agrintente
1525 4757 1538 4780 ,
1591 4718 1760 4783 inquit

167 4777 633 4853 Gussanvillt‘eus,
665 4791 733 4831 ex
775 4777 1273 4853 Holstettioupag.‘
1297 4781 1386 4837 2'2.
1427 4777 1756 4853 Holsteni'us,

169 4860 364 4901 annm.
392 4847 443 4900 in
472 4847 752 4920 Ortelium,
785 4864 904 4919 pag.
938 4850 1004 4902 89
1036 4868 1048 4904 :
1078 4849 1171 4916 Re,
1202 4847 1408 4920 inquit,
1452 4857 1629 4910 melius
1670 4847 1760 4910 ex;

169 4934 356 4989 pensa,
391 4917 728 4989 putatfuisse
759 4917 1063 4989 Agromento
1091 4923 1155 4975 ad
1183 4917 1423 4976 dextram
1456 4925 1629 4980 Aciris
1657 4928 1756 4980 fitt-

168 4987 426 5063 !ii.___Sed
467 4988 594 5063 quid
640 4987 883 5063 liomajno
932 4989 1384 5060 Syracusanarum
1439 4997 1664 5063 partium
1705 4998 1756 5053 in

168 5057 674 5130 Siciliadefensori,
706 5068 758 5113 et
779 5057 1105 5130 Agromento
1146 5063 1196 5114 itt
1244 5057 1512 5117 Lucania?
1544 5066 1630 5119 ubi
1661 5067 1758 5122 Sa.

167 5131 334 5204 vinus
355 5128 848 5204 defensor,_indict.'
872 5131 925 5204 5,
954 5131 1172 5204 epist.5
1192 5144 1243 5185 et
1262 5134 1332 5204 76;
1363 5137 1460 5188 hac
1488 5137 1670 5192 indict.
1699 5135 1751 5204 5,

170 5199 336 5270 epist.
381 5199 469 5259 21,
505 5197 594 5262 22,
631 5199 720 5264 23,
762 5199 864 5266 24;
897 5197 1078 5255 indict.
1108 5203 1159 5264 6,
1189 5197 1342 5270 epist.
1389 5204 1480 5258 2t.
1527 5209 1629 5260 Sed
1661 5197 1757 5261 alii

169 5269 304 5341 quid
333 5282 507 5341 causae
525 5284 642 5341 esse
666 5274 839 5338 potuit
880 5279 956 5337 ut,
1001 5269 1358 5338 prietermisso
1397 5276 1614 5341 Savino,
1665 5293 1755 5331 ne-

170 5339 378 5412 gotium
430 5338 532 5392 hoc
563 5340 803 5412 Romano
860 5342 912 5395 in
964 5342 1135 5412 vicina
1177 5346 1444 5412 provincia
1485 5338 1754 5402 defensori

169 5408 620 5463 committeretur.
655 5410 816 5466 Forte
844 5412 1028 5466 aberat
1059 5408 1285 5468 Savi'nus
1313 5425 1404 5469 aut
1443 5421 1753 5474 :etzrotabat.

172 5477 444 5533 Caeterum
488 5482 712 5548 epistola
750 5482 864 5536 haec
917 5482 972 5536 in
1005 5483 1174 5537 tribus
1223 5494 1425 5540 tantum
1472 5477 1756 5543 Codicibus

172 5549 332 5602 nobis
356 5552 610 5613 occurrit,
644 5551 851 5606 scilicet
892 5552 945 5606 in
985 5552 1153 5607 Vatic.
1199 5556 1272 5616 A.
1311 5555 1508 5613 Victor.
1558 5568 1612 5613 et
1655 5558 1758 5613 Re-

175 5620 333 5686 tnig.,
382 5621 568 5689 inquo
610 5624 892 5676 nonnullas
928 5623 1102 5677 varias
1148 5625 1406 5680 lectiones
1450 5630 1757 5682 observavi—

176 5704 319 5765 mus,
350 5690 444 5765 sed
479 5706 580 5744 non
616 5695 790 5765 magni
820 5696 1105 5758 momenti;
1138 5696 1214 5749 sic
1243 5697 1342 5750 hoc
1375 5697 1491 5750 loci)
1539 5714 1633 5765 pro
1661 5716 1756 5762 pa-

172 5761 366 5814 rorhia:
392 5758 767 5830 Crumentiné,
820 5765 1012 5836 legitur
1036 5766 1295 5834 parochias
1343 5758 1585 5822 Ecclesia:
1626 5758 1760 5822 Gru-

1865 4729 1967 4782 que
1994 4713 2044 4764 in
2073 4711 2320 4765 omnibus
2349 4709 2474 4762 Mss.
2503 4711 2721 4777 nostris,
2745 4710 2788 4764 si
2809 4720 2916 4765 tres
2948 4712 3191 4766 laudatos
3223 4709 3448 4769 Codices

1936 4782 2124 4836 cipias.

1865 4798 2124 4906 ωῗῖιθιξῗῖ
2167 4849 2326 4922 thtt
2378 4847 2486 4922 [44.
2526 4847 2655 4922 to].
2703 4859 2844 4922 —.da
2877 4851 3079 4922 Remig.
3107 4893 3124 4916 ,
3177 4851 3451 4907 Paschasi-

1863 4940 2075 4978 nus.....
2101 4931 2147 4976 et
2170 4919 2396 4974 Blanca.’
2424 4919 2590 4973 Vatic.
2616 4919 2665 4974 Ἀ
2691 4931 2746 4975 et
2778 4919 2936 4986 Viet.,
2962 4931 3005 4974 et
3037 4919 3254 4975 Blanco.

1933 4994 1959 5032 ιι
1987 4993 2102 5047 Jatn
2147 5007 2303 5058 supra
2336 4991 2739 5045 observavimus
2789 4991 2920 5046 duas
2968 4994 3129 5046 fuisse
3176 4995 3226 5046 iu
3268 4991 3447 5048 Sicilia

1861 5063 2162 5133 patrimonii
2207 5062 2348 5116 Eccl.
2391 5060 2642 5133 Romana:
2682 5062 3026 5133 stationesin
3076 5064 3268 5132 quibus
3318 5080 3446 5116 cen-

1857 5131 1948 5188 sus
1981 5135 2369 5203 pensionesque
2398 5131 2773 5198 solvebantur,
2822 5148 2900 5186 sc.
2932 5131 3211 5203 Syracusis
3261 5140 3316 5187 et
3348 5133 3444 5187 l’a-

1863 5221 2061 5258 normt.

1931 5277 2110 5329 Eetsr.
2141 5271 2298 5328 XLIV
2329 5270 2436 5343 [ΑΙ.
2463 5267 2584 5343 _{i0].
2617 5301 2688 5311 —
2720 5279 2744 5307 ⁸
2780 5271 2984 5343 vatim,
3035 5271 3236 5343 Remig.
3271 5280 3324 5327 et
3355 5272 3448 5326 Vi-

1858 5356 2020 5407 ctor..
2055 5345 2271 5412 pretium
2294 5341 2424 5414 ejus.
2460 5341 2663 5412 Remig.
2692 5355 2811 5394 cum
2844 5341 2980 5396 Vict.
3032 5341 3205 5397 habet
3229 5350 3443 5410 steterit,

1859 5416 2282 5494 ντίιδιαιυεῑὲξσ..
2746 5489 2763 5494 _
2819 5482 2876 5494 _.
3123 5483 3135 5494 .
3263 5481 3320 5494 _.

1934 5485 2111 5539 EPIST.
2148 5482 2282 5537 XLV
2320 5482 2436 5554 [ΑΙ.
2486 5479 2597 5552 5|].
2645 5489 2769 5554 -έε
2819 5482 3001 5548 Blera,
3049 5483 3208 5554 vulgo
3253 5481 3439 5546 Bieda,

1863 5556 1989 5609 urbs
2019 5556 2146 5610 olim
2172 5553 2398 5632 Tusciie,
2433 5553 2963 5632 episcopalis-munito
3000 5553 3250 5632 oppidum
3284 5564 3451 5632 patri.

1865 5627 2026 5679 monii
2055 5625 2224 5678 sancti
2253 5623 2413 5685 Petri,
2445 5624 2619 5677 Sutrio
2651 5632 2704 5677 et
2745 5623 2980 5677 Viterbio
3013 5623 3234 5677 urbibus
3280 5623 3450 5675 liniti-

1866 5713 2034 5753 mum.
2065 5695 2130 5748 ad
2155 5710 2186 5748 ι
2217 5695 2431 5748 circiter
2455 5694 2610 5747 millia
2648 5709 2893 5763 passuum
2923 5694 3147 5748 dismns.
3181 5693 3446 5750 GUSSANV.

1940 5767 1963 5803 δ
2001 5764 2169 5822 Valic.
2198 5767 2260 5836 Α,
2294 5775 2338 5818 et
2367 5764 2660 5834 pra’dictam
2686 5781 2904 5820 massam
2931 5780 3103 5834 quam.
