3956 6336
211 290 355 347 1255

945 304 1416 365 EPISTOLARUM
1455 308 1582 363 LIB.
1627 308 1759 364 XIII.
1800 340 1869 351 —
1909 311 2149 370 INDICT.
2200 315 2281 371 Vl.
2323 348 2392 359 —
2431 320 2644 378 EPIST.
2689 326 2729 381 I.
3329 339 3462 398 1254

199 409 536 481 physitarum
564 427 749 468 errore
778 419 1020 472 conversi
1046 430 1189 482 sunt,
1221 430 1378 488 atque
1412 429 1613 475 saneta:
1660 421 1782 476 uni-
1889 437 2067 481 vestra
2096 431 2370 498 percipere
2417 444 2474 487 ut
2516 436 2569 489 hi
2613 440 2700 505 qui
2747 442 2796 495 in
2827 459 2889 498 eo
2915 459 3037 502 sunt
3085 450 3339 520 hzeretici,
3373 472 3466 514 aut

196 502 394 554 versali
457 502 708 558 Ecclesia:
756 509 1078 574 semetipsos
1121 511 1509 566 adunaverunt.
1557 511 1657 575 Qui
1715 511 1780 566 ad
1851 502 1948 568 'ad
1977 518 2151 573 sinum
2198 530 2395 576 sancta:
2447 502 2698 582 Ecclesia:
2748 535 2987 604 redeant,
3044 502 3464 605 autdeuegdgy;

195 592 342 645 beati
376 593 519 647 Petri
543 597 907 663 apostolorum
940 602 1192 669 principis
1236 604 1516 656 ecclesiam
1557 612 1781 671 perten-
1887 610 2216 663 monasterio
2246 613 2599 693 repellantur.
2629 619 2748 674 llaac
2786 637 2815 675 a
2855 592 3006 681 nobis
3043 592 3466 693 indicatavvob-i;

189 687 417 746 dentes,
449 699 804 751 poposcerunt
854 704 882 740 a
910 705 994 743 me
1026 700 1081 742 ut
1107 707 1202 745 eos
1241 694 1374 747 meis
1406 694 1652 762 epistolis
1684 712 1780 748 ve-
1885 711 2002 750 esse
2034 699 2332 768 sufficiant;
2381 719 2501 757 nam
2546 685 2610 761 de
2642 720 2814 764 vestra
2845 714 3169 775 beatitudine
3221 729 3467 784 novimus

188 783 321 826 stne
368 775 675 830 beatitudini
719 781 1096 834 commendare
1140 782 1468 848 debuissem,
1517 795 1776 852 quatenus
1883 791 2003 857 quia
2033 794 2287 862 quidquid
2317 795 2384 850 ad
2427 800 2598 855 zelum
2651 804 2744 858 Dei
2786 809 3163 876 omnipotentis

188 866 256 887 _,,
289 867 553 887 ,ημμεημ
588 869 667 887 με
799 871 887 887 _,.
971 886 978 887 ,
1158 882 1166 887 .
1286 876 1316 887 ..
1443 877 1452 887 .
1611 881 1622 887 -
1667 879 1678 887 .

183 866 260 918 ab
288 867 556 921 haereticis
581 869 669 936 qui
700 869 844 936 juxta
877 871 1018 937 ipsos
1049 882 1174 926 sunt
1210 876 1407 928 nullam
1435 877 1542 944 jam
1575 879 1781 933 violen-
1883 896 2002 936 cum
2031 889 2172 940 omni
2200 887 2374 946 facere
2413 893 2622 950 fervore
2668 896 2902 954 festinet.
2935 866 3051 954 Ῥτο
3099 920 3185 958 me
3209 866 3355 962 'vero
3407 866 3464 964 ui.

187 954 321 1006 tiam
356 958 557 1023 perpeti
589 960 980 1060 permutantur.
1011 960 1075 1014 Et
1097 963 1216 1030 quia
1255 977 1390 1017 unus
1427 979 1611 1020 eorum
1653 968 1783 1023 dicit
1883 976 2048 1030 oretis
2078 987 2222 1044 peto,
2251 983 2371 1050 quia
2402 984 2538 1041 inter
2579 988 2781 1056 gladius
2833 991 3296 1060 Langobardorum
3327 1014 3465 1068 quos

185 1048 580 1100 monasterium
623 1048 676 1103 in
717 1064 822 1118 quo
873 1050 970 1104 fuit
1018 1067 1046 1104 a
1105 1055 1408 1119 parentibus
1455 1057 1566 1112 suis
1618 1059 1782 1115 fuisse
1883 1067 2123 1125 sustineo
2146 1048 2392 1144 podagra:
2413 1048 2685 1137 doloribus
2715 1048 3060 1142 vehementer
3089 1088 3313 1159 affligar.

182 1143 557 1193 constructum
590 1178 606 1204 ,
661 1141 1035 1197 auctoritatem
1091 1143 1362 1202 desiderat
1413 1163 1444 1202 a
1497 1151 1781 1207 sanctitate

207 1323 3456 1391 _____.______________________~

882 1475 1286 1561 LIBER
1365 1479 1998 1570 DECIMUS
2080 1490 2739 1585 TERTIUS.

1021 1681 1371 1746 lndictione
1403 1703 1487 1758 Vl,
1526 1702 1696 1749 anno
1725 1691 1807 1751 ab
1842 1690 1982 1768 ejus
2018 1695 2418 1762 ordinatione
2462 1720 2600 1764 xm.

557 1820 763 1892 1213
803 1821 1128 1878 EPISTOLA
1173 1822 1407 1880 PRIMA.
1797 1830 1841 1890 Β
1868 1829 2047 1923 batum
2079 1833 2246 1901 ipsum
2278 1838 2668 1909 redemptorem
2696 1855 2936 1904 nostrum
2965 1851 3143 1910 Jesum
3167 1859 3439 1923 Christum

707 1931 773 1967 AD
813 1929 1051 1969 ROMANOS
1088 1931 1257 1970 CIVES.

179 2003 307 2056 Non
339 2005 722 2078 custodiendum
748 2009 901 2076 juxta
923 2005 1144 2078 litteram
1163 2007 1538 2062 Sobbatidii'm.
1565 2009 1760 2078 Corpus

328 2073 592 2126 Dominico
623 2076 706 2127 die
735 2073 1046 2128 necessitatis
1077 2093 1232 2129 causa
1263 2080 1421 2131 lavari
1448 2096 1614 2150 posse.

259 2183 550 2252 Gregorius
576 2194 596 2218 δ
626 2200 807 2240 servus
834 2202 1106 2244 servorum
1135 2188 1227 2244 Dei
1257 2189 1613 2248 dil:ctissimis
1637 2193 1759 2248 filiis

171 2273 291 2324 suis
322 2271 575 2327 Romanis
603 2275 824 2330 civibus.

248 2363 496 2418 Pervenit
524 2365 589 2419 ad
618 2381 700 2421 me
740 2369 995 2436 quosdam
1041 2374 1276 2439 perversi
1322 2373 1540 2443 spiritus
1586 2376 1758 2430 homi-

169 2466 289 2515 nes,
321 2468 483 2519 prava
512 2455 649 2509 inter
677 2472 770 2511 vos
800 2457 970 2527 aliqua
1018 2470 1069 2513 et
1107 2472 1306 2516 sanetae
1350 2464 1471 2518 fidei
1519 2464 1750 2519 adversa

163 2542 491 2611 seminasse,
519 2547 586 2600 ita
613 2554 665 2600 ut
695 2548 745 2600 in
801 2549 885 2602 die
914 2548 1129 2603 Sabbati
1159 2552 1356 2621 aliquid
1389 2554 1597 2622 operari
1632 2571 1752 2623 pro-

169 2632 438 2686 hiberent.
475 2635 615 2701 Quos
653 2637 776 2703 quid
822 2638 961 2691 aliud
1011 2641 1109 2694 nisi
1155 2640 1464 2697 Antichristi
1500 2647 1754 2712 pranlica-

164 2732 318 2775 tores
349 2723 619 2779 dixerim?
647 2727 742 2793 Qui
774 2730 1016 2796 veniens,
1063 2729 1203 2786 diem
1253 2732 1540 2787 Sabbatum
1594 2743 1752 2805 atque

160 2810 504 2870 Dominicum
524 2817 588 2871 ab
611 2819 755 2873 omni
787 2821 940 2874 faciet
970 2837 1130 2889 opere
1161 2825 1434 2878 custodiri.
1459 2827 1587 2892 Quia
1608 2825 1748 2880 enim

160 2907 304 2958 mori
337 2921 392 2960 se
422 2917 476 2961 et
505 2923 783 2979 resurgere
813 2912 1046 2978 simulat,
1081 2914 1264 2968 haberi
1315 2917 1364 2969 in
1409 2919 1751 2974 veneratione

157 2996 283 3048 vult
326 2997 465 3051 diem
501 2999 860 3067 Dominicum;
913 3013 965 3058 et
1016 3005 1135 3073 quia
1177 3006 1448 3073 judaizare
1497 3011 1750 3077 pOpulum

154 3089 441 3157 compellit
471 3099 528 3144 ut
563 3093 881 3147 exteriorem
911 3097 1070 3149 ritum
1109 3097 1237 3165 legis
1283 3106 1517 3163 revocet,
1548 3108 1601 3154 et
1646 3100 1747 3156 sibi

153 3178 470 3234 Judteorum
496 3184 769 3251 perfidiam
799 3185 1009 3250 subdat,
1050 3187 1150 3241 coli
1181 3188 1296 3241 vult
1317 3188 1627 3244 Sabbatum.

237 3272 352 3326 Iloc
379 3274 520 3327 enim
549 3276 687 3342 quod
717 3291 810 3343 per
839 3279 1149 3344 prophetam
1182 3278 1410 3334 dicitur:
1442 3280 1524 3335 Ne
1554 3283 1747 3351 infera-

151 3363 230 3416 tis
261 3379 418 3416 onera
447 3382 536 3432 per
571 3377 742 3434 portas
771 3377 959 3420 vestras
993 3368 1076 3421 die
1105 3369 1318 3423 Sabbati
1355 3369 1564 3440 (Jerem.
1614 3387 1744 3437 xvu,

146 3453 281 3523 9.4),
317 3457 494 3510 tandiu
529 3459 697 3513 teneri
728 3461 916 3528 potuit,
943 3461 1194 3529 quamdiu
1229 3464 1397 3531 legem
1431 3463 1574 3518 licuit
1598 3465 1744 3534 juxta

154 3548 398 3601 litteram
428 3551 703 3604 cnstodiri.
749 3554 815 3605 At
846 3563 1124 3620 postquam
1156 3557 1321 3625 gratia
1368 3557 1746 3624 omnipotentis

153 3639 260 3692 Dei
296 3641 501 3695 Domini
550 3643 714 3696 nostri
759 3644 885 3698 Jesu
915 3645 1114 3699 Christi
1161 3650 1424 3715 apparuit,
1480 3662 1743 3717 praecepta

151 3731 293 3798 legis
324 3746 440 3800 qua:
466 3747 558 3800 per
588 3735 806 3802 figuram
838 3735 977 3788 dicta
1008 3745 1131 3789 sunt
1167 3737 1315 3805 juxta
1357 3738 1588 3792 litteram
1629 3755 1746 3794 scr-

145 3822 272 3874 vari
302 3838 405 3875 non
437 3833 675 3892 possunt.
708 3826 838 3879 Nam
869 3826 912 3880 si
940 3828 1058 3895 quis
1090 3827 1218 3882 dicit
1262 3830 1361 3884 hoc
1404 3829 1468 3883 de
1509 3830 1744 3886 Sabbato

148 3927 284 3966 esse
314 3916 654 3982 servandum,
681 3916 824 3971 dicat
849 3932 1068 3972 necesse
1098 3929 1178 3972 est
1204 3919 1363 3973 etiam
1394 3921 1624 3974 carnalia
1657 3935 1745 3974 sa-

147 4005 359 4057 crilicia
411 4006 782 4072 persolvenda,
834 4007 976 4062 dicat
1025 4019 1345 4077 praeceptum
1406 4026 1617 4081 quoque
1673 4012 1741 4067 de

146 4095 567 4150 circumcisione
593 4099 830 4166 corporis
860 4098 1035 4153 adhuc
1061 4113 1226 4167 usque
1254 4101 1610 4154 retinendum.
1638 4103 1742 4157 Sed

149 4196 347 4240 contra
398 4202 456 4241 se
505 4187 722 4241 Paulum
783 4189 1076 4255 apostolum
1121 4190 1299 4244 audiat
1350 4191 1744 4247 dicentem:Si

149 4281 602 4335 circumcidamini
629 4323 643 4348 ,
691 4281 923 4336 Christus
967 4283 1103 4337 vobis
1166 4283 1296 4338 nihil
1343 4285 1550 4354 prodest
1589 4284 1740 4354 (Ga-

151 4375 253 4424 lal.
289 4388 343 4436 v,
370 4372 448 4439 “2).

226 4467 338 4516 l\os
391 4466 564 4532 itaque
615 4465 712 4520 hoc
751 4465 887 4536 quod
931 4467 997 4521 de
1046 4467 1280 4523 Sabbato
1327 4469 1582 4537 scriptum
1633 4480 1737 4538 est,

1867 1919 2148 2021 Dominum
2175 1926 2448 1984 habemus.
2482 1931 2549 1986 Et
2571 1934 2656 2001 qui
2689 1936 2858 1993 lucem
2889 1940 3012 1997 fidei
3042 1947 3156 2014 ejus
3180 1919 3442 2024 agnoscit,

1862 2025 1907 2065 δι
1957 2027 2168 2081 peccata
2219 2024 2663 2090 concupiscentiae
2711 2030 2776 2082 ad
2830 2045 3061 2090 mentem
3116 2055 3213 2108 per
3259 2048 3445 2102 oculos

1863 2105 2042 2170 trahit,
2078 2109 2128 2162 in
2156 2110 2243 2164 die
2286 2113 2498 2168 Sabbati
2547 2133 2706 2173 onera
2758 2137 2852 2192 per
2902 2136 3080 2193 portas
3116 2105 3440 2195 introducit.

1863 2193 1975 2248 Non
2019 2212 2145 2268 ergo
2195 2201 2246 2253 in
2293 2203 2378 2257 die
2429 2206 2645 2262 Sabbati
2689 2226 2782 2279 per
2825 2226 3005 2281 portas
3056 2193 3442 2283 introducimus

1860 2297 2043 2350 onera,
2077 2291 2141 2350 si,
2185 2291 2235 2344 in
2285 2293 2659 2364 Redemptoris
2705 2303 2872 2356 nostri
2922 2308 3093 2374 gratia
3142 2317 3438 2375 constituti.

1861 2375 2092 2441 pondera
2125 2383 2326 2446 peccati
2379 2387 2442 2437 ad
2498 2389 2727 2443 animam
2777 2406 2869 2460 per
2915 2411 3102 2453 sensus
3151 2417 3440 2470 corporeos

1858 2479 1962 2517 non
1995 2468 2289 2523 trahamus.
2340 2474 2469 2526 Nam
2521 2476 2660 2531 idem
2715 2481 2968 2538 Dominus
3019 2503 3082 2542 ac
3131 2468 3437 2563 redemptor

1858 2560 2040 2606 noster
2073 2555 2231 2608 multa
2264 2558 2315 2611 in
2347 2559 2431 2613 die
2475 2561 2691 2618 Sabbati
2725 2567 2913 2636 legitur
2946 2585 3230 2644 operatus,
3262 2555 3334 2633 ita
3381 2593 3438 2636 ut

1856 2643 2069 2699 Judtcos
2103 2652 2539 2720 reprehenderet,
2594 2657 2773 2714 dicens
2804 2677 2816 2714 :
2847 2662 2973 2726 Quis
3007 2680 3224 2722 vestrum
3267 2672 3436 2727 bovem

1855 2743 1941 2786 aut
1970 2739 2171 2790 asinum
2201 2756 2350 2793 suum
2384 2760 2485 2796 non
2523 2748 2671 2799 solvit
2719 2753 2770 2803 in
2812 2755 2892 2804 die
2943 2755 3176 2826 Sabbati,
3226 2770 3271 2814 et
3298 2765 3438 2818 ducit

1853 2827 2112 2894 aduquare
2142 2830 2296 2902 (Luc.
2333 2851 2438 2900 XIV,
2471 2835 2562 2905 5)?
2602 2841 2654 2893 Si
2685 2858 2810 2912 ergo
2858 2845 2969 2913 ipsa
3014 2864 3106 2916 per
3134 2867 3191 2906 se
3225 2853 3434 2912 Veritas

1855 2931 1960 2970 non
2011 2922 2263 2975 CliSlOdll‘I
2305 2925 2453 2990 juxta
2519 2929 2748 2984 li:teram
2816 2933 3103 2993 Sabbatum
3154 2948 3428 3014 praecepit,

1852 3009 2090 3077 quisquis
2120 3018 2284 3066 otium
2317 3015 2530 3069 Sabbati
2575 3022 2866 3076 secundum
2910 3026 3042 3096 legis
3077 3029 3304 3088 litteram
3330 3009 3432 3092 cu;

1851 3102 2033 3165 stodit,
2062 3104 2143 3155 cui
2175 3106 2324 3158 alteri
2352 3109 2447 3160 nisi
2468 3107 2562 3176 ipsi
2602 3111 2815 3168 Veriati
2842 3119 3195 3175 contradicit?

1771 3199 1816 3261 ρ
1920 3191 2074 3243 Aliud
2107 3208 2315 3262 quoque
2342 3195 2408 3250 ad
2439 3213 2523 3251 me
2555 3201 2812 3267 perlatum
2836 3215 2934 3273 est,
2970 3210 3117 3264 vobis
3148 3226 3177 3266 a
3211 3230 3428 3281 perver-

1850 3279 1922 3333 sis
1972 3281 2272 3337 hominibus
2317 3301 2434 3340 esse
2479 3289 2843 3359 przedicatun,
2874 3293 2901 3332 δ
2937 3307 2992 3350 ιιι
3030 3279 3426 3362 Οιηιιὶιιὶεοιίιιῐι

1849 3371 1935 3424 die
1963 3374 2135 3426 nullus
2157 3375 2346 3431 debeat
2374 3379 2555 3433 lavari.
2591 3385 2650 3435 Et
2680 3386 2890 3452 quidem
2923 3390 2964 3442 si
2991 3406 3086 3458 pro
3109 3394 3232 3448 luxu
3264 3400 3428 3454 animi

1849 3470 2008 3530 atque
2042 3464 2310 3532 voluptate
2344 3470 2458 3538 quis
2490 3470 2649 3525 lavari
2684 3476 2907 3543 appetit,
2941 3479 3039 3534 hoc
3080 3483 3193 3536 fieri
3221 3501 3317 3542 nec
3339 3504 3430 3543 re-

1851 3552 1994 3621 liquo
2025 3557 2260 3621 quolibet
2289 3560 2374 3613 die
2404 3564 2765 3620 concedimus.
2809 3568 2862 3622 Si
2902 3580 3078 3627 autem
3121 3591 3215 3643 pro
3245 3594 3430 3636 neces-

1848 3646 2004 3697 sitate
2041 3647 2304 3714 corporis,
2341 3650 2441 3704 hoc
2474 3668 2571 3707 nec
2621 3655 3016 3716 Dominicorum
3065 3665 3148 3720 die
3177 3670 3428 3736 prohibe-

1848 3748 1988 3787 mus.
2023 3734 2286 3804 Scriptum
2319 3742 2512 3810 quippe
2542 3753 2620 3797 est
2653 3763 2668 3799 :
2702 3745 2870 3802 Nemo
2900 3767 3101 3807 carnem
3128 3734 3275 3810 suam
3306 3761 3424 3814 odio

1846 3826 2042 3891 habuit,
2072 3829 2161 3880 sed
2186 3836 2344 3883 nutrit
2370 3843 2416 3883 et
2441 3834 2573 3901 [ovet
2602 3851 2714 3888 eam
2745 3837 2960 3909 (Ep/tes.
2986 3859 3036 3910 v,
3071 3846 3185 3916 ‘29).
3218 3848 3281 3901 Et
3312 3867 3429 3904 rur-

1845 3931 1963 3970 sum
1997 3919 2252 3984 scriptum
2283 3930 2365 3974 est
2395 3939 2407 3974 :
2442 3922 2624 3978 Carnis
2651 3943 2828 3981 curam
2858 3947 2918 3983 ne
2945 3932 3167 4000 feceritis
3207 3939 3258 3991 in
3299 3955 3427 3993 con-

1846 4011 2168 4078 cupiscentiis
2195 4011 2372 4082 (Rom.
2410 4031 2523 4079 χιιι,
2556 4017 2666 4088 Μ).
2710 4020 2808 4087 Qui
2839 4023 3000 4093 igitur
3039 4031 3214 4084 carnis
3243 4047 3426 4088 curam

1846 4099 1896 4151 in
1925 4101 2367 4169 concupiscentiis
2398 4105 2507 4158 fieri
2538 4108 2805 4174 prohibet,
2840 4112 3079 4180 profecto
3109 4118 3160 4172 in
3191 4123 3429 4176 necessi-

1846 4193 2040 4244 tatibus
2079 4193 2341 4247 concedit.
2394 4195 2525 4249 Nam
2567 4201 2612 4252 si
2660 4200 3056 4259 Dominicorum
3107 4209 3194 4263 die
3224 4226 3420 4281 corpus

1844 4281 2024 4336 lavare
2041 4294 2315 4351 peccatum
2344 4296 2446 4350 est,
2478 4289 2640 4343 lavari
2668 4306 2795 4360 ergo
2816 4294 2900 4348 die
2916 4295 3104 4352 eodem
3129 4314 3226 4354 nec
3259 4300 3423 4358 facies

1843 4373 2022 4427 debet.
2056 4374 2110 4428 Si
2141 4386 2316 4428 autem
2369 4376 2469 4431 hoc
2515 4379 2564 4431 in
2615 4384 2853 4450 corporis
2893 4394 3040 4452 parte
3085 4393 3419 4459 conceditur,

1843 4479 1938 4517 cur
1970 4466 2070 4519 hoc
2115 4467 2362 4534 exigente
2403 4469 2718 4525 necessitate
2762 4475 2856 4526 toti
2905 4479 3113 4544 corpori
3161 4485 3422 4549 negatur?

155 4554 378 4624 1214,
403 4557 714 4623 Spiritalitcr
761 4559 1067 4626 accipimus,
1117 4558 1426 4627 spiritaliter
1468 4569 1730 4616 tenemus.
1764 4576 1815 4633 D
1849 4556 2482 4609 Dominicorumverodie
2508 4568 2529 4595 ο
2562 4572 2590 4610 a
2625 4559 2804 4615 labore
2836 4570 3046 4619 terreno
3081 4569 3425 4640 1215ces-

147 4648 447 4699 Subbalttln
482 4650 620 4700 enim
654 4651 863 4718 requies
901 4651 1110 4705 dicitur.
1147 4652 1338 4705 Verum
1383 4662 1558 4707 autem
1602 4653 1734 4709 Sab-

515 4787 709 4839 LIBER
752 4786 884 4840 XIII.
921 4788 999 4839 ΑΙ.
1033 4786 1231 4840 LIBER
1266 4786 1357 4841 XI.

223 4858 407 4909 EPIST.
443 4857 460 4910 l
486 4857 600 4925 [.41.
648 4857 735 4926 3].
758 4887 825 4895 —
851 4867 874 4892 υ
907 4859 958 4910 In
989 4864 1184 4911 recent.
1223 4858 1432 4927 legitur,
1461 4857 1734 4927 Gregorius

144 4930 325 4996 gratia
357 4930 445 4978 Dei
478 4922 757 4996 episcopus,
790 4928 1142 4989 dilectissimis,
1176 4922 1292 4980 etc.
1316 4926 1462 4981 Unde
1493 4922 1734 4984 occasio-

145 4994 272 5050 nem
324 5007 497 5060 captat
545 4994 960 5049 Gussanvillaaus
989 4998 1267 5066 epislolam
1315 4998 1448 5050 hanc
1485 5015 1615 5066 pene
1647 5016 1732 5053 re-

139 5066 364 5132 jiciendi
395 5073 642 5132 tauquam
685 5067 1053 5120 adnlterinam.
1087 5065 1214 5119 Tota
1259 5065 1496 5134 epistola,
1537 5068 1727 5136 inquit,

140 5137 360 5187 alterius
390 5139 596 5188 omnino
618 5137 816 5188 videtur
842 5153 946 5190 esse
973 5153 1123 5204 quam
1152 5137 1407 5206 Gregorii.
1440 5141 1506 5190 At
1536 5153 1631 5191 cur
1655 5140 1729 5194 ita

142 5207 412 5271 videatur,
471 5207 662 5259 nullam
711 5209 969 5260 rationem
1016 5207 1439 5275 proferuGerte
1482 5210 1636 5262 aliter
1661 5214 1726 5264 de

142 5276 234 5328 illa
261 5276 556 5346 sentimus;
602 5275 805 5330 redo‘et
830 5277 970 5330 enim
1007 5274 1203 5343 Stylittit
1237 5274 1640 5346 Gregorianutn,
1673 5289 1728 5333 et

143 5348 199 5398 in
235 5345 486 5398 omnibus
513 5361 647 5413 pene
676 5346 801 5399 Mss.
838 5347 1077 5400 habetur.
1107 5347 1256 5412 Quod
1288 5345 1491 5412 spectat
1531 5349 1597 5402 ad
1647 5349 1728 5402 iu-

137 5415 488 5486 scriptionem
544 5417 698 5486 hanc,
749 5415 1045 5486 Gregorius,
1093 5418 1258 5485 gratia
1298 5416 1392 5468 Dei
1436 5419 1725 5483 episcopus,

139 5483 421 5554 aliestgab
477 5485 723 5539 omnibus
787 5483 1005 5550 Norm.,
1068 5483 1382 5539 Colbertinis
1431 5503 1492 5541 ac
1529 5490 1725 5554 pleris-

135 5570 244 5619 que
292 5553 441 5616 Mss.,
477 5570 683 5608 necnon
731 5570 757 5606 a
804 5566 906 5608 vet.
946 5557 1042 5610 Ed.
1101 5555 1241 5609 Sane
1272 5555 1506 5610 insolens
1529 5553 1610 5610 est
1640 5558 1724 5611 hic

136 5623 334 5698 titulus
362 5626 411 5698 in
443 5623 681 5698 Gregorii
709 5627 964 5695 epistolis,
999 5626 1138 5681 unde
1175 5625 1227 5681 iu
1268 5627 1385 5696 ipso
1420 5627 1720 5698 abjiciendo

128 5711 248 5754 lmn
277 5695 656 5747 ha-sitavimus.

212 5767 241 5810 h
275 5763 332 5820 Si
353 5764 736 5821 Gussanvillato
765 5765 1050 5835 credimus,
1082 5777 1273 5824 constat
1301 5786 1361 5826 ea:
1379 5769 1476 5823 hac
1505 5771 1717 5839 epistola

1842 4648 2063 4702 sandum
2094 4656 2196 4713 est,
2229 4659 2388 4717 atque
2426 4650 2570 4704 omni
2610 4653 2770 4708 modo
2807 4657 3137 4715 orationibus
3167 4664 3422 4719 insisten-

1839 4804 1939 4840 non
1968 4787 2122 4856 fuisse
2143 4796 2272 4857 tunc
2303 4802 2491 4857 morem
2537 4788 2675 4857 apud
2706 4787 2964 4842 Romanos
2995 4792 3156 4846 [arari
3200 4795 3283 4847 die
3315 4797 3420 4852 Do-

1840 4860 2042 4910 minico.
2062 4856 2235 4931 _Addit
2255 4856 2378 4931 inde
2399 4861 2703 4931 scrupulum
2728 4859 3041 4928 quibusdam
3071 4865 3322 4931 injectum
3345 4871 3412 4926 de

1836 4925 2377 5000 responsionesnncti
2415 4927 2654 4996 Gregorii
2687 4925 2759 4982 ad
2798 4925 3410 5000 interrogat.'decimam

1835 4999 2111 5066 AuguStini
2141 4997 2290 5064 olim,
2325 4997 2415 5050 lib.
2443 5013 2532 5061 xu,
2574 5001 2729 5068 epist.
2760 5000 2851 5064 5l,
2882 4997 3020 5055 nunc
3047 5003 3134 5067 64,
3187 5006 3306 5059 libri
3340 5024 3412 5063 ιι.

1840 5069 2015 5122 Vanus
2047 5069 2290 5136 profecto
2318 5070 2622 5135 scrupulus,
2655 5081 2709 5124 et
2740 5085 2767 5121 a
2800 5073 2894 5123 viri
2929 5073 3200 5137 prudentis
3239 5087 3416 5132 mente

1835 5138 2018 5207 procul
2043 5138 2357 5211 abigendus.
2380 5139 2716 5211 Sanegpotius
2741 5151 2949 5195 coastat
2975 5158 3037 5195 ex
3066 5145 3161 5195 hac
3183 5148 3407 5211 epistola

1836 5219 1958 5262 tunc
1980 5209 2143 5261 moris
2167 5209 2328 5262 fuisse
2349 5209 2484 5274 apud
2519 5209 2784 5263 Romanos
2816 5211 2980 5264 lavari
3011 5212 3168 5265 etiam
3201 5209 3285 5267 die
3312 5217 3410 5268 Do-

1834 5281 2047 5350 minirco.
2098 5279 2364 5332 Adversus
2412 5281 2851 5334 consuetudinem
2907 5283 3041 5335 hanc
3091 5299 3122 5334 a
3168 5291 3414 5350 perversis

1831 5348 2114 5400 horninibus
2147 5365 2250 5420 esse
2276 5350 2632 5417 prwdicatum,
2666 5349 2823 5404 docet
2861 5366 2959 5404 nos
2987 5348 3298 5420 Gregorius.
3343 5360 3414 5413 At

1827 5432 2009 5492 eorum
2036 5419 2296 5492 inscitiam
2319 5429 2374 5492 _et
2401 5433 2637 5473 errorem
2670 5422 2846 5492 statim
2877 5419 3170 5492 redarguit.

1905 5499 1926 5525 ε
1958 5487 2021 5541 Ut
2045 5488 2330 5541 Christiani
2365 5499 2552 5540 vacent
2595 5491 2844 5555 orationi,
2895 5487 3131 5554 lectioni,
3177 5509 3411 5550 conven-

1829 5565 2045 5626 tumque
2087 5558 2356 5629 celebrent
2405 5558 2454 5610 in
2487 5558 2714 5629 ecclesia
2763 5561 3058 5629 publicum,
3093 5566 3179 5619 ubi
3223 5567 3406 5621 divina

1826 5627 2262 5703 sacraqueliupt.
2307 5629 2360 5681 ld
2403 5627 2617 5703 quidem
2646 5627 2889 5703 naturali
2935 5631 3041 5699 juri
3085 5650 3405 5703 congruum,

1825 5697 2066 5752 Mosaicae
2092 5698 2221 5766 legis
2243 5697 2380 5776 jure,
2414 5714 2508 5767 pro
2545 5700 2794 5776 sabbatis
2816 5697 3150 5776 cypressum.
3192 5697 3247 5758 lu
3292 5697 3408 5776 lege

1825 5784 1963 5825 nova
1997 5785 2101 5825 non
2133 5771 2333 5837 statim,
2379 5779 2434 5825 ut
2471 5772 2684 5842 quidam
2715 5773 3037 5839 existimant,
3073 5771 3403 5846 praeceptum
