4026 6342
572 348 592 401 1
606 346 709 400 Ξόἒὶ

1780 338 2020 395 SANCTI
2060 335 2390 390 GREGORII
2431 334 2640 389 MAGNI

3717 333 3863 387 H56

566 459 718 519 dum,
745 466 804 511 ut
834 457 878 510 si
906 454 1034 525 quid
1065 456 1401 525 negligentia:
1427 469 1518 523 per
1548 467 1641 508 sex
1683 452 1799 507 dies
1838 452 2029 521 agitur,
2058 466 2152 520 per
2180 452 2230 506 A
2259 448 2496 501 nasterio
2529 448 2617 517 jus
2649 446 2863 501 habere.
2898 446 3016 512 Quo
3044 444 3282 516 cognito,
3317 446 3597 501 monachis
3635 447 3724 515 pia
3759 463 3861 516 po-

566 548 711 604 diem
738 547 1145 602 resurrectionis
1182 547 1471 600 Dontiuiczc
1504 546 1749 614 precibus
1778 545 2054 611 expietur.

644 642 789 703 llaec,
815 640 906 694 lilii
934 639 1255 702 charissimi,
1281 648 1426 693 certa
1456 638 1755 691 constantia
1775 646 1829 690 et
1856 645 2001 689 recta
2026 648 2161 702 prte-

575 732 673 786 diti
717 732 820 786 fide
862 729 1147 796 custodite,
1204 731 1487 783 stultorum
1517 727 1791 781 hominum
1825 726 1984 780 verba
2036 726 2163 779 des-

570 824 751 893 picite,
797 832 851 877 et
896 823 1075 878 omnia
1112 838 1231 891 quae
1267 822 1335 876 ab
1364 822 1440 875 eis
1482 820 1585 875 dici
1631 818 1949 888 cognoscitis
1996 817 2162 871 nolite

572 916 728 969 facile
769 914 1024 978 ccedere;
1077 914 1171 969 sed
1224 914 1275 967 in
1314 912 1535 966 rationis
1576 911 1774 964 trutina
1826 919 2069 979 pensate,
2103 914 2163 960 ut

570 1004 697 1058 dum
722 1006 920 1059 erroris
944 1014 1106 1059 ventu
1137 1003 1254 1057 forti
1281 1003 1568 1056 stabilitate
1592 999 1861 1060 resistitis,
1890 997 1957 1051 ad
1984 998 2157 1050 solida

572 1094 809 1148 caelestis
855 1098 1007 1164 regni
1057 1092 1246 1162 gaudia
1293 1091 1572 1160 pervenire
1620 1090 1845 1147 valeatis
1870 1083 1924 1142 δ.
1977 1085 2158 1157 (loan.

572 1183 745 1250 Diac.,
777 1185 865 1238 lib.
900 1199 973 1251 tv,
1010 1200 1056 1237 c.
1088 1182 1200 1249 52.)

1153 1268 1484 1324 EPISTOLA
1525 1268 1585 1324 11.

1006 1378 1075 1417 AD
1114 1376 1432 1415 ADIODATEM
1473 1374 1737 1413 ABBATEI.

872 1453 1027 1506 Illius
1059 1453 1366 1505 monasterio
1397 1450 1697 1505 Craterense
1726 1448 1855 1503 unit.

640 1545 927 1615 Gregorius
959 1543 1231 1599 Adeodato
1255 1542 1432 1596 abbati
1465 1540 1832 1609 Neapolitano.

643 1636 912 1702 Quantum
973 1632 1109 1688 bene
1164 1632 1437 1701 diSjiositm
1489 1630 1709 1683 fratrum
1761 1627 2162 1698 congregationi

570 1725 784 1778 animus
806 1731 989 1777 noster
1009 1737 1076 1777 ex
1100 1722 1295 1775 interni
1321 1719 1573 1775 desiderii
1602 1720 1896 1774 intentione
1924 1734 2163 1787 congau-

2265 540 2541 593 scentihus
2586 539 2889 593 necessario
2930 538 3177 593 duximus
3226 538 3462 605 praebere
3500 554 3855 595 consensum.

2264 632 2554 687 Praesentis
2600 631 2779 698 itaque
2829 630 3077 698 praecepti
3126 629 3293 683 nostri
3346 632 3665 685 auctoritate
3713 632 3859 687 idem

2263 721 2582 777 Craterense
2626 722 3006 775 monasterium
3051 720 3200 774 cellae
3249 728 3442 773 vestrae
3473 720 3859 776 constituimus

2264 812 2573 867 uniendum.
2630 812 2741 865 lloc
2794 811 3063 879 praecipue
3110 818 3542 873 commonentes,
3594 819 3653 864 ut
3703 811 3861 865 locus

2265 900 2380 968 ipse
2408 902 2479 955 ita
2509 916 2630 955 cum
2660 900 2845 954 divino
2872 899 3062 953 solatio
3102 912 3199 967 per
3229 914 3324 952 vos
3357 898 3612 967 deinceps
3657 899 3863 953 debeat

2263 992 2525 1055 ordinari,
2559 999 2842 1059 quatenus,
2877 989 3001 1042 dum
3044 988 3112 1042 ab
3141 988 3296 1042 hoste
3336 988 3567 1051 licuerit,
3613 988 3857 1055 deputati

2263 1100 2295 1138 a
2326 1085 2475 1138 vobis
2503 1084 2612 1138 illic
2643 1082 2887 1137 monachi
2914 1081 3143 1137 debeant
3164 1081 3362 1151 iugiter
3392 1081 3444 1135 in
3474 1081 3568 1135 Dei
3602 1080 3854 1136 laudibus

2264 1190 2597 1245 permanere,
2622 1172 3043 1243 perturbationis
3072 1187 3197 1225 vero
3220 1182 3460 1240 tempore
3490 1172 3631 1225 intra
3663 1174 3851 1226 urbem

2266 1268 2319 1323 in
2344 1268 2534 1323 cellam
2564 1269 2757 1336 quippe
2787 1266 3051 1333 propriam
3082 1265 3342 1318 revocari.
3372 1264 3483 1318 Res
3509 1278 3643 1318 vero
3666 1279 3856 1318 omnes

2263 1360 2437 1414 eidem
2488 1358 2814 1412 monasterio
2870 1358 3083 1429 1218
3153 1367 3541 1425 competentes,
3605 1358 3857 1427 diligenti

2262 1450 2508 1506 volumus
2555 1464 2683 1504 cura
2734 1449 2964 1517 perquiri
3018 1457 3180 1517 atque
3226 1449 3490 1516 recolligi,
3538 1463 3767 1519 easque,
3801 1459 3859 1501 ut

2266 1539 2361 1593 tibi
2388 1540 2561 1594 visum
2591 1538 2771 1603 fuerit,
2800 1547 2922 1606 apte
2951 1537 3178 1606 disponi.
3212 1536 3462 1606 Nihilque
3493 1539 3644 1607 quod
3674 1540 3853 1594 eidem

2264 1630 2591 1711 monasterio
2620 1631 2876 1698 competit
2902 1644 2931 1682 a
2974 1644 3238 1698 quoquam
3274 1629 3504 1683 detineri
3546 1632 3853 1698 permittas,

2264 1722 2359 1775 sed
2386 1721 2564 1775 omnia
2600 1719 2652 1773 in
2680 1720 2768 1789 jus
2812 1720 2985 1785 cellae,
3019 1720 3215 1788 quippe
3251 1719 3361 1787 jam
3398 1727 3526 1784 tum,
3557 1722 3854 1775 reformare

574 1815 686 1880 det,
739 1824 763 1851 ι
820 1821 1022 1867 tantum
1051 1826 1117 1866 ex
1154 1811 1423 1867 destitutis
1471 1820 1525 1865 ct
1560 1825 1695 1880 pene
1738 1813 1790 1864 in
1828 1809 2159 1865 desolatione
2193 1823 2239 1883 Β
2266 1827 2371 1867 ηοιι
2394 1814 2654 1881 negligas,
2680 1821 2759 1876 ut,
2786 1811 2992 1867 cunctis
3016 1811 3216 1866 salubri
3256 1811 3596 1865 ordinatione
3626 1811 3856 1875 disposi-

582 1907 772 1976 positis
796 1905 1047 1959 fratribus
1074 1904 1383 1958 monasterii
1419 1903 1586 1958 sancti
1628 1902 1943 1966 Marcellini,
1976 1911 2032 1956 ut
2064 1917 2159 1970 pa-

571 1999 788 2053 storalis
817 1995 1191 2051 Sollicitudinis
1216 1995 1292 2050 eis
1323 1996 1477 2051 citius
1506 2009 1633 2050 cura
1670 1994 1973 2060 subveniat,
1999 1994 2162 2051 vehe-

571 2091 736 2145 menti
769 2103 1001 2145 maerore
1029 2089 1354 2143 concutitur.

646 2181 891 2234 Monachi
922 2179 1184 2249 siquidem
1208 2178 1537 2242 monasterii,
1564 2177 1706 2246 quod
1736 2177 1990 2232 Crateras
2030 2177 2162 2235 dici-

574 2283 680 2337 tur,
714 2270 1079 2339 Neapolitana:
1103 2269 1223 2325 urbi
1252 2284 1283 2325 e
1325 2268 1502 2323 vicino
1533 2268 1755 2333 fundati,
1790 2278 2032 2336 porrecta
2063 2280 2162 2324 nos

578 2364 834 2428 petitione
856 2362 1174 2417 informasse
1200 2370 1493 2416 noscuntur
1518 2361 1691 2415 locum
1717 2360 1889 2428 ipsum
1919 2359 1989 2414 ita
2024 2374 2161 2430 pene

577 2456 814 2508 funditus
843 2470 1119 2509 servorum
1162 2454 1252 2508 Dei
1299 2454 1569 2522 obsequiis
1614 2452 1955 2516 destitutum,
1989 2462 2043 2505 ut
2073 2452 2161 2505 vix

574 2545 681 2599 illic
714 2547 1068 2599 remanserint
1106 2545 1195 2613 qui
1224 2543 1392 2610 ipsius
1423 2542 1760 2598 solummodo
1796 2542 2009 2595 valeant
2037 2557 2162 2597 esse

573 2635 842 2689 custodes.
868 2633 948 2688 Ob
987 2649 1144 2702 quam
1175 2648 1289 2687 rem
1338 2633 1758 2704 lacrymabihter
1801 2632 2165 2700 supplicantes

571 2741 603 2779 a
646 2725 797 2779 nobis
830 2725 1139 2794 poposcisse
1181 2733 1475 2778 noscuntur
1525 2731 1581 2777 ut
1624 2720 1952 2778 monasterio
1987 2737 2166 2779 \'es!t‘0

575 2820 750 2885 ipsum
779 2815 932 2868 unire
972 2816 1357 2868 monasterium
1396 2813 1737 2879 deberemus,
1777 2822 2040 2882 quatenus
2072 2829 2167 2881 per

574 2904 988 2960 sollicitudinem
1030 2916 1196 2972 tuam,
1225 2915 1278 2960 et
1305 2906 1554 2973 deinceps
1584 2904 1997 2960 succedentibus
2021 2905 2165 2972 aliis,

574 3000 726 3053 locus
762 3001 876 3065 ipse
918 3008 1139 3055 auctore
1185 2999 1292 3053 Deo
1338 2998 1572 3067 regulari
1614 2996 1788 3053 valeat
1831 2999 2169 3053 ordinatione

581 3090 817 3157 diSponi.
850 3089 957 3145 Sed
986 3089 1109 3145 dum
1142 3089 1264 3145 huic
1294 3091 1370 3145 rei
1410 3090 1577 3145 frater
1604 3101 1656 3146 et
1684 3092 2033 3161 coepiscopus
2074 3107 2169 3146 no-

2262 1905 2350 1969 tis,
2388 1918 2507 1973 qute
2534 1904 2644 1957 Deo
2672 1904 2863 1969 placita
2890 1910 3071 1956 nostra
3117 1910 3242 1956 sunt
3279 1901 3594 1955 auctoritate
3636 1900 3853 1956 suffulta

2261 1992 2536 2064 perpetuis
2557 2002 2806 2050 maneant
2835 1994 3145 2048 inconvulsa
3173 1992 3526 2061 temporibus.

2824 2084 3158 2139 EPISTULA
3196 2083 3284 2137 Ill.

2670 2187 2738 2229 AD
2776 2188 3094 2229 ADEODATUI
3134 2186 3440 2229 IONACHUI.

2264 2265 2529 2321 Permittit
2548 2266 2876 2321 donationem
2894 2275 3011 2320 ante
3027 2274 3312 2334 susceptum
3333 2265 3695 2318 monachatum
3710 2267 3854 2320 verba

2432 2364 2623 2429 factam
2649 2361 2849 2430 scriptis
2882 2359 3174 2430 consignari
3202 2367 3247 2412 et
3274 2358 3479 2426 ﬁrmam
3508 2357 3715 2413 haberi.

2338 2451 2631 2520 Gregorius
2670 2452 2947 2507 Adeodato
2973 2466 3132 2505 servo
3167 2449 3283 2505 Dei.

2337 2541 2597 2596 Elfectum
2646 2542 2784 2610 justa
2834 2540 3229 2608 postulantibus
3275 2538 3574 2609 indulgere,
3625 2550 3681 2595 et
3711 2540 3857 2611 vigor

2266 2634 2535 2701 aequitatis
2567 2641 2621 2687 et
2660 2632 2794 2686 ordo
2823 2632 2994 2701 exigit
3034 2632 3275 2695 rationis,
3316 2631 3613 2701 praesertim
3644 2634 3855 2701 quando

2271 2728 2567 2799 petentium
2600 2728 2932 2783 voluntatem
2977 2736 3031 2783 et
3077 2728 3243 2795 pietas
3283 2728 3518 2798 adjuvat,
3562 2736 3615 2781 et
3662 2730 3855 2783 veritas

2274 2836 2381 2875 non
2406 2820 2677 2889 relinquit.
2715 2819 2848 2887 Quia
2882 2819 3041 2889 igitur
3068 2820 3376 2890 priusquam
3405 2819 3458 2874 in
3488 2829 3513 2856 ι
3536 2820 3856 2873 monasterio

2270 2913 2444 2966 sancti
2474 2912 2692 2966 Adriani
2725 2910 2812 2965 ubi
2842 2926 2900 2965 es
2928 2926 3239 2977 conversus,
3288 2912 3537 2975 intrares,
3570 2926 3858 2980 rerumque

2272 3012 2484 3058 tuarum
2515 3002 2624 3056 illic
2653 3002 3004 3057 donationem
3031 3004 3321 3065 emitteres,
3348 3012 3401 3057 et
3427 3003 3615 3056 domos
3644 3013 3697 3056 et
3729 3002 3862 3055 hor-

2272 3102 2356 3147 tos
2386 3094 2524 3149 intra
2553 3092 2845 3157 civitatem,
2876 3107 2969 3146 seu
3011 3101 3179 3147 terras
3222 3091 3530 3157 sationales,
3564 3090 3648 3145 vel
3681 3092 3859 3145 vineas

575 3192 688 3237 ster
720 3183 945 3237 Basilius
989 3183 1256 3252 Capuana:
1293 3183 1549 3239 Ecclesiae
1583 3198 1822 3253 praesens
1862 3186 2048 3241 fuisset
2085 3186 2163 3241 in-
2194 3180 2239 3243 C
2272 3186 2325 3240 in
2359 3186 2544 3249 fundo,
2577 3185 2718 3239 sicut
2763 3198 2861 3238 nos
2911 3182 3162 3248 docuisti,
3212 3181 3550 3249 Carsiniano,
3584 3181 3784 3249 pariter
3812 3192 3865 3234 et

577 3281 789 3339 ventus,
845 3275 1049 3328 exstitit
1099 3274 1252 3329 valde
1310 3276 1639 3341 contrarius,
1683 3291 1934 3331 asserens
1990 3279 2166 3333 locum

580 3361 756 3431 ipsum
805 3365 931 3418 olim
975 3362 1001 3401 δ
1051 3368 1377 3419 monasterio
1422 3366 1512 3419 alii
1562 3365 1814 3422 tlimcesis
1861 3382 1972 3423 sum
2007 3369 2173 3425 fuisse

581 3456 951 3525 coniunctum,
986 3466 1039 3509 et
1080 3456 1281 3511 idcirco
1320 3456 1535 3511 minime
1565 3457 1619 3511 in
1670 3458 1887 3513 alterius
1918 3458 2173 3517 Ecclesiae

578 3550 667 3618 jus
690 3549 886 3602 debere
914 3547 1178 3602 contradi.
1208 3545 1406 3604 Contra
1449 3564 1607 3618 quam
1648 3548 2006 3618 objectionem
2036 3550 2174 3605 Nea-

584 3642 834 3710 politana:
888 3656 1072 3695 rursus
1120 3641 1295 3696 clerus
1348 3640 1601 3694 Ecclesiae
1649 3642 1813 3695 multo
1841 3655 1963 3698 esse
2017 3643 2174 3699 aliter

582 3750 741 3802 quam
794 3732 1069 3788 dicebatur
1096 3732 1357 3802 oppositis
1404 3729 1815 3800 allegationibus
1860 3734 2174 3803 replicabat,

581 3826 775 3894 quibus
801 3824 1011 3880 diversa
1043 3822 1401 3878 sentientibus
1438 3836 1506 3877 ne
1539 3822 1864 3880 constituere
1888 3827 2175 3895 quidquam

583 3916 745 3971 dubie
771 3915 1097 3980 videremur,
1129 3912 1400 3981 deputatis
1437 3914 1804 3983 cognitoribus
1849 3917 2177 3973 instituimus

590 4009 737 4063 inter
762 4021 856 4061 eos
876 4020 996 4061 esse
1014 4005 1293 4075 judicium.
1331 4006 1532 4073 Quibus
1573 4010 2024 4075 renuntiantibus,
2066 4025 2181 4065 ma-

590 4097 783 4153 nifesta
815 4096 1019 4151 ratione
1050 4099 1409 4166 comperimus
1460 4096 1679 4154 fratrem
1712 4110 1768 4156 et
1802 4103 2176 4171 coepiscopum

602 4199 842 4244 nostrum
871 4189 1124 4244 Basilium
1156 4191 1356 4246 nullutn
1386 4191 1440 4245 in
1462 4190 1716 4259 praedicto
1743 4191 2046 4250 Cratereusi
2067 4211 2182 4253 mo-

2278 3277 2557 3345 portiones
2585 3286 2699 3329 tuas
2732 3275 2783 3328 in
2812 3274 2976 3328 fundo
3013 3274 3142 3328 Full.
3166 3275 3338 3341 niaco,
3385 3273 3469 3328 vel
3499 3286 3566 3326 ex
3600 3273 3863 3340 aliquibus

2277 3367 2560 3436 mancipiis
2603 3366 2704 3420 tuis
2747 3366 2939 3435 quibus
2994 3380 3023 3418 a
3076 3375 3127 3419 te
3176 3378 3430 3419 concessa
3481 3362 3701 3419 libertas
3758 3373 3856 3424 est,

2275 3460 2441 3516 verbo
2480 3459 2697 3531 largitus
2728 3473 2819 3523 es;
2860 3459 3077 3527 ipsaque
3112 3457 3332 3512 donatio
3376 3457 3500 3511 licet
3542 3456 3710 3523 possit
3749 3456 3865 3523 juie

2277 3551 2591 3615 subsistere,
2627 3547 2894 3618 praacipue
2934 3549 2985 3601 in
3038 3547 3138 3602 hoc
3180 3548 3319 3616 quod
3370 3548 3437 3599 ab
3486 3546 3591 3600 illis
3620 3546 3865 3599 tribuitur

2280 3644 2392 3714 qui,
2425 3659 2546 3699 cum
2576 3644 2784 3712 pompis
2810 3643 2920 3697 suis
2947 3642 3204 3697 saeculum
3252 3642 3635 3707 relinquentes,
3668 3640 3734 3693 ad
3775 3640 3864 3693 Dei

2286 3749 2345 3789 se
2373 3735 2575 3802 eligunt
2614 3734 2859 3788 conferre
2907 3731 3205 3797 servitium,
3256 3732 3504 3801 quoniam
3558 3741 3760 3794 tamen,
3805 3746 3867 3783 ne

2282 3824 2411 3893 quid
2459 3825 2693 3877 futurum
2747 3830 2955 3892 tempus
2984 3822 3275 3879 oblivionis
3313 3822 3494 3876 nubilo
3538 3821 3664 3876 huic
3705 3821 3867 3876 dero-

2282 3928 2408 3984 gare
2440 3913 2730 3983 quidquam
2758 3910 2933 3967 valeat
2965 3911 3213 3980 largitati,
3247 3912 3526 3981 scriptura:
3571 3911 3676 3964 hoc
3722 3911 3864 3964 desi-

2286 4008 2448 4061 deras
2480 4006 2694 4059 tradere
2726 4003 3108 4067 monumentis,
3136 4002 3279 4071 quod
3310 4009 3369 4055 ut
3396 4010 3558 4068 queat
3592 4002 3864 4054 robustum

2288 4106 2521 4160 existere
2558 4117 2588 4156 a
2619 4101 2774 4155 nobis
2807 4100 2902 4155 tibi
2942 4100 3115 4169 poscis
3155 4098 3266 4154 dari
3317 4097 3617 4161 licentiam;
3670 4097 3867 4152 idcirco

2290 4197 2449 4267 hujus
2497 4194 2748 4265 praecepti
2799 4194 2967 4248 nostri
3019 4194 3228 4264 pagina,
3276 4192 3499 4247 liberam
3530 4190 3624 4245 tibi
3669 4189 3768 4244 hoc
3796 4190 3871 4243 fa-

587 4364 792 4405 canone
821 4348 1097 4422 Ecclesiae,
1116 4366 1235 4422 non
1282 4353 1665 4422 imperatorum
1697 4353 1973 4408 voluntate
2003 4356 2179 4412 sanci-
2211 4359 2261 4419 ι)
2288 4371 2379 4412 an.
2408 4352 2544 4421 558;
2577 4354 2805 4410 refertur
2833 4352 2885 4408 in
2913 4353 3193 4419 Vernensi,
3216 4368 3264 4409 c.
3299 4356 3387 4420 11,
3411 4371 3500 4409 an.
3526 4354 3663 4420 755;
3699 4356 3872 4409 Antis-

586 4422 827 4493 tumaEx
852 4420 1083 4493 Justino,
1109 4420 1455 4486 Tertullia'no,
1480 4422 1791 4486 Athanasio,
1824 4426 1987 4493 liqttet
2015 4426 2178 4481 Chri-

588 4490 775 4564 stianis
817 4491 1032 4564 solitum
1083 4492 1399 4564 convenire,
1445 4493 1556 4564 sive
1606 4508 1836 4564 synaxes
1876 4490 2043 4563 agere
2092 4498 2181 4552 die

588 4563 742 4628 solis,
780 4575 943 4633 quam
992 4562 1318 4633 Dominicam
1353 4561 1600 4633 dicimus,
1638 4561 1799 4617 extra
1846 4561 2005 4633 quam
2037 4567 2179 4623 diem

592 4635 682 4706 vix
713 4647 865 4706 sacra
892 4632 1070 4706 fuisse
1096 4634 1230 4706 facta
1257 4632 1441 4706 innuit
1472 4634 1621 4706 idem
1656 4632 2012 4706 Athanasius,
2041 4641 2183 4706 Apo-

594 4704 703 4771 log.
726 4703 779 4767 2,
815 4702 906 4774 ubi
936 4702 1001 4774 de
1033 4701 1436 4774 poculogfracto.
1467 4704 1541 4757 De
1571 4704 1853 4774 feriatione
1892 4707 1959 4759 ab
1997 4701 2178 4774 cperi-

594 4774 694 4827 bus
720 4788 782 4826 ea
809 4771 894 4825 die
924 4772 1128 4839 primus
1155 4771 1322 4825 edixit
1349 4772 1733 4828 Constantinus
1768 4773 1905 4828 circa
1940 4771 2175 4833 medium

594 4842 1001 4915 quartiuszecali.
1027 4842 1103 4915 En
1136 4843 1302 4915 legem
1329 4842 1551 4896 relatam
1582 4845 1632 4897 in
1676 4844 1833 4913 Cod.,
1878 4846 1962 4900 tit.
2006 4848 2070 4900 de
2103 4852 2184 4915 fe-

594 4914 724 4966 riis:
755 4910 942 4983 Omnes
974 4910 1527 4983 judices'urbanatque
1572 4915 1760 4983 plebes,
1808 4910 1854 4969 et
1882 4910 2185 4970 cunctarum

594 4982 786 5035 artium
816 4982 998 5055 oﬂicia,
1028 4982 1313 5055 venerabili
1340 4982 1422 5034 die
1463 4982 1585 5055 solis
1627 4986 1907 5055 quiescant.
1940 4986 2070 5041 Ruri
2108 4998 2187 5040 ta-

596 5069 710 5105 men
742 5050 891 5119 positi
926 5067 1183 5124 _agrorum
1228 5052 1443 5105 culturae
1487 5050 1652 5108 libere
1685 5056 1989 5124 licenterque
2027 5057 2190 5111 inser-

596 5124 754 5197 viant,
784 5121 1023 5197 quoniam
1055 5122 1339 5197 frequenter
1365 5124 1525 5177 evenit
1558 5135 1612 5179 ut
1640 5142 1740 5179 non
1767 5121 1936 5197 aptius
1975 5127 2078 5181 alio
2103 5130 2190 5183 die

598 5194 854 5262 frumenta
883 5192 1062 5256 sulcis,
1109 5202 1194 5244 aut
1243 5193 1401 5246 vinea:
1444 5197 1704 5250 scrobibus
1747 5192 2072 5260 mandentur,
2127 5215 2191 5253 ne

597 5264 863 5315 occasione
890 5262 1133 5336 momenti
1163 5273 1332 5331 pereat
1379 5267 1709 5328 commoditas
1738 5268 1849 5320 caeli
1897 5271 2188 5336 provisione

600 5334 989 5408 c_onces_sa_._Alii
1023 5334 1373 5408 imperatores
1415 5350 1531 5408 non
1581 5348 1685 5408 tam
1725 5339 1791 5391 de
1829 5334 1991 5406 opere
2028 5355 2187 5408 quam

602 5404 670 5455 de
687 5401 904 5471 judiciis
927 5401 1261 5468 statuerunt;
1298 5404 1378 5458 sic
1413 5405 1769 5473 Theodosius,
1806 5401 1940 5459 ut'in
1968 5401 2060 5461 die
2088 5408 2192 5459 Do-

603 5473 790 5526 ιιιἱηίσο
808 5474 1131 5539 emancipare
1154 5488 1214 5525 ac
1238 5477 1590 5529 manumittere
1604 5478 1774 5541 liceat,
1791 5477 1997 5542 reliqua:
2024 5492 2192 5529 causa:

607 5543 686 5595 vel
705 5542 816 5595 lites
839 5542 1123 5613 quiescant.
1145 5543 1440 5613 Prohibent
1460 5542 1635 5601 tamen
1654 5547 1953 5613 speetacula
1972 5557 2024 5601 et
2043 5548 2194 5601 volu-

609 5618 783 5675 ptates
809 5610 1111 5685 obscmnas.
1142 5612 1201 5665 ln
1234 5615 1414 5685 Galliis
1444 5610 1799 5670 sextosmculo
1829 5618 2006 5685 plures
2035 5632 2195 5670 cano-

606 5690 702 5751 nes
731 5692 793 5731 ea
833 5676 997 5755 dehre
1040 5684 1527 5755 promulgatisunt,
1582 5696 1635 5741 ct
1682 5702 1711 5739 a
1754 5676 1948 5741 nostris
1980 5687 2194 5755 regibus

606 5744 658 5796 in
690 5760 798 5800 rem
825 5743 1113 5813 judicatam
1159 5743 1331 5807 misvsi.
1375 5743 1553 5810 Indico
1603 5756 1876 5814 Aurelian.
1920 5770 2001 5825 ιιι,
2025 5743 2072 5812 ἆ
2099 5755 2191 5820 28,

2291 4426 2455 4491 siod.,
2487 4441 2538 4479 c.
2572 4426 2659 4489 16,
2692 4439 2779 4478 an.
2815 4423 2947 4487 578;
2996 4426 3271 4479 Matiscnn.
3306 4441 3363 4491 ιι,
3410 4442 3459 4481 c.
3511 4426 3562 4486 1.
3617 4441 3708 4479 an.
3740 4426 3869 4490 585;

2291 4498 2547 4560 Narbon.,
2580 4509 2630 4550 c.
2665 4494 2720 4557 4,
2751 4510 2839 4550 an.
2872 4494 3011 4560 589;
3044 4498 3096 4549 in
3133 4496 3362 4563 septimo
3394 4498 3611 4556 saeculo,
3659 4496 3868 4560 Cabill.,

2290 4568 2457 4631 c.18,
2489 4581 2579 4620 an.
2609 4564 2747 4631 650;
2797 4568 2848 4620 in
2890 4567 3101 4634 capitul.
3156 4569 3495 4635 Aquisgrau.,
3543 4582 3593 4620 c.
3641 4565 3732 4631 8|,
3782 4585 3870 4622 an.

2290 4638 2432 4701 789;
2469 4637 2520 4693 in
2551 4638 2751 4690 Arelat.
2777 4650 2849 4700 vr,
2881 4653 2930 4689 c.
2967 4636 3052 4702 16,
3083 4652 3169 4689 an.
3197 4640 3329 4700 8l5;
3365 4636 3679 4699 Rhetncnsi,
3710 4652 3760 4689 c.
3784 4638 3869 4702 δά,

2290 4723 2379 4760 an.
2414 4706 2550 4772 8l'5;
2587 4708 2753 4759 Paris.
2794 4722 2862 4768 vt,
2895 4721 2946 4760 c.
2986 4707 3035 4769 1,
3070 4707 3202 4772 fuse,
3236 4722 3324 4761 an.
3357 4705 3483 4762 829.
3520 4708 3785 4761 Gussmv.

2363 4780 2391 4813 ιι
2427 4779 2500 4831 Ex
2529 4776 2853 4830 Colbertinis
2881 4791 3018 4828 unus
3057 4788 3111 4830 et
3158 4777 3322 4831 Vatic.
3353 4777 3411 4829 F.
3464 4778 3686 4843 habent,
3717 4793 3877 4829 mense

2292 4845 2602 4917 Septembri,
2626 4847 2804 4900 indict.
2841 4846 2893 4899 ϋ.
2928 4845 2983 4899 ιιι
3016 4845 3183 4901 Vatic.
3219 4852 3283 4901 A.
3320 4862 3445 4903 vero
3480 4849 3675 4917 legitur
3711 4864 3874 4900 mense

2291 4914 2601 4971 Februario.

2366 4989 2541 5041 Ertsr.
2584 4986 2623 5041 ll
2648 4987 2755 5059 [ΑΙ.
2791 4982 2869 5059 4].
2892 5014 2962 5026 -—
2988 4994 3014 5021 ι
3041 4985 3325 5059 _Norman.,
3358 4995 3671 5055 tantum,....
3705 4989 3755 5040 in
3795 4989 3879 5039 de-

2298 5060 2548 5114 solatione
2571 5057 2747 5125 positis
2775 5057 3050 5109 vehementi
3086 5064 3300 5110 maerere
3340 5061 3649 5122 concutitur,
3677 5060 3881 5110 caeteris

2294 5130 2528 5183 omissis.
2553 5128 2858 5181 Lectionem
2903 5128 3037 5180 hanc
3070 5128 3419 5193 pr.t‘luleruttt
3449 5140 3556 5182 vet.
3591 5128 3727 5182 Edit.
3762 5127 3877 5182 Ala

2295 5198 2457 5255 lectio
2486 5205 2573 5250 est
2596 5197 2971 5250 Vaticanorum
2994 5196 3178 5250 saltem
3205 5208 3451 5265 quatuor.

2365 5267 2393 5305 ι)
2423 5268 2673 5329 RccenL,
2727 5268 3033 5320 monasterio
3077 5269 3201 5328 alio,
3246 5284 3363 5335 qua:
3406 5266 3560 5323 lectio
3605 5278 3715 5321 tum
3756 5266 3883 5324 Mss.

2296 5352 2596 5398 consensu,
2628 5345 2745 5407 tum
2777 5338 3140 5407 grammatica:
3172 5337 3374 5405 legibus
3405 5339 3743 5407 reprobatur.

2370 5409 2552 5462 Ertsr.
2578 5405 2642 5459 ΙΙΙ
2667 5406 2774 5478 [ΑΙ.
2805 5405 2967 5477 5].-—
2991 5417 3015 5443 ε*
3050 5407 3221 5461 υιιιιιιι
3253 5409 3352 5461 fuit
3382 5424 3445 5462 cx
3471 5405 3573 5462 vsex
3609 5419 3882 5461 monasteo

2300 5479 2395 5532 riis
2426 5493 2542 5545 qum
2592 5478 2883 5545 Gregorius
2914 5478 3088 5531 adhuc
3120 5492 3320 5547 printer
3367 5480 3601 5533 urbanus
3648 5481 3701 5532 in
3754 5478 3885 5533 Sici-

2301 5549 2371 5603 lia
2402 5548 2482 5603 atd
2508 5548 2758 5601 licaverat
2780 5590 2792 5609 ,
2826 5549 2891 5602 dc
2934 5550 3126 5616 quibus
3163 5549 3386 5602 Consule
3417 5551 3654 5603 Annales
3684 5549 3883 5609 Bened.

2303 5617 2619 5681 Mabillonii,
2652 5618 2746 5671 lib.
2780 5634 2850 5683 vt,
2885 5634 2938 5688 p.
2972 5617 3094 5674 164.
3121 5618 3291 5675 Fundi
3325 5619 3623 5675 Fulloniaci
3658 5619 3720 5674 fit
3740 5636 3887 5675 ruen-

2310 5690 2383 5746 tio
2418 5689 2509 5745 lib.
2540 5702 2577 5756 l,
2603 5689 2760 5757 epist.
2795 5692 2846 5744 υ.
