3956 6376
161 346 305 403 1Ξ57

898 336 1373 396 EPISTOLARUM
1413 335 1540 392 LIB.
1582 335 1717 392 XIII.
1756 362 1832 374 -›
1862 331 2106 388 INDICT.
2148 329 2235 384 VI.
2277 358 2343 367 ——
2385 327 2594 382 EPIST.
2637 324 2700 379 V.

3278 328 3414 387 ηδε

156 459 334 513 ciendi
363 455 705 512 concedimus
735 454 1058 520 facultatem,
1101 463 1362 525 quatenus
1398 453 1522 507 dum
1549 451 1724 507 omnia
1756 453 1809 512 Α
1832 462 1899 504 eo
1921 446 2045 517 quid
2075 448 2142 501 sit
2170 443 2459 514 legitimum
2489 440 2777 508 informati,
2813 440 3011 497 nullam
3037 444 3412 513 reprehensio-

162 570 192 607 a
228 562 279 606 te
304 552 500 605 fuerim
543 549 826 617 diligenter
874 561 1147 615 expressa,
1177 555 1228 600 et
1259 544 1619 614 designatione
1648 551 1734 596 tua

163 644 410 698 noverint
448 655 566 694 esse
607 639 747 707 quod
800 652 955 691 suum
1007 646 1111 702 est,
1156 635 1298 705 quod
1327 633 1529 689 cunctis
1578 632 1738 687 modo

164 748 453 790 commune
480 740 580 796 est,
604 740 657 785 et
685 728 784 798 ipsi
813 728 929 782 sine
959 728 1299 782 contentione
1333 727 1525 779 donata
1570 722 1740 790 possi-

165 825 349 889 deant,
374 832 428 876 et
447 820 686 874 voluntas
708 827 793 871 tua
814 817 936 885 quid
969 816 1034 869 ad
1065 831 1218 884 quem
1237 815 1501 882 pertinere
1516 812 1742 866 voluerit

167 932 289 972 esse
321 931 423 969 non
457 911 625 982 possit
648 910 916 978 ambigua.
956 906 1218 974 Quidquid
1249 906 1391 959 enim
1435 903 1739 974 huiusmodi

167 1005 431 1073 scriptura
470 1001 852 1056 interveniente
883 997 1075 1051 feceris
1114 996 1322 1049 firmum
1366 994 1660 1062 stabileque
1687 1001 1742 1048 et

168 1112 236 1149 cx
269 1096 344 1148 rei
377 1093 542 1161 ipsius
571 1091 791 1145 veritate
819 1098 873 1142 et
915 1086 1014 1140 hac
1059 1094 1238 1139 nostra
1287 1085 1603 1138 auctoritate
1633 1098 1738 1137 non

171 1185 404 1245 dubites,
432 1181 628 1250 quippe
655 1178 743 1247 qui
775 1192 877 1230 non
901 1190 1094 1229 novum
1125 1174 1320 1242 aliquid
1352 1175 1526 1228 facere
1550 1171 1576 1210 δ
1601 1172 1741 1243 quod

170 1276 292 1342 lege
319 1282 404 1328 est
442 1272 684 1335 vetitum,
716 1268 810 1322 sed
849 1268 1046 1320 dudum
1094 1267 1286 1320 factum
1326 1265 1522 1318 videris
1560 1265 1741 1332 expri-

173 1380 343 1429 mere,
375 1369 431 1415 et
479 1359 762 1413 salubriter
808 1357 1113 1426 amputandi
1152 1370 1316 1411 causa
1362 1355 1509 1424 litigii
1544 1355 1739 1410 littera-

173 1473 291 1512 rum
324 1452 594 1509 memoriae
623 1449 878 1505 servanda
920 1449 1208 1516 deponere.

741 1537 1064 1592 EPISTULA
1106 1537 1194 1591 IV.

396 1649 462 1687 AD
489 1645 782 1685 JANUARIUM
822 1644 1188 1683 CARALITANUI!
1230 1643 1531 1683 EPISCOPUII.

176 1726 464 1781 Desideria:
491 1723 758 1776 abbatissa
784 1732 832 1773 et
865 1720 1085 1774 Joannis
1123 1720 1313 1774 abbatis
1359 1720 1746 1785 contentionem,

488 1792 726 1845 adhibitis
753 1791 997 1860 episcopis
1025 1791 1238 1855 duobus,
1271 1791 1438 1857 finiat.

248 1882 535 1952 Gregorius
562 1881 811 1935 Januario
838 1880 1088 1947 episcopo
1111 1880 1332 1934 Caralis.

249 1973 472 2040 Quando
504 1973 639 2024 inter
659 1969 930 2040 religiosas
963 1983 1214 2038 personas
1240 1970 1308 2025 de
1343 1972 1568 2027 terrenis
1591 1973 1750 2028 rebus

175 2061 547 2118 controversia
576 2060 834 2123 nascitur,
865 2058 935 2112 ita
958 2060 1272 2114 sacerdotali
1294 2069 1376 2115 est
1397 2061 1752 2117 sollicitudine

177 2152 430 2218 finienda,
465 2159 520 2205 ut
559 2164 798 2205 crescere
847 2163 949 2203 non
1004 2148 1170 2217 possit
1223 2150 1431 2220 1217
1486 2165 1551 2205 ex
1603 2167 1753 2206 mora

175 2245 470 2299 contentio.
502 2240 769 2296 Desideria
809 2239 1067 2307 siquidem
1097 2240 1382 2306 abbatissa,
1418 2241 1569 2296 latrix
1619 2257 1756 2310 prte-

180 2337 436 2400 seutium,
468 2335 570 2388 huc
601 2333 818 2387 veniens
864 2339 1048 2400 questa
1096 2340 1179 2386 est
1206 2340 1232 2368 ⁸
1262 2333 1613 2388 substantiam
1663 2349 1755 2403 pa-

185 2435 401 2480 rentum
431 2438 668 2487 suorum,
717 2422 916 2490 pariter
942 2429 998 2475 et
1023 2422 1258 2490 germani
1287 2423 1366 2475 sui
1396 2423 1495 2476 sibi
1525 2424 1754 2477 rationa-

186 2512 365 2567 biliter
385 2519 790 2579 competentem,
824 2523 854 2562 a
885 2508 1087 2563 Joanne
1128 2508 1319 2562 abbate
1354 2509 1586 2563 indebite
1618 2511 1756 2565 deti-

187 2604 330 2658 neri.
383 2602 448 2656 Et
476 2601 594 2670 quia
640 2599 881 2655 eamdem
929 2612 1142 2653 causam
1187 2598 1572 2654 interveniente
1627 2601 1757 2668 petit

181 2692 384 2761 judicio
426 2691 718 2753 terminari,
763 2688 1066 2743 fraternitas
1113 2696 1308 2754 vestra,
1357 2689 1605 2743 adhibitis
1651 2688 1755 2744 sibi

183 2783 495 2838 Innocentio
524 2790 680 2849 atque
720 2779 990 2833 Libertina
1033 2778 1282 2834 fratribus
1325 2787 1379 2834 et
1427 2781 1758 2850 coepiscopis

184 2875 402 2938 nostris,
436 2888 556 2928 cum
585 2873 664 2928 eis
705 2870 897 2941 negotii
944 2869 1100 2940 hujus
1130 2871 1434 2940 qualitatem
1475 2873 1758 2944 diligenter

189 2965 483 3028 examinet,
516 2971 567 3017 et
596 2965 709 3030 pari
747 2961 968 3015 consilio
1006 2962 1377 3030 communique
1419 2973 1638 3018 tractatu
1686 2967 1759 3021 ita

185 3070 253 3111 se
280 3057 331 3109 in
360 3054 659 3109 definiendo
684 3067 748 3108 ex
777 3051 922 3106 omni
949 3052 1114 3107 latere
1136 3051 1345 3107 feStinet
1370 3054 1624 3110 exhibere
1645 3056 1758 3112 sol-

1841 553 1962 593 nem
2021 548 2210 592 vestrae
2260 535 2586 590 definitionis
2622 535 2795 588 valeat
2846 536 3078 592 calculus
3121 541 3405 596 sustinere.

1843 636 1866 664 ε
1893 627 2075 682 Mense
2099 626 2404 690 Novembri,
2435 625 2618 679 indict.
2647 624 2700 678 6.

2405 715 2641 771 EPISTO
2651 715 2734 768 LA
2777 712 2840 766 V.

2081 824 2147 862 AD
2185 822 2450 861 ETHERIUM
2492 820 2777 860 EPISCOPUI
2821 818 3217 860 LUGDUNENSEK.

1845 922 1962 987 Qua
2000 921 2194 975 ratione
2233 920 2602 991 providendum
2642 920 2708 972 sit
2739 935 2856 972 cum
2896 921 3160 988 episcopus
3187 923 3236 973 in
3273 925 3417 991 inﬁr-

1944 993 2171 1045 mitatem
2192 992 2371 1043 incidit
2419 1000 2466 1044 et
2495 990 2669 1060 ofﬁcio
2696 1005 2786 1042 suo
2821 990 2967 1059 fungi
2995 1006 3094 1042 non
3125 1003 3302 1059 pateat.

1915 1080 2204 1150 Gregorius
2236 1079 2454 1134 Etherio
2483 1080 2756 1147 episcopo.

1916 1170 2171 1236 Quamvis
2212 1171 2363 1223 triste
2405 1169 2476 1222 sit
2532 1168 2684 1220 nobis
2723 1166 2880 1222 valde
2924 1167 3064 1235 quod
3116 1167 3412 1237 loquimur,

1852 1268 2012 1330 atque
2041 1269 2065 1296 ει
2099 1262 2328 1314 fraterna
2357 1275 2453 1315 nos
2481 1262 2853 1328 conipassione
2880 1261 3006 1314 flere
3031 1263 3204 1329 potius
3231 1274 3415 1334 urgeat

1852 1367 2014 1422 quam
2042 1349 2242 1420 aliquid
2267 1350 2334 1404 de
2363 1350 2557 1403 auditis
2582 1350 2805 1403 definire
2829 1351 3131 1418 permittat,
3183 1357 3415 1423 suscepti

1856 1454 2035 1499 tamen
2075 1441 2378 1497 sollicitudo
2422 1441 2700 1510 regiminis
2752 1457 2846 1495 cor
2901 1452 3143 1496 nostrum
3195 1444 3413 1500 instanti

1850 1533 2026 1601 pulsat
2050 1531 2238 1585 aculeo
2275 1544 2466 1599 magna
2492 1545 2587 1584 nos
2618 1529 2871 1585 Ecclesiis
2899 1545 3028 1585 cura
3070 1535 3378 1602 prospicere
3400 1576 3415 1598 .

1851 1622 1880 1662 ι)
1909 1631 1966 1679 et
1985 1634 2268 1692 antequam
2307 1636 2490 1677 earum
2528 1621 2692 1690 possit
2743 1622 2944 1677 utilitas
2990 1624 3236 1693 deperire
3276 1630 3418 1696 quod

1853 1712 1967 1767 fieri
1989 1713 2203 1778 debeat,
2238 1712 2346 1766 Deo
2372 1721 2610 1775 auctore,
2633 1711 2939 1779 disponere.
2974 1713 3225 1769 Pervenit
3252 1719 3411 1786 igitur

1777 1807 1826 1868 Β
1855 1804 1924 1859 ad
1946 1817 2066 1869 nos,
2090 1802 2408 1870 quibusdam
2428 1801 3090 1871 referentibus,quemdam
3107 1806 3413 1876 episc0puin

1853 1893 1924 1947 ita
1956 1891 2261 1960 passionem
2292 1888 2483 1957 capitis
2504 1888 2816 1954 incurrisse,
2848 1900 2905 1943 ut
2925 1891 3048 1960 quid
3077 1904 3252 1948 mente
3282 1895 3420 1949 alie-

1851 1993 1974 2037 nata
2027 1995 2190 2050 agere
2234 1978 2425 2044 soleat,
2465 1977 2690 2046 gemitus
2719 1987 2771 2032 et
2802 1979 2958 2034 fletus
3001 1981 3186 2035 audire
3217 1982 3308 2037 sit.
3342 1984 3420 2038 Nc

1851 2085 1979 2138 ergo
2005 2071 2289 2138 languente
2317 2076 2529 2137 pastore
2554 2083 2702 2137 grex,
2733 2068 2875 2136 quod
2900 2069 3054 2135 absit,
3093 2071 3417 2127 insidiatoris

1853 2161 2134 2215 laniandos
2176 2158 2424 2212 dentibus
2465 2166 2793 2225 exponetur,
2846 2157 2928 2211 vel
2958 2158 3210 2214 Ecclesia:
3252 2160 3418 2228 ipsius

1856 2251 2107 2305 utilitates
2155 2249 2486 2316 depereant,
2532 2253 2688 2301 cauta
2741 2261 2838 2301 nos
2885 2262 3106 2302 necesse
3135 2259 3216 2303 est
3247 2251 3427 2318 provi—

1856 2340 2007 2395 sione
2059 2347 2307 2392 tractare.
2339 2336 2408 2389 Et
2435 2336 2556 2389 ideo
2583 2336 2705 2403 quia
2744 2334 2958 2389 vivente
2988 2337 3239 2406 episcopo
3265 2355 3423 2408 quem

1856 2431 1923 2483 ab
1949 2429 2129 2482 ofﬁcio
2175 2440 2272 2480 suo
2321 2425 2612 2479 necessitas
2660 2424 3009 2490 infirmitatis,
3067 2442 3174 2480 non
3222 2429 3427 2483 crimen

1859 2519 2099 2580 abducit,
2139 2527 2160 2554 ε
2187 2516 2348 2570 alium
2382 2515 2500 2568 loco
2519 2514 2656 2581 ejus,
2684 2513 2785 2569 nisi
2807 2527 3086 2572 recusante
3113 2533 3199 2583 eo,
3229 2517 3254 2554 ά
3282 2521 3426 2573 nulla

1861 2609 1989 2664 sinit
2014 2607 2148 2661 ratio
2170 2604 2403 2659 ordinari
2429 2643 2444 2670 ,
2475 2606 2518 2656 si
2548 2604 2823 2657 intervalla
2851 2606 3181 2673 aegritudinis
3220 2612 3432 2680 1218

1860 2698 2059 2753 habere
2086 2704 2169 2751 est
2187 2696 2398 2761 solitus,
2431 2695 2545 2763 ipse
2571 2694 2690 2747 data
2720 2693 2976 2762 petitione
3002 2704 3024 2731 θ
3055 2711 3160 2750 non
3201 2711 3259 2752 se
3288 2702 3431 2754 ulte-

1860 2787 1972 2844 rius
2014 2788 2078 2840 ad
2131 2785 2233 2840 hoc
2281 2784 2660 2847 ministerium,
2710 2783 3081 2839 intellectualia
3113 2801 3304 2854 nempe
3348 2790 3433 2843 of-

1863 2879 1984 2934 ficia
2028 2878 2369 2932 subvertente
2394 2874 2722 2939 infirmitate,
2752 2889 2906 2943 posse
2931 2874 3158 2930 fateatur
3185 2891 3432 2948 assurge-

1863 2984 1946 3036 re,
1970 2969 2200 3023 etalium
2236 2966 2350 3020 loco
2380 2979 2479 3018 suo
2496 2972 2715 3032 expetat
2735 2965 3106 3019 ordinandum.
3134 2966 3250 3032 Quo
3270 2968 3428 3034 facto,

1865 3061 2106 3116 omnium
2149 3057 2460 3112 solemniter
2491 3056 2752 3110 electione
2772 3057 2907 3110 alter
2931 3057 3017 3124 qui
3048 3058 3236 3126 dignus
3272 3059 3434 3115 fuerit

190 3147 414 3211 licitam,
446 3153 706 3214 quatenus
735 3150 787 3197 et
818 3142 932 3212 ipsa
960 3142 1102 3195 omni
1132 3141 1328 3196 invidia
1360 3141 1551 3198 favoris
1580 3159 1642 3199 ac
1669 3161 1762 3200 ne-
1791 3153 1838 3216 α
1868 3150 2152 3220 episcopus
2181 3156 2543 3210 consecretur;
2575 3146 2652 3200 sic
2683 3154 2855 3199 tamen
2879 3156 2934 3200 ut
2973 3163 3251 3218 quousque
3281 3165 3432 3205 eum-

189 3235 463 3305 gligentiae
488 3242 690 3297 careat,
717 3242 769 3286 et
797 3231 936 3286 inter
964 3231 1084 3286 illos
1118 3241 1236 3300 post
1264 3233 1623 3289 definitionem
1658 3250 1756 3291 ve.

188 3337 361 3382 stram
411 3325 624 3394 aliquod
684 3339 788 3378 non
834 3324 998 3391 possit
1025 3323 1246 3393 litigium
1307 3324 1657 3381 remanare.b
1704 3327 1762 3382 Si

188 3435 327 3476 vero
347 3419 518 3487 aliqua
549 3432 613 3472 ex
637 3417 753 3485 lege
780 3415 927 3470 vobis
956 3414 1020 3468 ad
1049 3414 1417 3483 proferendam
1446 3418 1761 3473 sententiam

193 3511 358 3566 fuerit
386 3518 506 3563 nata
543 3507 806 3572 duhietas,
845 3508 1138 3574 sapientem
1165 3508 1357 3572 virum,
1390 3519 1443 3562 et
1476 3523 1632 3577 quem
1665 3524 1757 3562 no.

192 3604 300 3660 stis
331 3603 422 3657 Dei
453 3600 695 3654 timorem
722 3599 916 3652 habere
944 3611 1050 3665 pm
1080 3597 1266 3661 oculis,
1299 3598 1573 3666 requirite,
1600 3607 1674 3665 ut,
1699 3599 1768 3653 ab

272 3712 300 3749 δ
326 3712 522 3766 lndicat
544 3752 560 3774 ,
605 3710 658 3764 ui
692 3709 879 3780 fallor,
911 3709 1177 3780 novellam
1208 3708 1492 3780 Iustiniani
1520 3710 1582 3776 5,
1615 3710 1766 3780 cujus

197 3786 367 3838 breve
410 3783 664 3835 insertum
713 3789 796 3850 est
823 3779 979 3845 Cod.,
1015 3779 1105 3850 lih.
1151 3795 1201 3844 ι,
1235 3781 1315 3832 tit.
1346 3779 1381 3831 2
1407 3819 1422 3842 ,
1454 3790 1575 3848 post
1599 3779 1766 3850 legem

202 3855 303 3908 15.
334 3853 495 3904 Ροιτο
543 3852 592 3904 in
646 3850 741 3902 ista
786 3849 901 3918 lege
949 3850 1013 3902 l5
1051 3849 1110 3900 tit
1137 3851 1339 3903 mentio
1385 3849 1613 3918 delagati
1660 3849 1769 3904 sine

198 3924 393 3990 seripta
422 3919 673 3990 voluntate
719 3916 944 3990 dere‘lieti
968 3933 985 3982 ;
1029 3920 1183 3985 vique
1233 3919 1386 3972 istius
1408 3916 1536 3990 legis
1555 3958 1570 3984 ,
1601 3921 1643 3990 si
1671 3921 1768 3990 Al-

203 3987 355 4045 ciato
381 3989 645 4042 credimus
667 4030 680 4053 ,
713 3987 962 4056 quaelibet
1005 4002 1249 4055 persona,
1283 3990 1440 4040 etiam
1471 3988 1580 4042 Deo
1610 3989 1766 4043 dedi-

209 4071 358 4123 cata,
387 4059 614 4112 habebat
641 4059 858 4111 liberam
887 4059 1184 4125 teSIamenti
1205 4057 1501 4122 factionem,
1535 4068 1768 4125 poterat-

204 4145 319 4197 que
360 4129 492 4182 bene
518 4141 613 4181 sua
641 4128 939 4197 relinquere
980 4124 1068 4177 cui
1104 4125 1319 4197 libebat.
1354 4126 1407 4179 Id
1440 4124 1616 4197 autem
1647 4143 1769 4179 cor-

209 4195 359 4253 rexit
382 4198 582 4251 novella
613 4211 864 4265 sequens.
905 4195 1040 4260 Ergo
1061 4236 1075 4259 ,
1109 4195 1323 4262 inquam
1356 4209 1455 4263 ego
1479 4236 1495 4257 ,
1555 4196 1772 4251 ineunte

209 4277 373 4321 sexto
401 4266 616 4329 saeculo,
645 4267 864 4318 liberum
891 4273 1005 4317 erat
1035 4267 1305 4317 monachis
1333 4266 1534 4326 tesrari,
1563 4274 1616 4317 ct
1634 4266 1771 4318 bona

208 4351 310 4391 sua
341 4338 636 4402 cuicunque
669 4335 867 4387 vellent
905 4335 1100 4402 legare.
1161 4333 1289 4387 Vide
1327 4333 1684 4388 authenticain
1715 4334 1777 4389 Si

209 4422 318 4475 qua
349 4406 722 4475 mulier-Lentis.
750 4402 833 4475 Ψ,
866 4419 918 4470 q.
950 4403 1002 4464 5,
1035 4403 1272 4475 relatam.
1302 4402 1561 4475 Gusssav.

293 4475 472 4528 EPIST.
517 4474 581 4527 IV
628 4472 732 4544 [AL
760 4471 838 4541 6'].
890 4501 960 4513 —
989 4480 1013 4505 ⁸
1061 4471 1275 4544 Videtur
1320 4473 1584 4544 abbatissa
1631 4473 1776 4527 adire

1867 3242 1989 3297 dem
2017 3240 2326 3307 episcopum
2352 3239 2402 3290 in
2427 3236 2527 3288 hoc
2553 3237 2750 3289 saeculo
2777 3237 2881 3290 vita
2904 3238 3134 3292 tenuerit
3159 3278 3174 3303 ,
3230 3239 3247 3275 ί
3283 3255 3434 3294 sum-

1869 3339 1992 3400 ptus
2008 3328 2055 3382 ei
2079 3326 2241 3382 debiti
2267 3326 2334 3380 de
2364 3325 2549 3379 eadem
2570 3323 2807 3378 Ecclesia
2837 3325 3224 3383 ministrentur.
3256 3329 3431 3387 Enim-

1871 3435 2000 3476 vero
2029 3420 2073 3473 si
2105 3417 2250 3471 nullo
2269 3425 2508 3484 tempore
2537 3414 2601 3467 ad
2631 3430 2774 3468 same
2790 3415 2923 3469 redit
2962 3418 3154 3472 mentis
3170 3418 3429 3488 officium,

1873 3524 2103 3582 persona
2134 3507 2304 3560 fidelis
2349 3519 2412 3559 ac
2443 3504 2565 3559 vita:
2591 3504 2882 3573 probabilis
2913 3516 2993 3561 est
3019 3508 3290 3577 eligenda,
3321 3527 3441 3580 qua:

1881 3604 1948 3654 ad
1979 3597 2218 3667 regimen
2252 3594 2507 3648 Ecclesiae
2546 3593 2732 3648 idonea
2763 3593 2931 3662 possit
2977 3596 3208 3653 existere
3230 3637 3247 3666 ,
3279 3609 3439 3670 atque

1944 3707 1973 3748 ι
2003 3708 2058 3761 In
2085 3706 2296 3772 iisdem,
2327 3715 2374 3760 et
2405 3721 2466 3758 ne
2489 3721 2587 3772 qua
2614 3720 2787 3757 earum
2817 3707 2970 3772 possit
3007 3709 3220 3764 utilitas.

1951 3789 1973 3816 ε
2001 3777 2073 3830 Ita
2121 3777 2351 3844 quinque
2383 3775 2572 3837 Vatic.,
2603 3775 2794 3845 Nnrm.
2825 3789 3012 3830 omnes
3041 3777 3227 3832 lihem.
3254 3817 3269 3843 ,
3301 3787 3429 3845 etc.,

1874 3857 1928 3905 et
1980 3856 2086 3902 vet.
2146 3846 2378 3911 Excusi,
2429 3846 2630 3912 Optimo
2678 3844 2888 3911 quidem
2932 3861 3126 3912 sensu,
3176 3862 3296 3901 nam
3335 3844 3438 3904 nisi

1875 3926 2137 3972 recusante
2171 3930 2231 3968 eo
2278 3915 2415 3968 idem
2453 3922 2536 3968 est
2574 3927 2642 3984 ac
2677 3914 2773 3966 nisi
2802 3929 2875 3984 eo,
2905 3916 3208 3984 episcOpalo
3244 3934 3436 3974 munus

1877 3987 2174 4042 abdicante.
2201 3984 2547 4037 Recentiores
2570 3982 2813 4036 Editores
2834 3981 2912 4038 sic
2940 3981 3112 4038 locum
3144 3987 3284 4040 hunc
3314 4004 3436 4042 mu-

1877 4063 2125 4111 taverunt
2161 4054 2320 4106 alium
2359 4053 2470 4106 loco
2517 4055 2669 4122 ejus_,
2709 4062 2966 4108 recusante
2994 4070 3051 4108 eo
3075 4094 3091 4120 ,
3126 4059 3343 4113 omnino
3385 4062 3438 4112 in

1875 4123 2201 4181 contrariam
2231 4115 2688 4192 significationem.

1944 4194 1968 4232 ’³
1985 4195 2064 4248 0b
2075 4195 2272 4246 crimen
2290 4191 2574 4260 episcopus
2586 4191 2866 4256 deponitur
2887 4192 3108 4258 invitus;
3128 4194 3195 4248 ob
3213 4196 3439 4250 infirmi-

1877 4273 2039 4319 tatem
2069 4277 2174 4316 non
2197 4264 2499 4332 deponitur,
2523 4262 2622 4314 nisi
2648 4260 3026 4332 ipsevelit;lib.
3055 4279 3128 4325 xi,
3161 4265 3318 4332 epist.
3341 4268 3433 4319 47.

1953 4342 1977 4370 ο
2006 4331 2232 4397 Vulgati,
2261 4347 2362 4383 non
2392 4347 2443 4383 se
2472 4332 2682 4382 ulterius
2713 4331 2779 4380 ad
2809 4331 2901 4382 Itoc
2929 4331 3262 4385 ministerium
3288 4335 3438 4388 intel-

1881 4403 2062 4457 lectum
2091 4402 2291 4464 habere,
2323 4415 2411 4451 nec
2436 4403 2502 4451 ad
2525 4400 2629 4450 alia
2653 4399 2832 4465 oﬂ‘icia,
2862 4400 3187 4453 subvertente.

1959 4471 1977 4508 ί
2007 4473 2081 4524 De
2113 4469 2472 4538 pensionibus,
2507 4469 2627 4520 vide
2656 4469 3083 4533 'l‘homassinum,
3120 4481 3253 4537 part.
3281 4487 3367 4536 Ill,
3401 4474 3436 4530 Ι.

219 4545 588 4599 lia-reditatem
620 4530 894 4610 parentum
930 4555 1167 4610 suorum,
1201 4540 1484 4610 fratrisque
1509 4545 1771 4609 germani.
1807 4530 1857 4588 D
1881 4557 1939 4606 ll,
1970 4555 2019 4594 c.
2049 4530 2150 4610 29',
2180 4536 2380 4610 50,331.
2412 4530 2858 4610 Istaspensiones
2890 4539 2969 4610 bis
3016 4530 3248 4593 in'c'onc.
3273 4530 3436 4595 Chal-

218 4615 298 4669 lia
332 4613 509 4667 multis
539 4614 589 4665 in
614 4609 762 4665 locis.
790 4611 916 4664 iure
937 4609 1177 4662 Romano
1200 4609 1326 4662 nihil
1358 4610 1578 4663 interest
1597 4612 1773 4667 sintne

218 4685 527 4744 sarculares,
557 4696 623 4734 an
650 4682 939 4749 regulares,
974 4679 1104 4732 Cod.
1131 4680 1192 4731 de
1222 4681 1463 4749 episcOpis
1484 4690 1531 4733 et
1555 4681 1728 4734 cleric.
1755 4721 1770 4746 ,

217 4752 338 4821 lege
357 4751 446 4815 56,
478 4751 584 4803 Deo
613 4752 774 4821 nobis,
805 4750 898 4821 §l_.
932 4749 1300 4821 Monasterium
1323 4760 1498 4821 autem
1521 4750 1632 4802 adit
1661 4750 1774 4804 ha:-

218 4817 506 4877 reilitatem
557 4821 674 4873 loco
725 4819 838 4872 ﬁlii.
866 4819 991 4872 .Iure
1017 4817 1284 4888 pontificio
1309 4819 1644 4885 excipiuntur
1685 4821 1773 4888 qui

219 4892 448 4960 professi
478 4900 597 4942 sunt
615 4889 864 4960 regulam
889 4887 1065 4960 sancti
1092 4886 1381 4960 Francisci,
1417 4897 1475 4940 ut
1495 4888 1670 4960 videre
1692 4886 1773 4960 est

221 4956 280 5014 in
312 4961 573 5014 Cleinent.
609 4956 772 5021 Exivi,
820 4957 848 5025 ᾖ
878 4957 1005 5008 Cum
1033 4957 1166 5009 enim
1192 4997 1206 5020 ,
1231 4958 1310 5008 tit.
1343 4957 1403 5008 de
1433 4958 1567 5009 verb.
1597 4958 1771 5026 signi].

223 5031 357 5084 Jure
386 5027 586 5082 Gallico
615 5043 713 5081 nec
741 5027 1008 5089 monachi,
1042 5040 1138 5079 nec
1165 5027 1439 5079 monachae
1469 5029 1779 5091 succedunt,

224 5102 472 5165 hancque
526 5096 960 5150 consuetudinem
1015 5109 1119 5165 sex
1167 5095 1465 5148 rationibus
1517 5096 1787 5148 stabiliunt

218 5163 608 5238 iurisconsulti,
623 5181 754 5234 quas
773 5179 1087 5238 enumerare
1110 5163 1323 5238 longum
1347 5166 1502 5238 foret.
1522 5166 1784 5238 Gussxav.

227 5234 358 5294 Ilaec
375 5246 604 5306 pugnant
627 5243 812 5306 contra
843 5234 1076 5306 regulam
1106 5235 1272 5286 sancti
1295 5235 1586 5296 Benedicti,
1619 5249 1668 5286 c.
1694 5236 1782 5302 59,

224 5319 286 5364 et
318 5303 534 5376 passim,
553 5305 707 5376 cujus
729 5307 949 5376 consule
975 5303 1301 5376 interpretes
1326 5314 1378 5358 et
1407 5313 1788 5357 commentato-

224 5370 337 5432 res;
372 5376 501 5429 Vide
528 5370 793 5428 Concord.
828 5371 1014 5437 Regul.
1051 5386 1167 5437 pag.
1199 5370 1324 5429 995.

227 5515 271 5571 ϐ
305 5447 328 5482 ι
358 5445 412 5498 lu
439 5445 653 5512 judiciis
685 5439 1059 5497 ecclesiasticis
1091 5441 1261 5509 legum
1279 5441 1516 5496 civilium
1535 5454 1658 5495 usus
1687 5450 1789 5496 est.

279 5529 500 5571 ussxsv.

279 5529 500 5572 υεδην,

305 5597 327 5623 ε
363 5584 532 5638 Nullis
560 5583 611 5634 in
640 5582 765 5635 Mss.
793 5579 844 5633 id
876 5578 1029 5633 nobis
1058 5580 1309 5634 occurrit.

303 5659 484 5711 EPIST.
510 5653 685 5722 νμι.
728 5649 806 5720 7].
839 5679 907 5689 -
939 5659 963 5683 τι
990 5649 1235 5715 Itecent.,
1267 5652 1493 5720 fraterna
1537 5665 1627 5706 nos
1657 5664 1794 5704 cont-

229 5728 400 5801 passio
426 5727 567 5792 ﬂere.

437 5817 705 5876 Pariter.
752 5807 1062 5867 LXXVII.

1881 4611 1998 4665 ced.
2027 4609 2274 4676 probatas
2303 4607 2463 4660 fuisse
2493 4607 2691 4659 scimus
2718 4608 2767 4658 in
2798 4609 3020 4672 gratiam
3054 4609 3272 4673 Domni,
3307 4611 3435 4663 Bas-

1882 4680 2036 4742 siani,
2067 4677 2318 4744 Stephani
2338 4692 2352 4740 ;
2372 4687 2428 4728 ut
2461 4683 2755 4728 tamentuta
2784 4676 3110 4730 coaseientia
3135 4682 3438 4746 exigantur,

1881 4750 2044 4802 multa
2094 4747 2339 4801 cautiOne
2387 4760 2518 4812 opus
2548 4753 2665 4807 est,
2711 4759 2807 4798 nec
2837 4748 3165 4801 consuetudo
3195 4759 3437 4802 excusat.

1883 4818 1958 4872 De
1985 4833 2164 4871 earum
2195 4831 2288 4868 tlsti
2319 4817 2552 4883 legitimo
2582 4816 3014 4884 pluraﬁdicerem,
3048 4819 3144 4870 nisi
3173 4833 3442 4884 praeoccu-

1883 4897 2062 4955 passet
2089 4884 2686 4955 auctordissertationis
2714 4883 2933 4938 Gallica:
2963 4888 3028 4938 de
3059 4883 3404 4954 peuSionibus
3422 4929 3436 4950 ,

1883 4953 2038 5025 quam
2093 4971 2182 5008 an.
2215 4953 2353 5025 71671
2407 4954 2577 5007 edidit
2634 4955 3015 5025 approbatione
3061 4953 3444 5025 privilegioque

1883 5024 2162 5079 munitam.
2209 5024 2426 5076 Videtur
2473 5033 2620 5076 certe
2669 5024 2923 5089 pag.158
2981 5027 3134 5092 paulo
3176 5024 3445 5080 austerior

1883 5096 2138 5148 adversus
2168 5107 2465 5156 veteranos,
2491 5094 2576 5158 qui
2601 5095 2835 5145 emeritis
2863 5109 2987 5157 xxx,
3017 5111 3100 5157 ιι,
3122 5111 3151 5148 ι.
3179 5111 3442 5149 annorum

1884 5164 2162 5230 stipendiis
2189 5165 2493 5232 missionem
2522 5163 2800 5224 obtinent,
2851 5171 3054 5216 retenta
3099 5166 3350 5232 pensione
3392 5169 3443 5218 iu

1887 5233 2182 5285 subsidium
2209 5231 2620 5302 praesidiumque
2647 5233 2953 5296 senectutis;
2977 5231 3293 5287 cumtamen
3323 5251 3443 5302 pag.

1889 5303 1989 5355 197
2021 5317 2125 5354 non
2179 5301 2405 5353 obscure
2452 5305 2636 5366 probet
2687 5305 2736 5352 in
2768 5305 2995 5355 comitis
3025 5305 3152 5356 cleri
3183 5301 3442 5358 Gallicani

1889 5370 2104 5425 decerni
2128 5372 2354 5439 gratiose
2389 5369 2669 5436 pensiones
2690 5371 2742 5421 in
2770 5385 2921 5422 usuin
2951 5374 3349 5433 nonnullorum;
3380 5391 3445 5427 an

1892 5439 2136 5508 justitite,
2161 5455 2227 5511 an
2250 5443 2601 5511 eliemosynze
2633 5439 2820 5491 titulo?
2853 5455 2972 5493 nam
2996 5445 3060 5495 de
3086 5444 3236 5496 bonis
3255 5459 3455 5511 paupe-

1900 5524 2016 5562 rum
2045 5508 2260 5578 largitas
2292 5509 2389 5559 ista
2415 5519 2519 5578 est.
2546 5511 2612 5560 At
2639 5516 2714 5572 at,
2741 5512 2880 5574 quod
2911 5512 3108 5564 dictum
3141 5525 3222 5566 est
3251 5508 3452 5565 dictum

1897 5579 2041 5651 nolo.
2076 5577 2226 5639 Nam,
2261 5587 2319 5651 ut
2343 5577 2507 5631 refert
2538 5592 2640 5630 non
2665 5580 3078 5651 semetsancius
3108 5582 3453 5651 Augustinus,

1898 5647 2151 5716 plerisque
2170 5648 2306 5716 quod
2329 5651 2497 5700 volunt
2527 5658 2755 5702 sanctum
2777 5659 2869 5703 est.
2897 5650 3090 5704 Partim
3112 5667 3176 5704 ex
3193 5647 3452 5707 Cussaav.

2915 5810 2992 5863 1ιο
