3956 6326
544 300 676 354 i959

1742 295 1983 352 SANCTI
2022 294 2346 353 GREGORII
2390 295 2599 350 MAG-Nl

3651 296 3797 349 1250

543 412 607 463 de
648 409 941 462 animarum
970 405 1194 460 utilitate
1223 406 1486 476 cogitare,
1527 406 1788 475 inquietus
1813 418 1837 454 κ
1873 410 1971 462 sub
1999 409 2110 462 dis-
2145 417 2189 472 Α
2221 409 2314 460 tris
2348 409 2397 460 in
2440 407 2619 475 aliquo
2650 405 2936 474 participes
2970 404 3306 471 liaberemur,
3336 405 3629 476 privilegia
3659 408 3797 460 locis

545 499 753 568 ciplinte
785 497 997 550 vinculo
1026 497 1346 562 restringere
1367 536 1382 559 ,
1409 496 1886 548 ecclesiasticarum
1927 511 2106 550 rerum

541 605 722 643 curam
751 603 957 654 gerere,
983 595 1038 640 et
1063 596 1325 639 maturum
1348 595 1504 654 atque
1531 585 1798 640 efficacem
1827 603 1885 641 se
1910 590 1959 640 in
1981 604 2099 641 om-

543 678 696 730 nibus
746 676 1024 729 exhibere.
1076 674 1174 739 Qui
1233 675 1436 728 etiamsi
1489 677 1775 743 episcoim,
1825 678 1914 744 qui
1973 693 2111 731 nunc

541 782 784 840 aegrotat,
832 776 1104 838 superstes
1135 767 1430 833 exstiterit,
1473 769 1590 822 loco
1613 770 1729 837 ejus
1755 769 1946 824 debeat
1975 784 2106 823 con-

546 869 767 920 secrari.

613 955 989 1010 Urdinationcs
1010 968 1135 1006 vero
1162 952 1588 1022 presbyterorum
1608 952 1688 1005 vel
1721 952 2062 1006 diaconorum
2093 990 2109 1018 ,

550 1064 645 1102 seu
673 1048 894 1101 alterius
924 1046 1144 1108 ordinis,
1175 1046 1220 1098 si
1246 1045 1358 1098 ﬁeri
1388 1045 1440 1098 in
1466 1045 1648 1098 eadem
1683 1045 1918 1098 Ecclesia
1949 1059 2105 1098 causa

549 1138 848 1207 p0poscerit
885 1177 901 1201 ,
938 1134 1251 1188 fraternitati
1282 1144 1383 1188 tua:
1411 1133 1437 1170 ιι
1462 1137 1674 1189 noveris
1731 1135 2109 1188 reservandum

556 1228 570 1266 ί
599 1237 881 1297 quatenus,
911 1226 953 1278 si
987 1237 1088 1278 tua:
1116 1235 1197 1278 est
1231 1224 1545 1293 diazceseos,
1571 1225 1635 1278 de
1657 1226 1771 1292 ejus
1797 1227 1883 1291 qtti
1918 1226 1982 1279 ad
2013 1226 2114 1279 hoc

549 1320 762 1388 eligitur
789 1319 922 1380 vita,
969 1317 1205 1370 moribus
1242 1325 1465 1384 actuque
1497 1318 1789 1385 perquiras.
1825 1317 1887 1370 Et
1911 1317 1955 1370 si
1997 1318 2112 1384 pla-

547 1413 733 1477 cucrit,
766 1425 864 1463 nec
889 1421 969 1462 est
997 1409 1134 1477 quod
1164 1410 1214 1462 in
1245 1423 1310 1462 eo
1354 1408 1626 1462 canonicze
1655 1409 2004 1462 districtionis
2028 1408 2115 1476 ju-

549 1504 743 1556 dicium
786 1500 1163 1569 reprehendat,
1214 1501 1280 1554 ad
1341 1501 1659 1554 destinatum
1711 1501 1950 1555 ordinem
2008 1514 2113 1554 non

549 1595 702 1647 aliter
725 1593 824 1646 nisi
850 1601 900 1645 te
921 1591 1198 1644 ordinante
1227 1590 1518 1658 perveniat.
1549 1590 1622 1642 lta
1653 1605 1780 1657 ergo
1809 1588 2113 1642 fraternitas

554 1697 642 1739 tua
674 1686 852 1747 faciat,
881 1694 1043 1751 atque
1073 1684 1184 1737 haec
1215 1683 1448 1752 vigilanti
1484 1682 1810 1750 providentia
1832 1681 2112 1748 disponat,

2213 499 2340 565 ipsis
2373 512 2467 565 pro
2487 496 2662 566 quiete
2687 505 2741 549 et
2767 496 3060 550 munitione
3094 495 3204 549 illic
3237 495 3547 562 degentium
3581 541 3595 563 ,
3655 500 3800 550 sicut

2215 589 2491 654 voluistis,
2539 588 2878 651 indulsimus,
2927 601 3026 640 nec
3071 588 3408 641 excellentia:
3447 597 3648 641 ves-me
3676 604 3788 640 am-
3844 614 3848 618 -

2217 680 2496 747 plectenda
2534 679 2689 734 nobis
2722 679 2986 733 desideria
3027 679 3113 733 vel
3143 679 3209 732 ad
3250 680 3522 732 modicum
3577 678 3799 733 diﬁerre

2213 769 2544 838 pertulimus.

2285 858 2507 913 Paterna
2563 867 2818 926 praeterea
2868 858 3134 912 charitate
3188 860 3531 913 salutationis
3562 862 3794 924 przeinit-

2215 955 2392 1002 teutes
2413 949 2723 1016 alloquium,
2754 949 3049 1002 indicamus
3080 949 3372 1003 illustribus
3407 950 3535 1001 fil:is
3568 953 3787 1012 nostris,

2215 1050 2406 1093 vestrte
2431 1054 2553 1093 vero
2574 1041 2905 1093 excellentia:
2935 1038 3150 1093 famulis
3171 1054 3234 1094 ac
3265 1040 3452 1106 legatis
3486 1041 3787 1107 Burgoaldu

2215 1139 2269 1184 et
2307 1127 2325 1165 ί
2379 1128 3087 1188 VarmariCario..nostrum
3135 1144 3232 1182 nos
3273 1131 3572 1184 secundum
3622 1142 3792 1183 vestra

2217 1219 2408 1285 seripta
2443 1219 2738 1282 prmbuisse
2761 1229 3048 1272 secretum.
3072 1219 3179 1286 Qui
3208 1221 3385 1273 omnia
3417 1237 3540 1287 qua:
3573 1222 3679 1274 sibi
3706 1222 3787 1276 in-

2211 1306 2394 1375 iuncta
2429 1317 2452 1353 8
2487 1308 2764 1376 dixerunt,
2816 1308 2997 1360 subtili
3033 1309 3190 1361 nobis
3240 1308 3606 1364 insinuatione
3660 1328 3798 1364 rese-

2219 1410 2366 1449 rasse
2396 1406 2708 1450 noscuntur.
2743 1396 2816 1448 De
2841 1396 3035 1464 quibus
3065 1412 3204 1449 curae
3231 1397 3382 1450 nobis
3410 1401 3518 1451 erit
3541 1401 3789 1467 sequenti

2219 1495 2457 1554 tempore
2497 1485 2829 1539 excellentia:
2859 1495 3055 1538 vestra:
3082 1487 3206 1554 quid
3237 1495 3415 1540 actum
3463 1491 3628 1541 fuerit
3657 1490 3792 1541 indi-

2215 1590 2360 1628 care.
2388 1575 2519 1628 Nam
2545 1589 2641 1628 nos
2668 1574 2922 1644 quidquid
2948 1575 3220 1642 possibile,
3251 1574 3505 1645 quidquid
3531 1588 3612 1629 est
3637 1582 3789 1640 utile,

2215 1672 2269 1716 et
2297 1663 2360 1715 ad
2393 1661 2741 1716 ordinandam
2791 1677 2972 1729 pacem
3022 1663 3156 1715 inter
3196 1671 3286 1717 vos
3307 1673 3360 1716 et
3396 1667 3789 1732 rempublicam

556 1788 732 1830 utnec
779 1777 869 1829 Dei
916 1774 1156 1828 Ecclesia
1187 1774 1484 1841 neglectum
1527 1773 1746 1825 ulterius
1777 1771 1967 1824 habeat
1990 1811 2004 1834 ,
2060 1779 2114 1822 et
2147 1773 2188 1832 Β
2221 1753 2468 1821 Ρθνιίηυιο
2498 1767 2736 1821 summa.
2786 1752 2894 1806 υθο
2915 1759 3132 1806 auem"?
3156 1792 3173 1819 ι
3223 1753 3466 1820 cupimus
3494 1757 3787 1809 ἀενυιίοιιε

547 1866 958 1921 consacerdotes
999 1879 1126 1918 suos
1177 1880 1282 1916 non
1339 1863 1512 1916 solum
1569 1861 1893 1937 verbo,sed
1950 1861 2116 1914 etiam

546 1956 792 2023 exemplo
832 1955 1068 2008 locorum
1115 1951 1497 2007 venerabilium
1540 1966 1720 2005 curam
1771 1950 2110 2003 laudabiliter

549 2047 746 2099 habere
768 2053 1126 2099 commoneat.

1107 2130 1433 2186 EPISTULA
1477 2131 1563 2183 Vl.

759 2240 824 2275 AD
862 2237 1247 2276 BHUNICIIILDAI
1288 2235 1598 2274 FRANCORUM
1646 2235 1898 2273 REGINAM.

553 2313 627 2368 De
658 2315 928 2382 privilegiis
960 2314 1265 2382 monasterio
1295 2320 1339 2364 et
1367 2310 1681 2364 xenodochio
1712 2309 1963 2382 concessis
1984 2350 1999 2374 ,
2051 2308 2117 2382 ie-

622 2377 751 2452 gotis
802 2377 910 2452 ejus
949 2383 1163 2452 auditis,
1196 2381 1400 2452 Montio
1455 2382 1701 2452 episcopo
1744 2379 1991 2452 absoluto.
2043 2377 2116 2428 De

621 2446 852 2518 Episcopo
880 2452 964 2516 qui
987 2451 1166 2518 capitis
1189 2450 1483 2516 infirmitate
1506 2448 1792 2518 laborabat.
1819 2446 1891 2498 De
1911 2449 2113 2518 diganto

622 2538 721 2571 non
753 2516 1060 2572 ordinando.
1097 2517 1375 2569 Missurum
1409 2533 1460 2569 se
1490 2519 1541 2567 in
1573 2516 1774 2568 Gallias
1799 2518 1886 2583 qui
1917 2517 2110 2583 synodo

621 2591 839 2641 intersit.
890 2587 1168 2655 l’rivt‘legia
1205 2602 1318 2654 qua:
1361 2586 1512 2638 mittit
1558 2587 1683 2637 actis
1729 2587 1944 2651 publicis
1975 2586 2110 2637 iuse-

620 2659 797 2710 renda.

633 2747 920 2816 Gregorius
949 2745 1299 2800 Brunichildre
1329 2747 1521 2815 reginze
1553 2746 1900 2799 Francorum.

626 2845 651 2873 °
703 2839 842 2888 lnter
877 2837 976 2888 alia
1006 2837 1141 2890 bona
1182 2837 1282 2889 hoc
1319 2836 1455 2903 apud
1479 2851 1571 2888 vos
1601 2850 1708 2901 pra:
1736 2834 1942 2888 caeteris
1973 2841 2117 2888 tenet

550 2928 923 2994 principatum,
957 2928 1095 2995 quod
1122 2928 1171 2979 in
1204 2927 1390 2980 mediis
1432 2926 1589 2994 hujus
1613 2926 1794 2979 mundi
1824 2926 2068 2980 [luctibus
2093 2966 2108 2989 ,

548 3020 640 3087 qui
699 3020 926 3085 regentis
973 3019 1183 3070 animos
1237 3017 1540 3071 turbulenta
1598 3016 1771 3070 solent
1829 3017 2107 3070 vexatione

2215 1842 2488 1909 compleri.
2947 1855 2981 1888 ο

2288 1930 2315 1970 ι
2354 1933 2593 1986 Mennam
2623 1946 2750 1986 vero
2775 1931 2978 2000 (Crat,
3005 1932 3059 1997 2,
3090 1949 3142 2001 ᾳ.
3175 1931 3229 1995 5,
3260 1948 3307 1986 c.
3335 1933 3418 2001 7),
3453 1935 3793 1990 reverendis-

2216 2022 2409 2075 simum
2443 2021 2656 2074 fratrem
2684 2028 2738 2074 et
2758 2020 3131 2089 coepiscopum
3163 2029 3403 2075 nostrum
3427 2064 3441 2086 ,
3479 2035 3785 2092 postquam,

2215 2128 2276 2166 ea
2307 2127 2424 2179 qua:
2454 2111 2521 2164 de
2547 2126 2612 2164 eo
2641 2110 2780 2163 dicta
2810 2111 3021 2164 fuerant
3053 2111 3416 2178 requirentes,
3453 2113 3504 2164 in
3538 2115 3685 2165 nullo
3718 2115 3790 2166 in-

2216 2203 2458 2256 venimus
2488 2216 2608 2254 esse
2637 2200 2976 2269 culpabilem,
3007 2201 3117 2268 qui,
3149 2201 3400 2269 insuper,
3436 2201 3500 2253 ad
3534 2203 3784 2254 sacratis-

2218 2291 2413 2344 simum
2461 2305 2654 2356 corpus
2681 2289 2822 2343 beati
2854 2289 2995 2343 Petri
3033 2290 3259 2357 apostoli
3301 2290 3400 2342 sub
3433 2289 3783 2358 jurejurando

2218 2380 2558 2432 satisfaciens
2582 2416 2596 2445 ς
2629 2378 2695 2432 ab
2725 2378 2805 2432 bis
2835 2392 2954 2446 quae
3000 2379 3205 2444 objecta
3233 2378 3350 2446 ejus
3391 2379 3628 2446 Opinioni
3669 2384 3778 2433 fue-

2217 2480 2332 2521 rant
2355 2484 2414 2522 se
2442 2468 2825 2523 demonstravit
2853 2467 3109 2534 alienum,
3136 2471 3326 2522 reverti
3355 2469 3480 2522 illuc
3504 2480 3782 2536 purgatum

2218 2560 2625 2626 absolutumque
2656 2557 3027 2624 permisimus,
3079 2559 3203 2625 quia
3233 2557 3372 2610 sicut
3414 2559 3629 2628 dignum
3671 2572 3786 2613 erat

2215 2657 2294 2713 ut,
2317 2649 2359 2699 si
2389 2649 2441 2699 in
2468 2648 2641 2715 aliquo
2674 2659 2797 2699 reus
2824 2646 3094 2707 existeret,
3123 2645 3332 2712 culpam
3359 2645 3410 2698 in
3439 2661 3505 2699 eo
3527 2649 3785 2700 canonice

2217 2739 2520 2806 pttniremus
2548 2777 2562 2802 ,
2614 2738 2682 2790 ita
2731 2735 2946 2804 dignum
2973 2749 3079 2788 non
3111 2734 3209 2788 fuit
3250 2743 3306 2788 ut
3336 2750 3459 2789 eum
3489 2737 3786 2804 adjuvante

2218 2828 2517 2881 innocentia
2558 2825 2754 2881 diutius
2789 2827 3021 2880 retinere
3070 2826 3150 2879 vel
3211 2825 3450 2893 afﬂigere
3503 2829 3554 2880 in
3611 2830 3790 2897 aliquo

2211 2917 2550 2973 deberemus.

2290 3006 2362 3059 De
2392 3005 2619 3072 quodam
2642 3011 2819 3057 autem
2848 3003 3120 3071 episcopo,
3153 3018 3309 3072 quem
3338 3005 3531 3071 capitis
3560 3006 3789 3060 infirmi-

804 3110 1153 3173 cnnfundere,
1189 3108 1258 3160 ita
1289 3122 1381 3162 cor
1406 3109 1471 3160 ad
1498 3108 1660 3160 divini
1686 3109 1856 3160 cuiius
1877 3122 2108 3160 amorem
2140 3129 2185 3191 Ο
2218 3103 2320 3160 tas,
2351 3095 2490 3146 SlCUl
2538 3095 2688 3146 llOblS
2738 3093 2972 3161 przedicti
3023 3093 3285 3191 magniﬁci
3344 3096 3440 3148 Vil'i
3493 3094 3787 3160 dixerunt,

549 3216 602 3257 et
659 3205 1038 3258 venerabilium
1091 3203 1325 3256 locorum
1370 3203 1752 3270 disponendam
1800 3201 1827 3239 ι)
1875 3203 2108 3270 quietem

545 3295 823 3356 reducitis,
864 3308 925 3346 ac
968 3294 1011 3346 si
1042 3293 1184 3346 nulla
1239 3308 1332 3346 vos
1369 3293 1470 3345 alia
1501 3308 1625 3345 cura
1655 3291 1927 3345 sollicitet.
1965 3289 2112 3344 inde

550 3387 670 3453 quia
744 3386 1046 3453 lmjusmodi
1096 3387 1504 3453 pra‘positorum
1558 3388 1695 3438 actio
1753 3385 2112 3452 subiectorum

554 3490 739 3543 magna
767 3475 904 3528 solet
933 3488 1051 3528 esse
1090 3475 1336 3537 munitio,
1364 3489 1472 3543 pra:
1499 3475 1615 3527 aliis
1637 3474 1879 3540 gentibus
1902 3484 2111 3542 gentem

553 3566 872 3619 Francorum
902 3565 1189 3620 asserimus
1238 3565 1470 3631 felicem,
1509 3581 1624 3631 quae
1649 3565 1726 3618 sic
1751 3564 1901 3617 bonis
1932 3563 2108 3616 omni-

550 3657 645 3709 bus
676 3657 946 3723 praeditam
981 3657 1168 3710 meruit
1199 3654 1392 3710 habere
1417 3654 1673 3723 reginam.

620 3745 869 3810 Epistolis
922 3753 1096 3798 autent
1145 3746 1338 3797 vestris
1370 3743 1722 3798 indicantibus
1763 3749 2112 3810 agnoscentes

559 3843 578 3868 ε
611 3833 894 3885 ecclesiam
930 3847 1025 3883 vos
1067 3831 1232 3884 sancti
1269 3831 1477 3884 Martini
1507 3832 1556 3882 in
1583 3831 1884 3883 suburbano
1905 3829 2109 3895 Augus-

552 3923 869 3985 toduuensi,
923 3932 1082 3988 atque
1120 3919 1145 3954 α
1194 3921 1570 3973 monasterium
1621 3920 1924 3973 ancillarum
1983 3918 2108 3985 Dei,

555 4026 761 4064 necnon
791 4021 844 4065 et
870 4022 891 4045 υ
914 4008 1297 4064 xcnodochium
1329 4009 1380 4061 itt
1408 4009 1538 4062 urbe
1567 4008 1750 4062 eadem
1782 4007 2114 4062 construxis-

555 4120 612 4158 se
635 4147 648 4168 ,
684 4105 839 4160 valde
869 4103 1025 4157 laetati
1043 4118 1260 4169 sumus,
1291 4111 1346 4156 et
1388 4103 1583 4171 gratias
1609 4100 1956 4168 omnipotenti
2001 4100 2110 4152 Deo

554 4195 869 4259 retulimus,
916 4193 1005 4259 qui
1053 4193 1226 4246 cordis
1274 4192 1436 4246 vestri
1481 4192 1838 4245 sincerititem
1883 4191 1947 4242 ad
1997 4189 2109 4242 lucc

550 4286 819 4355 operanda
850 4285 1177 4354 compungit.
1212 4283 1326 4350 Qua
1350 4284 1415 4338 de
1438 4297 1495 4338 re
1526 4294 1581 4337 ut
1608 4293 1660 4336 et
1687 4297 1782 4337 nos
1811 4282 1957 4336 bonis
1980 4297 2107 4335 ves-

631 4454 654 4490 s
688 4442 854 4496 Vatir.
886 4445 946 4502 A,
966 4441 1053 4494 sub
1078 4439 1359 4508 disciplima
1386 4437 1631 4491 vindicia.

625 4518 651 4551 ιι
685 4514 816 4566 Tres
843 4513 1027 4571 \’atic.,
1062 4512 1252 4561 noverit
1280 4509 1655 4561 reservandum.

631 4584 645 4620 ί
679 4591 886 4650 Upttme
913 4585 962 4634 in
994 4580 1162 4637 Vatic.
1189 4579 1249 4645 F,
1280 4589 1528 4646 quatenus
1559 4577 1687 4630 sicut
1732 4584 1832 4628 tum
1859 4583 1930 4625 est
1973 4576 2111 4627 dioe-

558 4671 807 4776 “83:7.
839 4720 900 4772 Vl
931 4719 1037 4789 [AL
1070 4718 1144 4788 8].
1167 4748 1236 4757 —
1257 4726 1280 4752 ιι
1302 4717 1394 4770 llic
1419 4731 1522 4767 non
1551 4713 1872 4789 conveniunt
1904 4713 2026 4789 Mss.
2053 4711 2107 4764 In

562 4793 726 4846 Vatic.
764 4795 807 4843 Α
839 4783 1048 4857 legitur,
1079 4783 1208 4840 inter
1237 4789 1375 4857 varia
1406 4800 1518 4857 qua?
1545 4784 1608 4857 de
1649 4785 1780 4835 vobis
1811 4783 2110 4857 nuntiantur

554 4865 721 4923 bona,
750 4862 863 4912 hoc.
889 4853 1104 4911 lit'cvius
1139 4858 1190 4910 in
1222 4856 1390 4909 Vatic.
1427 4855 1464 4906 Β
1488 4894 1503 4916 ,
1545 4856 1674 4903 inter
1699 4855 1866 4903 omnia
1906 4856 2022 4923 Itoc.
2047 4853 2112 4923 in

565 4918 728 4984 Vattc.
764 4930 804 4981 υ
837 4941 889 4981 et
918 4929 1128 4991 liberm,
1159 4927 1287 4978 inter
1308 4935 1488 4977 ca’tera
1515 4925 1627 4974 hoc.
1655 4924 1710 4991 lu
1745 4923 1888 4973 Vatic
1914 4921 1953 4972 Ε
1973 4932 2021 4971 et
2047 4918 2108 4985 β’,

556 5017 614 5053 ac
645 5002 847 5065 lietnig.
873 5039 884 5060 ,
918 4999 1046 5050 inter
1071 5011 1188 5066 qua:
1217 4998 1310 5048 hoc
1335 4993 1475 5062 apud
1503 5008 1611 5044 vos.
1649 4990 1701 5042 ln
1729 4991 1908 5042 Norm.
1936 5027 1951 5053 ,
1982 4991 2108 5040 inter

557 5073 748 5138 reliqua
780 5071 894 5120 hoc.

627 5130 847 5191 1"Valte.
880 5138 938 5196 Β,
968 5137 1176 5204 quietem
1198 5131 1442 5204 radicitus
1471 5130 1736 5180 adhibetis.

632 5223 652 5247 ε
689 5197 1062 5260 Μυιωτιθιὶἰιηι
1086 5215 1199 5258 erat
1228 5202 1365 5270 quod
1399 5202 1650 5270 hactenus
1685 5207 1988 5263 perseverat
2016 5197 2115 5270 sub

562 5277 742 5343 regula
774 5276 940 5328 sa..Cti
983 5268 1336 5326 Benedicti—ac
1365 5269 1531 5343 sancti
1563 5268 2114 5343 Mauripingi-egatio-

561 5337 648 5398 ne:
677 5350 746 5398 lie
771 5346 867 5396 hoc
895 5345 1211 5396 turmasteriu
1241 5341 1458 5393 consule
1488 5339 1532 5390 Μ
1553 5338 1684 5388 ὼιΙΙ.
1720 5337 1911 5387 Annal.
1948 5339 2113 5386 liene-

558 5415 710 5477 dict.,
741 5415 831 5468 lib.
861 5429 953 5475 vn,
986 5431 1102 5480 pag.
1136 5410 1257 5474 195,
1291 5418 1345 5463 et
1369 5412 1559 5476 saepius
1597 5406 1741 5468 alibi,
1776 5418 1830 5457 ut
1850 5406 2113 5457 docebunt

560 5485 777 5536 indices.

630 5553 654 5590 ιι
679 5552 992 5607 (Lmtnbium
1027 5559 1110 5602 est
1136 5560 1332 5602 sancta:
1357 5546 1533 5600 Maria:
1573 5559 1709 5596 nunc
1741 5545 1891 5610 vulg»
1916 5543 2110 5594 dictum

560 5627 726 5678 sancti
755 5624 971 5677 Joannis
999 5619 1238 5687 majoris,
1268 5619 1421 5686 cujus
1465 5613 1814 5669 l’-artheuonis
1845 5614 2108 5665 abbatissa

2216 3184 2588 3237 administrare
2616 3196 2770 3235 suum
2799 3197 2902 3234 non
2935 3181 3064 3234 sinit
3093 3183 3326 3235 oflicium
3346 3224 3360 3247 ,
3391 3184 3539 3236 fratri
3572 3186 3786 3250 coepis-

2217 3289 2454 3342 c0poque
2479 3283 2658 3327 nostro
2682 3273 2896 3325 Etherio
2935 3273 3244 3340 scripsimus
3268 3311 3285 3338 ,
3343 3286 3400 3326 ut
3423 3275 3469 3326 si
3504 3275 3784 3327 intervalla

2218 3365 2454 3430 ejusdem
2506 3364 2830 3418 infirmitatis
2857 3363 3128 3427 habuerit,
3159 3363 3280 3416 data
3311 3364 3569 3432 petitione
3595 3365 3660 3417 ad
3688 3368 3791 3418 im-

2220 3456 2467 3524 plendum
2492 3470 2550 3509 se
2581 3457 2758 3508 locum
2793 3469 2945 3509 suum
2977 3454 3289 3522 proﬁteatur
3316 3469 3420 3507 non
3453 3470 3612 3521 posse
3635 3457 3785 3510 sufti-

2215 3562 2358 3612 cerc,
2389 3548 2482 3599 sed
2512 3546 2672 3598 alium
2705 3545 2958 3599 Ecclesia:
2988 3560 3098 3598 suae
3126 3546 3362 3613 postulet
3391 3546 3774 3608 ordinandum,

2214 3639 2335 3706 quia
2366 3639 2577 3691 vivente
2608 3636 2860 3704 episcopo
2883 3674 2898 3698 ,
2930 3650 3084 3702 quem
3119 3635 3186 3688 ab
3209 3635 3676 3690 administratione
3702 3639 3786 3691 of.

2218 3729 2316 3783 licii
2339 3730 2418 3782 sui
2443 3743 2546 3780 non
2571 3729 2745 3796 culpa,
2778 3727 2873 3781 sed
2896 3726 3155 3795 aegritudo
3180 3726 3450 3794 subducit,
3474 3729 3634 3782 alium
3660 3734 3780 3783 loco

2220 3818 2538 3889 ipsiussacri
2566 3819 2710 3871 nullo
2739 3818 2897 3870 modo
2923 3816 3236 3886 permittunt
3257 3831 3501 3872 canones
3525 3820 3784 3873 ordinari.

2217 3912 2270 3966 Si
2300 3925 2424 3964 vero
2449 3910 2593 3962 nullo
2618 3919 2854 3976 tempore
2876 3907 2940 3960 ad
2973 3907 3162 3960 mentis
3188 3922 3329 3962 sana:
3367 3908 3506 3962 redit
3527 3911 3784 3972 oflicium,

2218 4003 2386 4071 quaeri
2413 4015 2635 4069 persona
2665 3999 2824 4051 debet
2855 3998 2960 4050 vita
3001 4007 3054 4050 et
3082 3997 3319 4052 moribus
3341 3998 3596 4051 decorata
3616 4039 3631 4062 ,
3663 4014 3785 4066 quae

2219 4102 2272 4145 et
2309 4090 2601 4144 animarum
2645 4103 2827 4140 curam
2881 4102 3104 4154 gerere,
3138 4094 3191 4140 et
3239 4085 3483 4154 ejusdem
3541 4089 3784 4142 Ecclesia:

2219 4197 2406 4235 causas
2444 4181 2804 4245 utilitatesque
2840 4156 3043 4229 salubri
3090 4173 3261 4229 valeat
3309 4175 3652 4229 Ordinatione
3680 4177 3782 4229 dis-

2221 4287 2445 4345 poiiere,
2485 4270 2500 4306 ί
2532 4268 2752 4336 talisque
2782 4268 2851 4322 sit
2881 4276 2937 4320 ut
2963 4265 3009 4320 si
3038 4275 3310 4334 superstes
3336 4267 3641 4331 exstiterit,
3672 4266 3780 4335 ejus

2150 4441 2201 4500 ι)
2229 4431 2324 4483 fuit
2365 4425 2664 4500 Thalassia.
2699 4423 2826 4476 Vide
2853 4420 2987 4500 infra
3007 4461 3022 4487 ,
3053 4421 3207 4490 epist.
3238 4420 3292 4484 9,
3332 4427 3388 4473 et
3419 4421 3659 4475 Annales
3687 4422 3776 4475 Be-

2228 4500 2448 4560 nedict.,
2481 4497 2572 4548 lib.
2599 4509 2691 4554 vn,
2724 4507 2843 4560 pag.
2875 4489 3003 4544 204.

2294 4578 2316 4604 θ
2344 4558 2508 4634 Cujus
2537 4558 3020 4634 curatultabebant
3053 4559 3295 4634 monachi
3316 4558 3426 4634 sub
3454 4559 3649 4634 abbate
3685 4559 3774 4614 Se-

2220 4629 2436 4690 natore;
2461 4634 2609 4687 Nunc
2659 4631 3034 4683 Inonasteriutn
3065 4636 3148 4680 est
3186 4629 3460 4696 Virginum
3521 4630 3593 4681 ab
3622 4642 3776 4682 octin-

2216 4710 2388 4775 gentis
2416 4704 2569 4756 annis
2601 4702 2700 4775 sub
2725 4697 3185 4775 saneti__Andocli_ii
3217 4699 3539 4774 patrocinio.

2293 4777 2310 4813 ί
2347 4775 2580 4834 Turon.,
2615 4772 2775 4822 Curb.
2811 4778 2863 4821 et
2892 4769 3102 4831 Nortn.,
3139 4766 3424 4822 Varntario.

2291 4854 2316 4890 Β
2352 4844 2510 4907 Etlttt,
2538 4841 2798 4893 dixerutis.

2291 4913 2312 4949 ι’
2345 4914 2434 4966 llle
2466 4903 2578 4980 ipse
2603 4919 2684 4962 est
2707 4910 2924 4980 Mennas
2952 4906 3228 4980 Telesinus
3259 4903 3308 4957 in
3333 4904 3626 4970 Campania
3644 4904 3776 4980 epis-

2229 4997 2393 5051 copos
2416 5020 2432 5046 ,
2461 4977 2548 5047 qui
2576 5024 2590 5045 ,
2623 4980 2759 5048 apud
2805 4978 3120 5051 Gregorium
3153 4987 3434 5026 accusatus
3454 5014 3469 5031 .
3507 4991 3677 5038 eoque
3701 4977 3778 5049 ju-

2227 5044 2381 5106 bebte
2403 5044 2424 5115 ,Ἴ
2449 5044 2599 5117 epist.
2643 5044 2743 5102 1Ὶὸ
2769 5049 2860 5103 lib.
2892 5063 2960 5100 ιχ.
2993 5049 3209 5117 llottiatu
3243 5057 3534 5117 reversus,
3573 5044 3745 5117 exarui

2224 5132 2341 5175 nata
2378 5113 2684 5186 diligentius
2713 5133 2870 5171 causa
2899 5157 2912 5179 ,
2956 5116 3166 5169 tandem
3195 5122 3444 5186 purgatus
3477 5113 3526 5186 in
3562 5113 3774 5186 Capta-ii

2224 5181 2531 5245 remittitur.
2582 5190 2764 5254 Neque
2821 5188 2959 5238 enim
3014 5186 3245 5254 Mennas__
3278 5181 3469 5254 Telon.
3516 5182 3577 5254 in,
3619 5181 3774 5254 Gallia

2229 5262 2511 5326 episcopus
2551 5250 2691 5324 apud
2736 5256 3028 5326 Romanum
3076 5250 3286 5318 pontif.,
3319 5253 3412 5326 sed
3445 5253 3583 5318 apud
3619 5251 3777 5326 \‘trgi-

2227 5322 2351 5381 lium
2397 5322 2599 5381 Arelat;
2633 5324 3102 5390 metropolitanum
3131 5336 3281 5390 suum
3303 5358 3316 5378 ,
3346 5322 3453 5372 imo
3483 5322 3777 5390 apostolum

2219 5400 2361 5452 Sedis
2386 5399 2633 5450 vicarium
2661 5435 2676 5458 ,
2724 5388 2998 5449 accusatus
3022 5393 3225 5443 luisset.
3259 5388 3377 5443 Lib.
3402 5406 3432 5439 v
3460 5429 3474 5448 .
3502 5390 3660 5453 epist.
3694 5388 3772 5458 5:73.

2226 5471 2297 5520 Ite
2324 5454 2672 5534 purgationis
2699 5466 2857 5517 modo
2903 5477 3094 5528 supra,
3125 5462 3217 5513 lib.
3251 5475 3286 5511 tt
3310 5500 3325 5523 ,
3364 5460 3520 5525 epist.
3555 5460 3658 5520 35;
3692 5454 3772 5506 lib.

2221 5554 2311 5593 vit.
2334 5539 2491 5602 epist.
2529 5539 2606 5595 I8,
2631 5545 2682 5585 et
2714 5537 2862 5585 alibi.

2299 5610 2313 5643 ι
2347 5600 2557 5668 liacusi,
2592 5605 2827 5672 tutisque,
2861 5603 2902 5654 si
2924 5607 3169 5670 superstes
3196 5600 3468 5652 exstiterit.

3909 613 3913 668 l
