4026 6350
556 370 580 424 I
591 367 698 422 263

1760 356 2000 411 SANCTI
2040 353 2361 411 CRECORII
2401 354 2616 411 MAGNI

3677 358 3830 411 ιὲδι

554 473 762 530 ardenti
798 468 1064 526 desiderio
1095 469 1272 523 divina
1307 467 1666 536 praeveniente
1702 465 1868 534 gratia
1908 479 2130 517 succen-
2160 465 2207 525 Α
2235 479 2354 519 cum
2377 467 2618 518 avaritiae
2636 465 3004 531 excludamus,
3033 466 3229 521 nullum
3251 467 3315 523 de
3342 469 3583 537 regibus,
3608 473 3826 526 nullum

555 569 754 623 duntur
783 575 837 616 ut
877 563 943 616 ab
972 563 1051 616 eis
1083 560 1220 614 ultro
1253 568 1561 626 poscantur,
1588 567 1733 610 tanto
1775 557 1937 610 alacri
1960 565 2013 609 et
2043 556 2133 608 lie-

556 667 613 712 to
656 664 783 710 sunt
824 652 1001 705 animo
1032 651 1372 704 concedenda
1413 660 1609 716 quanto
1648 657 1701 702 et
1748 663 1808 701 ea
1860 649 1970 716 ipsa
2016 662 2134 715 qua:

556 744 799 810 cupiunt,
832 743 873 792 si
906 740 1108 792 nollent
1151 737 1328 792 facere
1351 777 1365 800 ,
1401 738 1505 804 peti
1531 736 1840 790 debuerant.
1878 735 2132 798 Proinde,

552 833 702 901 juxta
721 830 916 895 scripta
951 828 1176 879 ﬁliorqu
1195 835 1495 878 nostrorum
1519 823 2131 892 prmcellentissimorum

557 937 739 989 regum
771 917 1122 971 Brunichildis
1151 931 1212 968 ac
1237 916 1447 983 nepotis
1471 915 1636 982 ipsius
1666 913 1980 967 Tlieodetici
2001 954 2014 976 ,
2048 929 2137 966 xe-

558 1009 823 1064 nodochio
844 1006 986 1076 quod
1026 1007 1076 1059 in
1107 1006 1322 1059 civitate
1357 1003 1817 1072 Augustoduncnsi
1848 1017 1878 1056 a
1926 1001 2136 1069 Siagrio

557 1099 866 1155 reverenda:
897 1097 1170 1151 memoriae
1212 1095 1548 1162 episcopo-et
1582 1094 1828 1162 praediola
1868 1092 2138 1146 excellen-

560 1191 764 1245 tissima
813 1186 916 1241 ﬁlia
965 1194 1143 1239 nostra
1192 1183 1374 1250 regina
1418 1191 1781 1236 constructum
1813 1190 1932 1246 est,
1961 1181 2043 1234 cui
2081 1190 2136 1234 tu

559 1297 789 1352 praeesse
829 1278 1179 1347 dignosceris,
1215 1276 1518 1343 hujusmodi
1551 1276 1826 1343 privilegia
1855 1275 2137 1343 praesentis

557 1371 891 1428 auctoritatis
913 1378 1109 1422 nostra:
1135 1367 1354 1420 decreto
1385 1366 1740 1434 indulgemus,
1772 1364 2136 1429 concedimus,

557 1474 715 1531 atque
743 1461 1045 1522 firmamus,
1078 1464 1374 1510 statuentes
1419 1456 1618 1508 nullum
1669 1470 1851 1523 regum
1879 1494 1894 1518 ,
1932 1454 2135 1507 nullum

557 1556 893 1618 antistitum,
943 1553 1146 1606 nullum
1195 1565 1509 1619 quacunque
1558 1550 1834 1618 praeditum
1860 1547 2136 1615 dignitate,

561 1648 650 1701 vel
687 1658 1007 1715 quemquam
1051 1641 1210 1694 alium
1261 1640 1326 1693 de
1367 1641 1448 1692 his
1486 1654 1602 1704 quae
1628 1637 1958 1692 xenodochio
1986 1651 2014 1688 a
2048 1651 2138 1688 su-

558 1736 866 1805 pra-criptis
922 1730 1434 1802 princellentissimis
1489 1731 1609 1784 tiliis
1669 1729 1866 1783 nostr-is
1927 1727 2138 1795 regibus

2236 558 2302 612 de
2341 559 2739 625 sacerdotibus,
2771 559 2854 613 vel
2885 575 3251 629 quemcunque
3298 562 3456 616 alium
3485 580 3579 630 per
3602 579 3664 620 se
3685 579 3824 630 snp-

2236 651 2529 715 positamve
2551 664 2832 718 personam
2865 650 2931 705 de
2961 651 3295 706 ordinatione
3311 653 3549 720 ejusdem
3579 655 3819 717 abbatis,

2234 741 2318 793 vel
2370 741 2772 808 quibuscunque
2819 742 3030 805 causis,
3075 742 3140 794 ad
3196 742 3591 796 xenodochium
3643 744 3821 809 ipsum

2237 830 2623 898 pertinentibus
2643 866 2659 892 ,
2689 831 2889 884 audere
2919 830 2969 882 in
2990 845 3122 884 auro
3149 831 3264 884 sive
3294 831 3398 884 alia
3427 831 3667 898 qualibet
3697 848 3822 898 spe-

2234 922 2317 975 cie
2350 919 2612 974 commodi
2641 921 2926 989 quidquam
2951 922 3216 988 accipere,
3241 937 3411 989 neque
3437 923 3687 977 eumdem
3719 926 3819 975 ab-

2233 1007 2408 1062 batem
2440 1009 2795 1062 ordinationis
2839 1024 2949 1062 suae
2992 1023 3154 1079 causa.
3192 1009 3322 1064 dare
3354 1025 3719 1077 praesumere,
3756 1028 3819 1063 ne

2235 1097 2334 1152 hac
2363 1098 2646 1152 occasione
2666 1111 2728 1152 ea
2758 1112 2875 1166 quae
2892 1112 2922 1150 a
2953 1097 3195 1152 ﬁdelibus
3218 1099 3316 1166 piis
3337 1099 3467 1154 locis
3493 1098 3816 1162 olIeruntur,

2235 1198 2326 1242 aut
2351 1187 2462 1257 jam
2503 1187 2683 1240 oblata
2714 1195 2873 1252 sunt,
2907 1196 3312 1240 consumantur.

2307 1278 2372 1331 Et
2398 1277 2648 1346 quoniam
2673 1276 2850 1329 multa;
2895 1278 3204 1330 occasiones
3249 1278 3300 1329 in
3327 1277 3702 1344 deceptionem
3739 1295 3820 1333 re-

2236 1365 2543 1435 ligiosarum
2589 1380 2938 1436 personarum
2977 1367 3184 1436 1223
3212 1380 3242 1418 a
3273 1367 3448 1434 pravis
3479 1368 3620 1436 illis,
3653 1379 3712 1422 ut
3741 1371 3820 1424 di-

2236 1456 2397 1519 citur,
2423 1455 2729 1509 hominibus
2776 1454 3148 1524 exquiruntur,
3179 1455 3428 1509 abbatem
3475 1467 3639 1525 atque
3671 1477 3817 1526 pres-

2241 1546 2484 1615 byterum
2506 1545 2756 1613 praedicti
2785 1545 3106 1599 xenodochii
3137 1544 3282 1598 nullo
3311 1545 3470 1598 modo
3501 1547 3819 1611 privandum

2237 1636 2715 1705 deponendumque
2741 1649 2860 1689 esse
2889 1649 3199 1701 censemus,
3244 1636 3346 1690 nisi
3375 1640 3820 1706 causa_special.-

2240 1741 2319 1783 ter
2345 1729 2585 1782 criminis
2615 1728 2882 1796 exigente.
2915 1726 3067 1781 Unde
3114 1741 3334 1781 necesse
3384 1738 3472 1782 est
3519 1739 3575 1782 ut
3619 1729 3668 1782 si
3715 1745 3816 1798 qua

553 1827 663 1893 jam
692 1824 888 1878 donata
942 1831 1066 1874 sunt
1092 1863 1107 1887 ,
1139 1820 1221 1873 vel
1252 1821 1303 1873 in
1349 1818 1528 1872 futuro
1581 1833 1611 1871 a
1662 1817 1981 1886 quibuslibet
2018 1817 2135 1869 aliis
2169 1824 2213 1882 Β
2239 1828 2422 1872 contra
2446 1833 2564 1872 eum
2591 1817 2892 1886 hujusmodi
2922 1817 3139 1886 querela
3171 1820 3501 1883 surrexerit,
3533 1834 3638 1872 non
3672 1824 3818 1874 solus

557 1919 625 1971 de
675 1916 893 1984 preprio
926 1913 1122 1966 fuerint
1146 1912 1265 1979 jure
1304 1910 1498 1965 collata
1521 1951 1535 1974 ,
1578 1910 1676 1962 sub
1703 1909 1984 1978 cujuslibet
2009 1921 2136 1961 can-

558 2021 633 2061 sze
655 2004 1030 2061 occasionisve
1059 2003 1237 2070 specie
1269 2002 1506 2055 minuere
1533 2001 1612 2053 vel
1639 2000 1870 2064 auferre,
1885 1999 2002 2051 sive
2027 1997 2135 2049 suis

559 2100 742 2152 usibus
770 2099 1064 2166 applicare,
1099 2096 1179 2148 vel
1211 2094 1328 2147 aliis
1357 2094 1505 2161 quasi
1536 2093 1637 2161 piis
1661 2092 1864 2154 causis,
1899 2106 1995 2158 pro
2025 2105 2137 2144 suae

557 2189 795 2242 avaritiae
847 2185 1189 2241 excusatione
1239 2197 1396 2252 posse
1440 2182 1772 2242 concedere,
1824 2181 1918 2234 sed
1949 2191 2138 2234 cuncta

558 2294 677 2347 qua:
733 2279 803 2332 ibi
852 2277 1028 2330 oblata
1068 2284 1230 2339 sunt,
1262 2274 1345 2328 vel
1395 2273 1576 2326 oll'erri
1620 2271 1930 2339 contigerit,
1978 2279 2081 2322 Iani
2109 2284 2140 2324 a

564 2377 616 2422 te
645 2382 802 2436 quam
852 2366 918 2418 ab
947 2363 1024 2418 eis
1063 2365 1152 2432 qui
1202 2364 1251 2416 in
1278 2374 1367 2415 tuo
1397 2361 1576 2415 ol'licio
1607 2362 1832 2428 locoque
1860 2374 2140 2414 successe-

564 2457 670 2514 rint
714 2455 933 2522 perenni
985 2463 1223 2518 tempore
1278 2451 1478 2504 illibata
1533 2459 1586 2503 et
1627 2450 1743 2503 sine
1780 2449 2143 2517 inquietudine

566 2548 740 2615 aliqua
785 2546 1028 2598 volumus
1071 2543 1350 2611 possideri,
1392 2557 1573 2595 eorum
1605 2552 1780 2597 tamen
1827 2543 2009 2596 usibus
2049 2559 2144 2611 pro

561 2651 786 2703 quorum
863 2634 1250 2688 sustentatione
1314 2632 1804 2702 gubernationeque
1871 2637 2143 2687 'concessa

568 2738 695 2783 sunt
724 2726 892 2780 modis
921 2727 1166 2778 omnibus
1198 2723 1491 2791 profutura.

638 2818 769 2870 Item
817 2814 1190 2868 constituimus
1219 2822 1295 2876 ut,
1325 2814 1555 2866 obeunte
1583 2811 1774 2868 abbate
1803 2823 1960 2882 atque
1992 2827 2145 2882 pres-

569 2908 758 2977 bytero
816 2907 1166 2975 suprascripti
1218 2905 1534 2959 xenodochii
1586 2917 1744 2974 atque
1798 2909 2142 2973 monasterii,

571 3014 680 3053 non
717 2999 850 3052 alius
892 2999 964 3052 ibi
1006 3011 1318 3067 quacunque
1352 2996 1675 3064 obreptionis
1705 2997 1897 3050 astutia
1936 2997 2145 3051 ordine-

573 3100 678 3156 tur,
709 3089 808 3142 uisi
837 3104 994 3157 quem
1024 3104 1114 3141 rex
1148 3087 1389 3155 ejusdem
1425 3087 1713 3154 provincia:
1739 3103 1857 3141 cum
1881 3102 2145 3142 consensu

2235 1909 2522 1978 episcopus
2569 1907 2807 1962 civitatis
2840 1908 3337 1976 Augustodunensis
3365 1925 3580 1965 causam
3619 1917 3820 1966 exarui-

2239 2010 2352 2065 net,
2391 2010 2412 2037 ε
2448 1999 2540 2053 sed
2563 2041 2577 2063 ,
2610 1999 2859 2053 adhibitis
2887 2000 2988 2054 sibi
3029 2014 3122 2054 sex
3153 2002 3272 2054 aliis
3301 2004 3638 2072 coepiscOpis
3671 2008 3781 2058 suis
3801 2047 3815 2068 ,

2236 2088 2413 2144 subtili
2437 2089 2535 2142 hoc
2561 2090 2966 2156 investigatione
2995 2093 3286 2160 perquirat,
3305 2102 3587 2160 quatenus,
3606 2096 3820 2148 cunctis

2239 2182 2575 2237 concorditer
2599 2182 2983 2250 judicantibus,
3009 2185 3281 2237 canonica:
3302 2185 3650 2238 districtionis
3679 2200 3820 2240 cen-

2239 2291 2359 2331 sura
2409 2285 2503 2330 aut.
2537 2290 2686 2330 reum
2717 2275 2914 2343 ferire,
2943 2285 3034 2331 aut
3078 2277 3416 2332 innocentem
3450 2279 3618 2346 possit
3642 2281 3816 2334 absol-

2241 2383 2386 2422 vere.

2313 2455 2483 2511 Simili
2513 2453 3139 2527 quoque-(deﬁnitione,d
3160 2456 3309 2524 juxta
3332 2457 3657 2512 desiderium
3691 2473 3816 2511 con-

2242 2546 2503 2611 ditorum,
2537 2545 2878 2600 decernimus
2910 2555 2968 2599 ut
2995 2547 3169 2600 nullus
3200 2563 3382 2601 eorum
3413 2549 3700 2617 quieidem
3725 2566 3814 2602 se-

2245 2634 2508 2690 nodocbio
2531 2644 2688 2702 atque
2724 2634 3047 2689 monaSterio
3091 2636 3277 2700 abbas,
3306 2646 3395 2690 aut
3441 2639 3721 2707 presbyter
3764 2641 3814 2693 in

2247 2736 2520 2795 posterum
2566 2724 2723 2778 fuerit
2768 2726 3044 2779 ordinatus
3089 2726 3156 2779 ad
3194 2727 3528 2796 episcopatus
3579 2729 3814 2781 officium

2245 2830 2560 2885 quacunque
2608 2814 2923 2882 obreptione
2967 2816 3035 2868 sit
3087 2829 3249 2870 ausus
3300 2817 3589 2882 accedere,
3633 2826 3658 2853 ⁸
3717 2818 3816 2870 nisi

2247 2907 2393 2974 prius
2430 2905 2635 2960 abbatis
2661 2905 2840 2960 oilicio
2868 2906 2937 2958 sit
2959 2910 3218 2974 privatus,
3249 2908 3489 2976 aliusque
3512 2908 3628 2961 loco
3653 2908 3817 2975 ipsius

2248 2998 2566 3066 subrogatus
2585 3038 2600 3064 ,
2626 3012 2692 3051 ne
2711 3038 2725 3062 ,
2745 3013 2831 3051 res
2849 2998 3162 3052 xcnodochii
3191 2998 3271 3052 vel
3302 3000 3610 3054 monasterii
3639 3000 3814 3067 iniqua

2249 3091 2559 3158 erogatione
2584 3103 2926 3150 consumens,
2945 3089 3322 3157 gravissimam
3353 3092 3606 3158 egestatis
3635 3105 3817 3143 neces-

572 3182 951 3237 monachorum
975 3179 1266 3235 secundum
1296 3180 1540 3234 timorem
1557 3178 1650 3233 Dei
1681 3180 1900 3249 elegerit
1921 3196 1982 3235 ac
2009 3197 2146 3250 prai-
2175 3171 2219 3233 C
2251 3180 2460 3234 sitatem
2494 3180 2815 3248 pauperibus
2847 3194 2908 3232 ac
2940 3180 3232 3248 peregrinis
3270 3182 3352 3234 vel
3393 3181 3602 3234 exteris
3625 3180 3816 3234 exinde

568 3274 761 3328 viderit
790 3273 1165 3327 ordinandum.

639 3361 756 3417 Hoc
793 3377 1005 3432 quoque
1030 3363 1276 3431 praesenti
1303 3362 1541 3432 capitulo
1569 3360 1956 3432 subjungimus,
1977 3372 2036 3417 ut
2064 3363 2144 3417 lo-

568 3517 665 3571 rite
693 3529 756 3570 ac
783 3529 878 3583 pro
905 3514 1129 3570 ecclesia
1162 3515 1332 3569 sancti
1370 3516 1578 3569 Martini
1610 3514 1974 3584 Augustuduni
2006 3514 2138 3567 aedi-

568 3586 759 3648 licatis,
789 3599 908 3653 quae
926 3586 1181 3652 incipiunt
1204 3603 1215 3637 :
1247 3586 1463 3650 Quando
1487 3587 1552 3636 (ιτΙ
1575 3601 1632 3636 ea
1651 3587 1717 3636 ad
1744 3601 1855 3650 qua:
1869 3584 2142 3636 catholico-

569 3671 878 3722 rnmregum
897 3655 1070 3706 corda.
1103 3654 1481 3706 Testimonium
1515 3655 1640 3706 illttd
1675 3655 1837 3708 habes
1865 3656 1971 3707 col.
2005 3654 2138 3706 1147

568 3727 714 3779 Edit.
749 3723 913 3777 Paris.
947 3740 1034 3777 an.
1067 3723 1220 3776 1675.
1253 3724 1391 3775 Sane
1423 3725 1648 3790 primum
1677 3723 2007 3791 privilegium
2038 3724 2143 3776 sal-

567 3807 673 3848 tem
705 3795 755 3846 in
785 3795 1014 3860 quinque
1047 3792 1215 3845 Vatic.
1248 3794 1466 3860 legitur;
1499 3792 1788 3846 secundum
1817 3796 1865 3845 in
1891 3803 2140 3861 quatuor,

571 3877 620 3918 ct
655 3864 863 3916 tertium
894 3865 944 3914 in
976 3863 1162 3925 tribus,
1203 3871 1255 3912 ut
1285 3878 1348 3912 ex
1379 3864 1640 3913 variarum
1674 3877 1789 3928 qua:
1817 3878 1878 3914 ex
1906 3863 2010 3913 illis
2041 3863 2140 3915 de-

571 3933 786 3997 scripta:
824 3930 1261 3984 sunt'lectionum
1294 3931 1722 3996 excerptionibus
1773 3931 2136 3998 intelligimus.

573 4001 818 4055 Secundo
843 3998 1165 4065 privilegium
1194 4001 1291 4051 hoc
1315 3999 1559 4051 laudatur
1582 4002 1630 4051 in
1655 4000 1763 4051 Vita
1789 4002 1957 4052 sancti
1980 4001 2141 4068 Hugo-

571 4072 653 4122 nis
677 4068 917 4120 monachi
939 4068 1246 4132 :Eduensis,
1265 4069 1459 4121 saeculo
1483 4085 1510 4120 x
1529 4069 1742 4131 scripta,
1773 4083 1877 4135 quo
1900 4079 2140 4137 tempore

571 4138 915 4192 Frodoardus
945 4137 994 4190 in
1033 4137 1262 4190 Historia
1290 4138 1602 4202 “ueniens,
1624 4139 1714 4191 lib.
1742 4152 1818 4200 tu,
1844 4153 1893 4190 c.
1916 4137 2007 4199 27,
2031 4154 2140 4193 me-

575 4209 729 4262 minit
759 4207 978 4260 alterius
1007 4207 1266 4274 privilegii
1297 4209 1432 4274 quod
1481 4207 1736 4260 Pardulus
1771 4208 2139 4262 Landunensis

569 4279 874 4346 episcomts,
909 4285 1119 4342 petente
1147 4277 1336 4329 Carolo
1366 4277 1528 4329 Calvo
1548 4320 1562 4343 ,
1599 4281 1648 4329 in
1675 4278 1897 4344 gratiam
1930 4277 2138 4330 Orinia-

569 4347 744 4426 censis
794 4347 1145 4426 Partlieitonis
1171 4347 1497 4426 composuit,
1548 4362 1648 4399 non
1677 4347 1780 4399 suis
1818 4347 2135 4426 verbis‘sed

568 4421 697 4471 sicut
723 4418 890 4470 beatus
934 4415 1207 4484 Gregorius
1255 4417 1315 4468 de
1352 4419 1570 4480 quodam
1621 4419 1926 4468 monasterio
1952 4415 2137 4484 αῖμια-

569 4490 687 4539 dam
732 4489 903 4554 regina
941 4487 1194 4552 aedificato
1226 4487 1335 4553 ipsa
1377 4496 1571 4553 petente
1615 4488 1918 4549 dictaverat,
1963 4496 2008 4538 et
2031 4488 2135 4552 ipse

568 4573 766 4625 quoque
793 4556 1031 4618 dictavit;
1075 4566 1300 4624 repetens
1339 4556 1710 4607 maledictionis
1752 4555 2136 4607 intentationem

567 4644 719 4691 quam
760 4627 976 4676 domnus
1022 4625 1150 4676 idem
1194 4625 1466 4692 Gregorius
1509 4637 1686 4677 contra
1721 4635 2136 4691 prassumptorem

566 4698 704 4750 illius
737 4695 1029 4747 monasterii
1061 4696 1321 4762 jaculatus
1349 4696 1433 4746 sit.
1471 4696 1541 4746 Ex
1569 4711 1670 4759 quo
1696 4693 2004 4759 intelligitur
2036 4694 2136 4748 hoc

571 4768 902 4833 privilegium
948 4779 1068 4816 cum
1111 4763 1216 4815 suis
1246 4763 1719 4833 imprecationibus
1768 4765 2034 4817 exstitisse
2082 4768 2134 4817 in

567 4835 734 4889 Codd.
770 4832 919 4895 niss.,
949 4842 1201 4900 regnante
1240 4832 1431 4885 Carolo
1460 4835 1641 4888 Calvo.
1673 4832 1830 4886 Certe
1876 4834 2136 4885 inuenti-

567 4907 703 4971 giani
751 4903 981 4958 coauobii
1010 4902 1145 4970 apud
1179 4902 1412 4956 themos
1453 4903 1764 4970 exemplari,
1802 4903 1937 4970 quod
1967 4917 2136 4956 annos

567 4985 780 5038 superat
811 4975 1161 5040 octingentos,
1197 4973 1454 5039 integrum
1490 4977 1770 5039 reperitur,
1806 4983 1858 5026 et
1881 4973 1929 5025 in
1963 4976 2134 5026 altero

571 5044 879 5107 lilietuensi,
941 5045 988 5094 iii
1046 5043 1276 5102 Turon.,
1332 5042 1590 5103 (lolliert.,
1646 5041 1839 5107 Corb.,
1899 5042 2132 5110 Anglic.,

569 5113 778 5175 Νυιιιι..
811 5122 912 5166 etc.
952 5111 1209 5179 Denique,
1243 5121 1296 5161 ut
1321 5120 1515 5164 caetera
1548 5121 1775 5172 taceam,
1805 5127 1867 5163 ex
1901 5112 2001 5163 alia
2051 5114 2135 5163 in-

571 5184 801 5236 dubitata
848 5184 1083 5248 Gregorii
1132 5181 1263 5246 Mog.
1297 5182 1517 5246 epistola
1565 5197 1682 5248 qua:
1709 5191 1789 5233 est
1832 5181 2134 5234 indictionis

573 5254 721 5318 hujus
749 5263 921 5316 sexta,
943 5261 1152 5304 constat
1180 5251 1448 5318 privilegia
1479 5266 1574 5315 pro
1601 5251 1858 5303 ctenobiis
1892 5249 2133 5302 [Eduen-

575 5325 713 5375 sibus
747 5331 924 5388 rogatu
959 5320 1310 5373 Brutiichildis
1335 5323 1400 5372 ab
1431 5320 1545 5386 ipso
1577 5321 1773 5371 indulta
1805 5319 1985 5372 fuisse.
2025 5319 2136 5371 Pri-

572 5392 747 5459 oilegin
778 5387 900 5444 locis
929 5393 1049 5459 ipsis
1079 5407 1171 5458 pro
1199 5393 1362 5459 quie.‘_e
1409 5406 1470 5441 ac
1510 5390 1787 5459 munitione
1814 5387 1922 5440 illic
1951 5392 2133 5458 degen-

571 5457 718 5521 tiuin,
758 5463 884 5513 sicut
908 5457 1155 5522 velitisne,
1187 5457 1510 5512 indulsimus.
1543 5457 1610 5509 In
1636 5458 1817 5524 quibus
1860 5457 2134 5526 privilegiis

574 5546 740 5579 eorum
768 5531 992 5580 locorum
1022 5530 1304 5595 prtcpost'tis
1332 5531 1566 5596 quwdam
1589 5528 1860 5580 interdicta
1896 5539 2092 5578 exstant
2111 5569 2127 5592 ,

570 5612 686 5661 qua:
717 5596 765 5646 in
813 5597 1037 5661 vulgatis
1087 5599 1370 5663 privilegiis
1423 5599 1782 5661 inveniuntur,
1839 5612 2026 5664 nempe
2078 5605 2132 5647 ut

567 5664 739 5713 nullus
771 5679 946 5714 eorum
972 5667 1057 5729 qui
1087 5666 1245 5716 eidem
1289 5665 1604 5717 xenodocliio
1645 5677 1789 5733 utque
1829 5669 2133 5717 niotiusterio

551 5737 718 5784 abbas
765 5743 852 5782 aut
902 5735 1156 5800 presbyter
1201 5734 1346 5803 fuerit
1381 5733 1668 5800 ordinatus,
1718 5737 1785 5786 ad
1811 5737 2130 5802 episcopatus

2250 3270 2550 3324 viventibus
2576 3278 2814 3337 generet.
2847 3269 3165 3336 Episcopum
3206 3284 3339 3322 vero
3372 3270 3591 3322 tollendi
3623 3272 3690 3323 de
3725 3285 3817 3323 eo-

2251 3359 2373 3414 dem
2401 3360 2518 3413 loco
2541 3360 2859 3413 monachum
2891 3357 2958 3410 ad
2983 3357 3403 3413 ecclesiasticum
3432 3357 3674 3412 ordinem
3703 3374 3816 3427 pro«

2251 3514 2466 3583 oﬂiciunt
2505 3529 2801 3582 quacunque
2834 3512 3122 3580 obreptione
3148 3512 3213 3565 sit
3253 3528 3408 3566 ausus
3450 3513 3707 3564 accedere.
3752 3513 3817 3565 Et

2250 3584 2461 3652 quidem
2485 3587 2527 3635 si
2573 3583 2685 3635 suis
2713 3584 2946 3635 moribus
2973 3598 3035 3636 ac
3065 3585 3258 3636 innata:
3298 3584 3692 3636 mansuetudini
3733 3598 3815 3634 re-

2250 3654 2400 3707 lictus
2429 3665 2571 3705 esset
2599 3653 2883 3716 Gregorius
2915 3653 3152 3720 Magnus,
3187 3653 3363 3705 nullus
3393 3654 3601 3705 dubitat
3630 3653 3751 3719 quin
3783 3668 3812 3705 a

2247 3724 2394 3791 gravi
2427 3723 2512 3776 illa
2539 3721 2951 3776 comminatione
2990 3724 3332 3776 abstinuisset
3358 3737 3476 3788 qua
3507 3723 3555 3775 in
3591 3724 3811 3789 privile-

2247 3794 2315 3862 gii
2359 3791 2513 3861 hujus
2554 3793 2786 3846 clausula
2836 3793 3045 3860 legitur.
3093 3794 3159 3845 At
3191 3792 3586 3862 dandutnierat
3617 3791 3810 3857 aliquid

2249 3861 2444 3931 reginae
2475 3862 2807 3925 auclotitati,
2842 3876 2960 3929 quae
2987 3863 3281 3916 severiores
3331 3861 3586 3914 Ecclesia
3630 3876 3814 3927 panius

2249 3931 2301 3984 in
2349 3932 2648 3984 donationis
2696 3947 2806 3984 sua:
2849 3933 3134 3984 volatares
3184 3932 3452 3998 exigebat.
3496 3931 3587 3984 Sic
3623 3931 3813 3983 Patres

2246 4002 2436 4054 concil.
2473 4002 2744 4053 Aurelian.
2775 4017 2847 4061 tv,
2890 4016 3030 4054 anno
3053 4001 3182 4067 5U,
3214 4012 3424 4068 petente
3469 4000 3816 4053 Cnildeberio

2247 4085 2394 4140 rege,
2441 4070 2759 4123 xenodm-hii
2808 4070 3174 4136 Lugdunensis
3207 4071 3360 4124 rebus
3390 4083 3601 4134 cavent,
3631 4085 3695 4122 eo
3723 4086 3816 4137 pa-

2244 4151 2351 4202 cto,
2386 4147 2441 4192 ut
2472 4141 2515 4192 si
2545 4142 2675 4209 quis,
2708 4141 2925 4206 quolibet
2956 4151 3177 4205 tempore
3197 4182 3208 4202 ,
3242 4141 3512 4206 cujuslibet
3557 4142 3817 4206 potestatis

2244 4211 2321 4261 vel
2348 4211 2545 4262 ordinis
2576 4226 2789 4278 persona
2818 4226 2960 4262 secus
2991 4211 3330 4271 atten‘taverit,
3364 4221 3418 4262 ut
3440 4222 3646 4262 necatur
3687 4229 3813 4277 pun-

2243 4293 2424 4346 perum
2462 4279 2777 4332 irrevocabili
2816 4281 3135 4332 anathemate
3167 4281 3402 4346 feriatur,
3451 4295 3567 4332 catt.
3629 4280 3708 4333 ίῖι.
3760 4283 3811 4331 lu

2240 4348 2502 4401 similibus
2559 4351 2737 4403 causis
2791 4351 3004 4403 easdem
3063 4353 3327 4402 intentant
3390 4350 3564 4402 minas
3631 4349 3812 4402 P..tres

2167 4446 2213 4505 υ
2239 4417 2464 4505 concilii.
2499 4419 2780 4505 l’arisireilis.
2827 4433 2892 4471 an
2924 4417 3054 4505 ῷἹῦ
3091 4432 3211 4472 can.
3251 4421 3310 4478 i;
3363 4419 3556 4505 concil.
3609 4418 3810 4471 Turon.

2240 4500 2328 4541 an.
2363 4488 2486 4550 5‘67,
2516 4503 2634 4540 can.
2663 4487 2761 4551 2i;
2793 4489 2987 4541 concil.
3019 4488 3222 4542 Valent.
3257 4503 3344 4540 an.
3378 4486 3512 4550 ὃδὴ
3557 4492 3690 4540 adeo
3723 4500 3773 4539 ut
3795 4530 3810 4551 ,

2232 4554 2382 4622 juxta
2456 4557 2812 4610 lirttnichildis
2881 4558 3245 4618 voluntatem,
3307 4567 3464 4623 atque
3525 4557 3811 4609 Gallicana

2238 4625 2404 4692 ipsius
2431 4627 2682 4680 Ecclesiae
2711 4636 2861 4680 sexto
2891 4629 3089 4681 saecalo
3135 4628 3330 4695 stylum
3359 4641 3422 4678 ac
3452 4640 3676 4689 morem,
3711 4630 3811 4689 pri-

2241 4695 2554 4765 vilegiorum
2600 4697 2966 4765 Augustodun.
3001 4698 3291 4750 clausulam
3324 4695 3651 4762 disposuerit
3682 4695 3808 4748 Grec

2237 4764 2416 4834 gorius
2441 4766 2576 4834 Hag.

2312 4845 2332 4872 ε
2360 4833 2580 4898 Excusi,
2604 4835 2693 4887 sed
2713 4833 2950 4887 adhibitis
2973 4851 3062 4887 sea:
3085 4834 3200 4887 aliis
3220 4835 3468 4903 episcopis
3492 4834 3630 4895 suis;
3655 4849 3808 4902 quam

2237 4903 2521 4958 lectionem
2556 4905 2900 4972 rejiciendam
2933 4916 3198 4972 putamus,
3239 4919 3345 4955 tum
3375 4905 3514 4971 quod
3549 4905 3675 4956 Mss.
3720 4905 3810 4953 Va-

2239 4973 2354 5036 tic.,
2395 4974 2602 5037 Norm.,
2651 4974 2835 5038 Corb.,
2886 4985 3014 5037 etc.,
3047 4975 3380 5034 adversetur,
3432 4983 3543 5024 tum
3573 4975 3709 5038 quod
3743 4989 3807 5024 es

2237 5043 2321 5094 illa
2355 5044 2470 5111 quis
2503 5043 2631 5095 falso
2660 5054 2838 5110 posset
2867 5044 3067 5111 lingere
3113 5044 3421 5110 episcopum
3472 5044 3808 5109 Augustodu»

2237 5127 2454 5165 uensem
2489 5122 2737 5180 tanquam
2771 5113 3233 5179 metrOpolitauum
3265 5127 3393 5164 suos
3422 5113 3612 5163 habuns
3643 5127 3674 5165 e
3695 5114 3804 5179 epi-

2236 5190 2512 5250 scop05,ut
2545 5198 2684 5234 nunc
2713 5185 2867 5250 vulgo
2895 5183 3167 5244 dicuntur,
3203 5181 3592 5250 Sttﬂraganeos.

2307 5249 2333 5286 ά
2359 5253 2590 5315 Scilicet,
2628 5251 2816 5317 Siagrii
2848 5262 2902 5304 et
2933 5251 3310 5304 Brunicliildis.

2312 5328 2334 5355 θ
2363 5320 2574 5384 Exausi,
2626 5323 2879 5382 accedere,
2923 5337 2984 5372 ne
3024 5337 3348 5388 quacunque.
3400 5330 3542 5388 etc.,
3600 5318 3813 5371 omissis

2235 5389 2352 5443 aliis
2379 5407 2492 5454 qua:
2519 5390 2671 5442 nobis
2699 5389 3169 5457 suppeditaverunt
3192 5391 3415 5451 'l‘uron.,
3446 5387 3634 5450 (ἔοι-1)..
3659 5405 3812 5456 qun-

2236 5475 2340 5528 que
2370 5459 2576 5526 Anglic.
2611 5469 2664 5512 et
2696 5459 2880 5511 Norm.
2935 5473 3141 5511 omnes.
3186 5458 3375 5511 Nostra
3420 5459 3578 5510 lectio
3611 5458 3812 5521 verior,

2235 5541 2292 5582 et
2321 5533 2480 5581 menti
2515 5529 2684 5583 sancti
2729 5529 2968 5597 Gregorii
3019 5529 3187 5594 magis
3229 5530 3520 5580 conformis
3571 5529 3810 5587 videtur,

2234 5601 2324 5666 qui
2373 5613 2513 5662 saepe
2562 5599 2778 5652 abbatcs
2809 5596 2877 5650 ad
2923 5598 3286 5667 episcopatum
3331 5596 3611 5665 provexit,
3648 5599 3817 5666 inquit

2235 5668 2434 5737 Optime
2452 5670 2892 5724 Gussauvillwus.

3973 951 3975 1004 l
