4026 6312
242 279 264 331 Ι
279 279 388 331 265

957 275 1431 333 EPiSTOLARUM
1473 277 1600 331 LIB.
1642 277 1778 331 XIII.
1819 307 1889 318 —
1930 277 2170 331 lNIlIC'I‘.
2221 279 2304 331 Vl.
2349 309 2416 319 —
2459 281 2671 338 EPIST.
2718 284 2782 337 Χ.

3363 293 3497 349 ίῖϐϐ

243 396 603 457 movendum,
637 393 719 447 vel
769 407 865 460 pro
895 392 1072 461 aliqua
1105 408 1416 462 quacunque
1463 408 1664 460 causa,
1703 393 1820 444 sine
1848 391 1894 446 Α
1924 404 2024 456 qua
2073 391 2312 443 volumus
2364 394 2646 458 possideri,
2701 410 2880 448 earum
2931 405 3104 452 tamen
3163 400 3348 456 usibus
3399 419 3497 469 pro

225 506 510 545 consensu
549 489 757 542 abbatis
777 497 935 552 atque
959 489 1289 557 presbyteri,
1321 487 1518 541 habere
1546 488 1817 541 licentiam

195 557 626 648 uprohibemus,
674 593 740 631 ne
771 577 925 644 hujus
966 579 1039 630 rei
1087 593 1251 645 usque
1289 578 1352 630 ad
1392 578 1490 631 hoc
1541 577 1820 644 usurpatio

245 671 598 736 perducatur,
631 677 690 722 ut
721 668 834 720 loca
865 669 1358 735 quapaequisitione
1400 669 1670 723 hominum
1689 684 1820 724 enu-

239 759 501 814 struenda
531 767 680 822 sunt,
714 757 981 810 ablatione
1002 757 1366 810 destruantur.

319 849 445 903 Ilrec
484 847 642 916 igitur
670 847 847 900 omnia
880 860 1008 915 qua:
1039 834 1196 913 hujus
1227 846 1474 915 pra'cepti
1519 847 1821 916 decretique

242 940 414 993 nostri
447 938 635 1006 pagina
674 936 930 1000 continet,
967 946 1074 989 tam
1104 935 1196 989 tibi
1234 950 1390 1004 quam
1415 938 1628 991 cunctis
1652 937 1738 1006 qui
1769 937 1819 990 in

243 1046 311 1082 eo
334 1043 437 1097 quo
478 1042 534 1081 es
565 1026 749 1080 ordine
784 1026 1008 1093 locoque
1038 1027 1424 1094 successerint,
1460 1027 1548 1080 vel
1576 1027 1653 1080 eis
1689 1041 1822 1095 quo-

243 1134 366 1172 rum
416 1117 679 1171 interesse
723 1117 986 1184 potuerit,
1021 1117 1071 1169 in
1098 1126 1406 1185 perpetuum
1435 1118 1696 1171 servanda
1729 1117 1822 1171 de-

242 1209 541 1262 cernimus.
571 1207 626 1261 Si
650 1207 764 1273 quis
795 1222 920 1260 vero
953 1222 1158 1275 regum,
1178 1207 1538 1271 sacerdotum,
1560 1207 1816 1274 judicum,

245 1313 700 1366 personarumque
721 1298 1084 1363 smculariutn,
1115 1297 1250 1352 hanc
1286 1297 1678 1352 constitutionis
1726 1311 1822 1350 no-

243 1397 371 1440 strae
401 1389 643 1456 paginam
693 1401 1018 1456 agnoscens,
1053 1397 1238 1442 contra
1289 1401 1406 1441 eam
1441 1388 1622 1442 venire
1650 1396 1820 1440 tenta-

246 1479 414 1544 verit,
471 1481 746 1547 potestatis
800 1478 1124 1545 honorisque
1169 1478 1251 1531 sui
1296 1479 1550 1546 dignitate
1607 1487 1817 1542 careat,

246 1583 504 1638 reumque
554 1584 612 1623 se
663 1569 844 1622 divino
887 1568 1087 1636 judicio
1142 1569 1372 1623 existere
1399 1571 1466 1622 de
1519 1579 1833 1638 perpetrata-

245 1659 523 1726 iniquitzite
549 1668 854 1727 cognoscat.
895 1658 959 1712 Et
989 1659 1089 1712 nisi
1123 1659 1204 1713 vel
1228 1675 1288 1714 ea
1312 1676 1429 1728 qua:
1453 1661 1519 1713 ab
1559 1661 1650 1714 ille
1679 1661 1820 1715 male

1925 491 2144 543 quarum
2174 482 2556 533 sustentatinne
2577 484 3066 555 gubernationeque
3089 502 3343 543 concessa
3371 504 3499 547 cunt

1924 566 2095 618 modis
2125 567 2370 621 omnibus
2402 571 2692 636 profutura.

1995 657 2121 711 Item
2177 661 2544 714 constituimus
2602 669 2657 714 ut
2701 662 2931 715 obeuntc
2985 664 3249 719 abbatissa
3312 671 3496 735 praadi-

1923 748 2357 812 eti-~m0nasterii,
2407 768 2510 804 non
2555 752 2654 804 alia
2700 752 2769 805 ibi
2818 768 3129 822 quacunque
3167 757 3496 827 obreptionis

1921 841 2111 892 astutia
2141 839 2445 907 ordinetur,
2482 840 2580 893 nisi
2613 856 2771 910 quam
2796 858 2887 895 rex
2920 843 3154 912 ejusdem
3187 850 3492 915 provinciae,

1922 940 2040 980 cum
2071 942 2330 981 consensu
2359 934 2742 983 monacbarutn
2766 972 2780 996 ,
2809 933 3097 988 secundum
3129 935 3220 990 Dei
3253 937 3494 994 timorem

1922 1015 2160 1082 elegerit,
2189 1031 2250 1071 ac
2277 1018 2581 1086 praevidcrit
2609 1021 2976 1074 ordinandam.

1995 1105 2106 1160 lloc
2147 1121 2354 1174 quoque
2400 1108 2631 1174 capitulo
2685 1111 2932 1176 prtesenti
2984 1111 3385 1182 subjungimus,
3429 1124 3492 1168 ut

1924 1200 2096 1254 locum
2128 1203 2362 1254 avaritia;
2396 1203 2751 1265 secludatnus,
2784 1204 2986 1257 nullum
3013 1205 3080 1259 de
3113 1206 3344 1273 regibus,
3379 1208 3493 1260 nul-

1923 1291 2031 1345 Iunt
2076 1292 2141 1345 de
2169 1293 2530 1346 sacerdotibus
2550 1333 2565 1359 ,
2598 1295 2678 1348 vel
2712 1309 3079 1363 quemcunque
3107 1296 3268 1349 alium
3311 1313 3403 1364 per
3433 1312 3494 1351 se

1922 1387 2317 1455 suppositamve
2363 1401 2660 1452 personam,
2697 1387 2762 1441 de
2804 1388 3132 1442 ordinatione
3174 1389 3288 1456 ejus
3330 1389 3494 1442 abba-

1925 1477 2102 1542 tissae,
2136 1476 2216 1529 vel
2258 1475 2325 1528 de
2355 1477 2754 1545 quibuscunque
2782 1479 2956 1530 causis
3001 1477 3067 1531 ad
3115 1479 3491 1532 monasterium

1925 1567 2094 1634 ipsum
2130 1567 2537 1634 pertinentibus,
2566 1568 2762 1620 audere
2793 1566 2844 1619 in
2873 1581 3036 1632 auro,
3077 1568 3158 1622 vel
3190 1569 3292 1621 alia
3323 1569 3495 1636 quali-

1924 1659 2009 1712 bet
2036 1658 2215 1727 specie
2245 1657 2508 1712 commodi
2535 1658 2819 1726 quidquam
2850 1659 3112 1726 accipere,
3142 1673 3314 1727 neque
3343 1673 3492 1712 eam-

243 1748 424 1800 ablata
455 1755 580 1801 sunt
619 1747 938 1811 restituerit,
974 1748 1056 1802 vel
1100 1749 1252 1817 digna
1286 1748 1594 1818 paenitentia
1636 1750 1818 1804 illicite
1924 1748 2042 1800 dem
2075 1747 2394 1801 abbatissam
2427 1748 2776 1802 ordinationis
2804 1764 2918 1803 suae
2947 1765 3104 1802 causa
3130 1751 3259 1805 dare
3289 1767 3494 1819 prazsu-

242 1847 358 1890 aeta
400 1839 702 1902 deﬂet-erit,
750 1853 780 1891 a
821 1839 1187 1893 sacratissimo
1206 1854 1428 1906 corpore
1456 1853 1518 1893 ac
1559 1841 1818 1908 sanguine

246 1926 338 1980 Dei
370 1936 423 1980 et
447 1927 655 1981 Domini
685 1928 852 1982 nostri
890 1928 1261 1996 Redemptoris
1295 1927 1418 1983 Jesu
1460 1926 1655 1982 Christi
1687 1929 1816 1982 alie-

243 2023 345 2069 nus
385 2019 500 2081 tiat,
541 2027 698 2087 atque
725 2019 776 2072 in
814 2026 1016 2072 aeterno
1050 2023 1296 2074 examine
1332 2019 1588 2073 districtze
1622 2017 1814 2073 ultioni

241 2105 540 2174 snlijaeeat.
588 2105 805 2162 Cunctis
833 2116 1006 2160 autem
1038 2107 1210 2162 eidem
1242 2109 1517 2176 locojusta
1554 2107 1814 2161 servanti.

244 2194 343 2247 bns
362 2235 376 2259 ,
409 2197 474 2249 sit
508 2211 608 2265 pax
638 2197 847 2251 Domini
886 2198 1053 2252 nostri
1077 2198 1202 2254 Jesu
1230 2199 1456 2260 Christi,
1482 2207 1742 2266 quatenus
1764 2206 1818 2251 et

244 2285 332 2338 hic
385 2284 611 2340 fructum
647 2289 797 2342 bonae
822 2290 1046 2345 actionis
1078 2291 1367 2358 recipiant,
1391 2297 1444 2344 et
1473 2288 1816 2357 apud-distri-

243 2383 388 2428 ctum
409 2374 647 2430 Judicem
676 2379 888 2446 praamia
914 2385 1129 2433 tetetnae
1157 2379 1297 2446 pacis
1323 2379 1616 2432 inveniant.

802 2469 1125 2525 EPISTOLA
1165 2469 1253 2524 IX.

630 2573 698 2612 AD
737 2574 1060 2613 THALASSIAI
1098 2575 1434 2616 ΑΒυΑτιεεΑκ.

251 2642 580 2715 Privilegium
611 2653 904 2704 monasterii
919 2652 1316 2773 sancttefllaria:
1336 2653 1388 2705 in
1417 2652 1539 2706 urbe
1558 2651 1816 2721 Augusto-

958 2739 1156 2773 unenst.

958 2739 1156 2775 unettst.

319 2804 606 2874 Gregorius
633 2817 658 2844 α
692 2808 982 2864 Thalassia:
1007 2812 1310 2866 abbatissae.

317 2894 538 2960 Quando
583 2897 649 2950 ad
695 2913 757 2953 ea
803 2901 868 2953 ad
907 2915 1026 2968 quae
1063 2902 1443 2956 catholicorum
1473 2917 1659 2972 regum
1699 2917 1819 2957 cor-

246 2985 313 3038 da
365 2989 760 3054 pontificalibus
801 3002 924 3045 sunt
965 2993 1178 3047 monitis
1215 2996 1546 3063 provocanda
1609 2995 1820 3065 122EI

1922 1852 2088 1902 mere,
2133 1851 2198 1891 ne
2247 1838 2343 1891 hac
2371 1839 2650 1892 occasione
2695 1854 2810 1907 quae
2843 1853 2871 1892 a
2905 1838 3145 1894 ﬁdelibus
3179 1841 3274 1907 piis
3309 1841 3438 1896 lucis
3468 1854 3490 1881 ο

1921 1929 2233 1993 offeruntur,
2263 1928 2477 1997 autjam
2509 1929 2682 1983 oblata
2710 1939 2852 1996 sunt,
2880 1943 3282 1986 consumantur.

1994 2019 2060 2071 Et
2114 2019 2362 2087 quoniam
2415 2019 2592 2073 multa:
2643 2019 2977 2084 occasiones,
3028 2022 3080 2072 in
3121 2021 3487 2087 deceptionem

1919 2106 1948 2147 ἀ
1977 2109 2344 2177 religiosarum
2368 2123 2733 2178 personarum,
2762 2123 2789 2160 a
2825 2111 3000 2177 pravis
3033 2109 3157 2172 illic,
3191 2119 3245 2162 ut
3273 2110 3486 2172 dicitur,

1921 2197 2226 2254 hominibus
2267 2199 2634 2267 exquiruntur,
2683 2199 3004 2251 abbatissam
3037 2196 3274 2265 ejusdem
3305 2213 3489 2250 mona-

1920 2288 2070 2342 sterii
2099 2290 2243 2343 nullo
2274 2289 2432 2343 modo
2464 2288 2775 2356 privandam
2799 2287 3278 2354 deponendainque
3298 2301 3492 2340 cense-

1922 2392 2042 2430 mus
2062 2418 2078 2442 ,
2119 2377 2220 2431 nisi
2248 2392 2406 2431 causa
2436 2377 2738 2445 specialiter
2769 2377 3008 2430 criminis
3046 2377 3310 2444 exigente.
3343 2376 3494 2430 Unde

1923 2479 2140 2523 necerse
2168 2475 2250 2522 est
2280 2475 2335 2519 nt
2364 2467 2409 2520 si
2440 2482 2540 2535 qua
2569 2476 2752 2522 contra
2783 2482 2899 2520 eam
2946 2466 3246 2534 hujusmodi
3279 2467 3492 2530 querela

1921 2558 2234 2626 surrexerit,
2270 2565 2293 2594 ⁸
2329 2571 2431 2610 non
2465 2557 2635 2611 solum
2666 2558 2944 2624 episc0pus
2975 2557 3205 2610 civitatis
3234 2558 3494 2624 Augusto-

1921 2647 2176 2703 dunensis
2215 2661 2429 2703 causam
2457 2649 2744 2713 examinet,
2775 2647 2901 2712 sed,
2945 2647 3195 2700 adhibitis
3243 2647 3344 2700 sibi
3398 2661 3492 2701 sex

1923 2737 2040 2796 aliis
2063 2740 2393 2809 coepiscOpis
2419 2741 2551 2806 suis,
2582 2739 2763 2792 subtili
2798 2739 2898 2792 hoc
2939 2739 3344 2808 investigatione
3377 2755 3495 2806 per-

1923 2829 2113 2896 quirat,
2143 2840 2404 2898 quatenus
2429 2871 2444 2895 ,
2498 2831 2706 2883 cunctis
2737 2830 3074 2884 concorditer
3098 2831 3455 2896 jndieantibus
3475 2871 3488 2895 ,

1924 2919 2194 2972 canonica;
2223 2919 2572 2973 districtionis
2601 2933 2826 2974 censura
2846 2960 2861 2986 ,
2899 2927 2990 2973 aut
3016 2934 3160 2974 ream
3191 2919 3372 2984 ferire,
3405 2929 3494 2973 aut

1927 3007 2261 3063 innocentem
2289 3010 2450 3077 possit
2472 3009 2774 3064 absolvere.

248 3079 318 3132 ita
349 3081 557 3182 ardenti
586 3082 853 3136 desiderio
896 3085 1069 3138 divina
1101 3087 1456 3154 przeveniente
1499 3089 1666 3156 gratia
1693 3104 1813 3142 suc-
1843 3122 1912 3182 ο-
1998 3099 2121 3153 Haec
2160 3099 2318 3169 igitur
2345 3102 2521 3154 omnia
2555 3116 2671 3168 qum
2705 3100 2860 3168 hujus
2904 3099 3151 3169 praecepti
3187 3099 3493 3168 decretique

247 3171 566 3235 cenduntur,
623 3181 679 3225 ut
710 3173 776 3226 ab
806 3175 886 3227 eis
942 3175 1081 3229 ultro
1131 3188 1436 3244 poscantur,
1498 3188 1644 3232 tanto
1694 3190 1819 3234 sunt

247 3259 406 3312 alacri
457 3269 507 3313 et
533 3261 652 3313 lwto
683 3262 864 3317 animo
910 3263 1247 3318 concedenda
1278 3277 1476 3335 quanto
1520 3276 1575 3322 et
1614 3283 1676 3322 ea
1705 3269 1817 3336 ipsa

248 3363 367 3416 qua:
397 3349 635 3417 cupiunt,
666 3351 710 3405 si
743 3352 940 3407 nollent
975 3353 1171 3420 facere,
1203 3357 1308 3424 peti
1338 3357 1654 3413 debuerant.
1689 3359 1818 3412 Pro-

252 3437 395 3500 inde,
427 3439 578 3507 juxta
607 3440 802 3509 scripta
847 3442 1076 3496 ﬁliorum
1109 3455 1410 3500 nostrorum
1438 3448 1823 3517 prazcellentis-

250 3527 716 3598 simorumregum
751 3531 1106 3586 Brunicbildis
1128 3548 1190 3587 ac
1211 3535 1416 3602 nepetis
1451 3537 1616 3603 ipsius
1640 3537 1821 3592 Theo-

255 3615 442 3682 derici,
473 3622 794 3675 monasterio
841 3634 1040 3677 sancta:
1087 3624 1305 3689 Μαι-ξω,
1364 3625 1455 3680 ubi
1507 3628 1820 3683 ancillarum

255 3708 350 3762 Dei
394 3713 731 3780 congregatio
761 3723 843 3768 est
868 3716 1152 3770 consdtuta
1177 3757 1191 3780 ,
1241 3718 1292 3771 in
1325 3718 1453 3771 urbe
1481 3720 1820 3787 Augustodu-

253 3803 426 3866 nensi,
460 3801 482 3836 ι’
514 3818 542 3856 a
569 3807 874 3860 reverenda:
896 3810 1170 3862 memoria:
1197 3809 1398 3877 Siagrio
1423 3811 1674 3878 episcopo
1695 3826 1826 3865 con-

252 3890 384 3956 dito,
415 3892 497 3945 cui
547 3907 776 3961 praeesse
804 3894 1163 3963 dignosceris,
1218 3897 1520 3965 huiusmodi
1553 3900 1822 3968 privilegia

254 3981 533 4048 pravsentis
581 3986 909 4040 auctoritatis
959 3995 1156 4041 nostra:
1204 3988 1420 4042 decreto
1466 3989 1821 4058 indulgemus,

251 4071 594 4127 concedimus
639 4083 798 4143 atque
847 4076 1116 4131 ﬁrmamus
1139 4118 1155 4144 ,
1188 4087 1480 4134 statuentes
1508 4081 1708 4134 nullum
1742 4096 1826 4136 re-

253 4178 374 4232 gum
399 4202 414 4227 ,
447 4166 645 4219 nullum
676 4166 966 4222 antistitum
987 4206 1004 4233 ,
1050 4170 1247 4223 nullum
1289 4185 1600 4240 quacunque
1631 4175 1824 4240 praedi-

254 4262 363 4307 tum
391 4254 664 4324 dignitate,
688 4256 772 4311 vel
796 4272 1166 4330 quemcunque
1188 4261 1373 4328 alium,
1416 4261 1482 4316 de
1509 4263 1574 4316 iis
1610 4278 1728 4331 qua:
1751 4263 1828 4317 ei-

253 4341 372 4397 dem
418 4347 785 4401 monasterioa
811 4348 1185 4417 suprascriptis
1231 4349 1353 4404 ﬁliis
1383 4351 1580 4405 nostris
1613 4353 1829 4422 regibus

1926 3189 2092 3243 nostri
2141 3189 2349 3259 1225
2382 3191 2566 3258 pagina
2598 3191 2859 3255 continet,
2907 3200 3012 3243 tam
3047 3191 3137 3244 tibi
3183 3206 3337 3260 quam
3368 3206 3498 3245 cuu-

1922 3280 2024 3333 ctis
2052 3295 2168 3348 qua:
2201 3281 2251 3332 in
2284 3294 2349 3332 eo
2379 3295 2482 3347 quo
2512 3294 2570 3333 es
2613 3279 2799 3332 ordlne
2839 3280 3058 3348 locoque
3102 3286 3459 3336 suceesscant
3480 3327 3495 3349 ,

1923 3371 2002 3424 vel
2028 3373 2105 3425 eis
2127 3385 2348 3440 quorum
2373 3373 2630 3425 interesse
2659 3371 2908 3440 potuerit,
2943 3373 2994 3425 in
3039 3385 3350 3442 perpetuum
3380 3391 3494 3430 ser-

1924 3461 2096 3514 vanda
2126 3460 2484 3515 decernimus.
2515 3460 2568 3516 Si
2598 3461 2716 3530 quis
2739 3476 2868 3516 vero
2896 3477 3100 3530 regum,
3132 3466 3494 3528 sacerdotum,

1919 3551 2189 3620 judicum,
2238 3560 2396 3620 atque
2424 3552 2756 3606 saecularium
2790 3567 3135 3620 personarum
3158 3598 3172 3622 ,
3203 3555 3338 3610 hanc
3365 3571 3496 3608 con-

1925 3643 2216 3696 stitutionis
2260 3652 2453 3695 nostra:
2499 3641 2745 3711 paginam
2795 3655 3119 3709 agnoscens,
3169 3653 3349 3696 contra
3380 3660 3496 3698 eam

1925 3733 2108 3785 venire
2131 3731 2411 3785 tentaverit
2429 3773 2443 3799 ,
2475 3733 2765 3802 potestatis.
2782 3733 3104 3802 honorisque
3135 3735 3216 3787 sui
3243 3735 3498 3804 dignitate

1926 3834 2126 3889 careat,
2154 3809 2407 3895 reuinque
2435 3841 2492 3882 se
2510 3826 2712 3895 judicio
2737 3825 2916 3880 divino
2944 3827 3174 3881 existere
3203 3827 3268 3881 de
3300 3843 3498 3897 perpe-

1928 3930 2060 3976 trata
2087 3918 2366 3989 iniquitate
2406 3930 2712 3989 cognoscat,
2746 3929 2849 3973 etc.
2882 3933 2936 3973 ut
2966 3920 3017 3973 in
3047 3921 3322 3988 superiori.

2485 4010 2814 4066 EPISTOLA
2855 4010 2924 4064 Χ.

2390 4116 2456 4155 Δί)
2491 4115 2732 4153 LUPONEM
2776 4116 3036 4155 ΑΒΒᾹΤΕΜ.

1965 4192 2299 4262 Privilegium
2347 4190 2571 4245 eccfesite
2607 4193 2768 4244 sancti
2815 4191 3029 4246 Martini
3066 4194 3118 4246 in
3169 4195 3461 4248 suburbano

2487 4261 2948 4330 Augustodunemi.

2000 4351 2288 4422 Gregorius
2325 4359 2351 4388 ⁸
2382 4350 2585 4419 Luponi
2614 4351 2924 4420 presbytero
2959 4360 3014 4406 et
3047 4353 3249 4407 abbati.

248 4431 355 4500 jam
383 4432 577 4545 donarta
605 4445 766 4536 sunt,
797 4437 879 4491 vel
925 4439 975 4492 in
1007 4439 1187 4494 futuro
1207 4457 1237 4493 a
1268 4442 1590 4509 quibuslibet
1615 4443 1733 4496 aliis
1759 4442 1826 4497 de
1855 4484 1909 4545 Β
2002 4446 2224 4512 Quando
2253 4443 2319 4498 ad
2350 4458 2410 4497 ea
2441 4442 2505 4496 ad
2538 4457 2654 4511 qua:
2682 4442 3062 4496 catholicorum
3108 4459 3289 4545 regum
3337 4443 3498 4496 corda

252 4523 468 4589 proprio
509 4525 700 4578 fuerint
726 4526 846 4592 jure
891 4529 1085 4582 collata
1112 4569 1128 4593 ,
1179 4531 1288 4584 sub
1323 4532 1608 4599 cujuslibet
1651 4547 1827 4588 causa:

253 4613 619 4668 occasionisve
665 4617 846 4682 specie
894 4619 1137 4674 minuere
1167 4622 1249 4675 vel
1298 4624 1532 4689 auferre,
1559 4625 1672 4679 sive
1719 4627 1828 4680 suis

254 4700 436 4754 usibus
465 4702 749 4770 applicare,
781 4705 860 4758 Vel
892 4706 1189 4775 aliisqnasi
1235 4711 1334 4778 piis
1360 4713 1536 4766 causis
1581 4729 1676 4781 pro
1715 4729 1826 4769 suae

253 4791 488 4844 avaritiae
527 4794 870 4848 excusatione
923 4797 1430 4863 possitconcedere.
1473 4802 1578 4857 Sed
1634 4813 1828 4860 cuncta

254 4897 370 4951 qua:
401 4882 471 4936 ibi
511 4884 687 4938 oblata
717 4895 857 4950 sunt,
906 4887 988 4940 vel
1011 4888 1190 4942 oﬁ‘erri
1236 4892 1536 4959 contigerit,
1565 4903 1669 4947 tam
1712 4913 1741 4950 a
1774 4907 1825 4953 te

253 4985 410 5039 quam
436 4973 501 5025 ab
530 4974 607 5027 eis
635 4990 752 5044 qua:
785 4976 836 5028 in
871 4984 960 5028 tuo
991 4975 1170 5031 oiﬁcio
1200 4977 1421 5046 locoque
1445 4986 1820 5052 successerint,

253 5077 281 5116 a
313 5066 557 5130 praesenti
590 5075 829 5132 tempore
861 5068 1059 5122 illibata
1089 5077 1146 5122 et
1189 5071 1307 5125 sine
1337 5071 1700 5142 inquietudine
1725 5077 1823 5131 ali-

325 5173 502 5252 I’rtsr.
545 5175 612 5252 IX
799 5176 905 5247 II].
949 5186 1070 5252 τε(
1098 5179 1168 5233 Ita
1194 5180 1385 5252 legitur
1429 5197 1619 5235 nomen
1673 5184 1827 5252 hujus

251 5242 529 5316 ablatissa:
580 5248 630 5297 in
659 5242 921 5316 Colberf.,
955 5248 1149 5312 Vatic.,
1196 5242 1473 5314 Narniam,
1522 5242 1827 5316 Angliefet

251 5313 369 5431 alitis
397 5315 630 5369 melioris
650 5329 806 5370 noue.
832 5315 887 5370 In
911 5318 1224 5385 quibusdam
1246 5313 1466 5375 Excusis
1481 5313 1644 5376 habes
1666 5323 1823 5377 Thes-

251 5398 303 5431 ιιι
333 5399 414 5431 ΗΡ.

250 5398 414 5435 δαιηΡ.

324 5453 346 5530 ξ’
375 5452 504 5530 Aliis
529 5454 851 5530 -Editoribus
901 5457 1027 5530 satis
1063 5460 1234 5512 visum
1283 5468 1363 5512 est
1411 5459 1614 5514 initium
1665 5462 1822 5530 hujus

251 5521 487 5598 epistola:
510 5524 656 5598 dare,
687 5541 854 5598 usque
893 5526 957 5577 ad
987 5529 1099 5580 haec
1140 5531 1315 5590 verba,
1351 5531 1470 5582 urbe
1493 5521 1816 5598 Augustodu-

253 5593 409 5666 pensi,
431 5593 631 5666 quibus
663 5596 999 5655 addiderunt,
1026 5608 1144 5661 etc.,
1179 5612 1230 5650 ut
1255 5617 1426 5666 supra.
1459 5593 1613 5653 unus
1640 5611 1813 5656 tamen

252 5662 472 5716 inserit:
500 5663 656 5734 hujus
686 5668 928 5735 epistola:
957 5667 1257 5740 discrepant
1282 5662 1350 5728 ab
1375 5671 1454 5727 his
1481 5686 1599 5738 qua:
1644 5674 1693 5727 in
1725 5689 1811 5728 su-

1939 4534 2332 4603 pontiiicalibus
2379 4542 2502 4587 sunt
2559 4532 2774 4585 monitis
2822 4532 3160 4601 provocanda
3195 4534 3264 4587 ita
3293 4534 3497 4587 ardenti

1930 4626 2197 4680 desiderio
2225 4624 2402 4677 divina
2431 4623 2787 4690 praeveniente
2814 4625 2980 4692 gratia
3012 4624 3403 4678 succenduntur
3444 4635 3502 4679 nt

1929 4716 1996 4768 ab
2043 4715 2121 4769 eis
2173 4714 2313 4766 ultro
2353 4720 2660 4780 poscantur,
2723 4720 2869 4765 tanto
2909 4724 3030 4766 sunt
3079 4714 3237 4768 alacri
3285 4722 3340 4766 et
3379 4715 3500 4768 lmto

1929 4808 2107 4862 animo
2137 4805 2476 4860 concedenda
2530 4813 2728 4872 quanto
2757 4820 2817 4859 ea
2861 4805 2971 4871 ipsa
3018 4821 3137 4873 quae
3177 4805 3418 4872 cupiunt,
3450 4807 3498 4860 si

1930 4899 2134 4952 nollent
2157 4897 2353 4960 facere,
2385 4895 2488 4963 peti
2511 4894 2822 4947 debuerant.
2853 4893 3096 4959 Proinde,
3121 4894 3268 4963 juxta
3299 4896 3498 4963 scripta

1925 4989 2150 5040 ﬁliorum
2173 4995 2475 5040 nostrorum
2505 4985 3114 5053 praecellentissimorum
3150 5001 3328 5054 regum
3364 4987 3494 5038 Bru-

1927 5077 2172 5132 nicbildis
2233 5091 2296 5130 ac
2352 5075 2559 5146 nepotis
2609 5075 2956 5139 Theoderici,
3029 5077 3275 5130 Ecclesia:
3329 5076 3496 5129 sancti

1934 5186 2124 5253 periuri
2159 5185 2422 5254 leguntur.
2471 5184 2599 5238 Ilinc
2628 5199 2743 5237 eam
2777 5199 2840 5237 ex
2889 5185 3095 5252 integro
3131 5186 3492 5239 cxcudendam

1925 5255 2298 5320 judicavimus,
2358 5257 2500 5318 prius
2545 5255 2790 5308 collatam
2847 5255 2911 5306 ad
2961 5255 3086 5308 Mss.
3145 5266 3251 5310 tres
3305 5255 3498 5322 Vatc.,

1927 5325 2190 5384 Cnlberl.,
2221 5323 2452 5390 Anglie.,
2485 5323 2668 5376 Nortn.

2001 5407 2020 5431 ο
2051 5393 2103 5442 In
2138 5392 2305 5443 tribus
2327 5392 2514 5454 Vatie.,
2541 5402 2630 5444 aut
2656 5409 2798 5444 sacro
2815 5392 2980 5444 oblata
3007 5403 3146 5445 sunt.

1997 5461 2020 5498 ἀ
2056 5460 2316 5525 Vaticani,
2348 5461 2702 5529 religiosorum
2731 5463 3053 5529 feminarum.

1998 5541 2020 5565 ε
2057 5531 2213 5581 Iidem
2245 5529 2489 5587 (Indices,
2521 5545 2618 5580 non
2649 5533 2805 5582 solus.

1997 5601 2167 5651 Evtsr.
2207 5599 2247 5650 Χ
2280 5597 2383 5669 [.ll.
2425 5597 2524 5667 19.].
2563 5627 2630 5636 —
2654 5608 2676 5631 τι
2713 5600 2766 5652 In
2790 5599 3025 5654 Colbet't.
3070 5617 3130 5655 ac
3162 5602 3372 5656 duobus
3399 5601 3496 5656 Va-

1924 5673 2042 5737 tic.,
2075 5671 2238 5739 Lupo.
