4026 6312
254 262 412 321 1-269

949 253 1429 314 EPISTOLARUM
1467 251 1595 309 LIB.
1635 249 1772 306 Xlll.
1812 277 1882 289 -
1920 245 2163 301 INDlCT.
2206 243 2294 298 Vl.
2337 276 2404 285 —
2444 245 2657 303 EPIST.
2699 245 2811 300 XV.

3376 240 3511 296 1270

252 376 471 437 directa
491 368 683 426 relatio
705 368 954 438 patefecit
982 369 1153 437 (Grut.
1171 408 1190 433 .
1210 368 1330 422 diu.
1363 369 1451 433 6|,
1475 384 1522 420 c.
1547 364 1661 434 16).
1704 364 1844 430 Qua—
1870 370 1915 421 Α
1946 360 2240 428 eodemque
2265 374 2530 414 consensu
2557 360 2714 413 talem
2744 359 2891 414 vobis
2919 355 3308 425 praeﬁciendum
3348 368 3511 421 expe-

188 528 201 537 ν
241 471 490 534 propter
526 458 851 515 visitationis
892 458 1165 513 destitutae
1221 457 1472 511 Ecclesiae
1526 453 1844 509 fraternitati

255 544 376 607 (the
400 564 618 619 cperam
656 546 973 602 solemniter
999 546 1327 614 delegamus,
1358 561 1513 615 quam
1542 547 1611 599 ita
1645 552 1697 598 te
1719 557 1846 596 con-

256 642 416 696 venit
439 639 717 703 exhibere,
733 646 795 691 ut
824 636 953 691 nihil
975 637 1041 691 de
1066 637 1490 703 provectionibus
1503 635 1845 697 clericorum,

254 732 444 788 reditu
470 771 486 796 ,
531 738 759 793 ornatu,
796 728 1234 796 ministeriisque,
1274 727 1371 780 vel'
1408 726 1658 795 quidquid
1713 726 1845 779 illud

254 830 353 875 est
393 821 448 874 in
497 818 820 889 patrimonio
846 817 1109 885 ejusdem,
1141 830 1169 868 a
1200 830 1465 885 quoquam
1495 824 1849 882 praesumatur

258 909 548 964 Ecclesia.
581 909 647 961 Et
676 906 796 961 ideo
843 904 1061 960 dilectio
1088 913 1177 959 tua
1206 906 1271 958 ad
1313 904 1619 974 praedictam
1663 903 1848 959 Eccle-

257 1002 406 1055 siam
442 1001 519 1055 ire
541 998 869 1069 properabit,
892 1009 945 1053 et
976 997 1206 1053 assiduis
1245 997 1705 1052 adhortationibus
1732 995 1846 1049 cle-

256 1103 388 1142 rum
416 1088 731 1158 plebemoue
753 1086 993 1155 ejusdem
1029 1086 1277 1142 Ecclesiae
1296 1086 1587 1139 admonere
1610 1084 1844 1149 festinet,

258 1186 352 1243 ut,
378 1186 585 1232 remoto
631 1176 833 1242 studio,
864 1192 970 1231 uno
1018 1176 1314 1244 eodemque
1365 1190 1632 1231 consensu
1682 1175 1844 1228 talem

258 1268 376 1323 sibi
411 1252 813 1337 praeﬁciendum
842 1274 1101 1336 expetant
1124 1266 1481 1330 sacerdotem,
1506 1266 1595 1333 qui
1625 1272 1680 1317 et
1701 1272 1849 1316 tanto

259 1359 576 1415 ministerio
597 1359 789 1429 dignus
816 1358 991 1413 valeat
1038 1356 1299 1425 reperiri,
1356 1363 1411 1409 et
1450 1370 1480 1407 a
1531 1351 1848 1407 venerandis

263 1448 571 1503 canonibus
626 1447 931 1502 nullatenus
986 1453 1288 1514 respuatur.
1353 1442 1454 1509 Qui
1510 1442 1635 1496 dum
1690 1439 1848 1496 fuerit

265 1536 604 1606 postulatus,
636 1551 756 1590 cum
797 1534 1138 1591 solemnitate
1181 1534 1380 1590 decreti
1432 1533 1669 1588 omnium
1722 1532 1850 1585 sub-

260 1624 650 1695 scriptionibus
692 1625 926 1680 roborati
961 1635 1017 1681 et
1042 1623 1343 1679 dilectionis
1392 1632 1495 1678 tua
1536 1623 1847 1677 testimonio

262 1715 570 1770 litterarum
598 1715 665 1770 ad
692 1729 792 1770 nos
819 1716 1109 1771 sacrandus
1136 1725 1399 1771 occurrat.
1428 1713 1840 1770 Commonentes
1872 1718 1925 1779 Β

264 1804 438 1859 etiam
487 1803 876 1860 fraternitatem
907 1813 1052 1858 tuam
1084 1814 1139 1859 ut
1182 1805 1384 1859 nullum
1414 1804 1481 1858 de
1525 1803 1691 1858 altera
1722 1804 1844 1872 eligi

264 1891 552 1959 permittas
572 1891 831 1958 Ecclesia,
860 1892 960 1946 nisi
988 1890 1124 1947 forte
1150 1892 1290 1947 inter
1315 1891 1541 1947 clericos
1563 1891 1731 1960 ipsius
1757 1891 1852 1945 ci-

262 1988 477 2052 vitatis,
508 1988 560 2042 in
587 2001 692 2057 qua
719 1988 1038 2042 visitationis
1083 1986 1349 2055 impendis
1378 1986 1636 2051 ofﬁciunt,
1670 1985 1848 2040 nullus

263 2078 344 2133 ad
367 2076 726 2148 episcopatum
756 2077 964 2147 dignus,
994 2077 1133 2147 quod
1157 2078 1373 2133 evenire
1418 2092 1523 2131 non
1556 2076 1843 2141 credimus,

268 2168 513 2237 potuerit
543 2164 795 2228 inveniri;
830 2166 1136 2234 provisurus
1164 2175 1288 2221 ante
1316 2166 1495 2220 omnia
1536 2180 1603 2220 ne
1639 2164 1704 2219 ad
1748 2165 1850 2219 hoc

265 2256 568 2327 cujuslibet
595 2257 1011 2311 conversationis
1037 2256 1123 2312 vel
1151 2257 1325 2311 meriti
1356 2256 1543 2311 laicam
1568 2271 1848 2325 personam

270 2345 525 2412 aspirare
554 2345 848 2412 permittas,
892 2359 960 2399 ne
1000 2354 1053 2399 et
1088 2352 1311 2399 conatus
1358 2358 1544 2399 eorum
1596 2343 1854 2398 habeatur

274 2434 552 2501 inefﬁcax,
580 2444 633 2490 et
655 2435 709 2488 in
732 2434 1028 2505 periculum
1050 2434 1254 2489 ordinis
1280 2435 1378 2500 tui,
1408 2433 1549 2503 quod
1582 2431 1738 2498 absit,
1773 2434 1854 2487 in—

273 2537 495 2576 curras.
522 2522 549 2561 δ
578 2524 897 2579 Monasteria
918 2532 1094 2579 autem
1120 2565 1136 2588 ,
1190 2525 1237 2579 si
1282 2539 1387 2593 qua
1427 2534 1551 2578 sunt
1591 2524 1643 2577 in
1691 2524 1856 2593 ipsius

274 2612 575 2669 constituta
617 2616 901 2684 parochia,
926 2615 1025 2670 sub
1068 2624 1153 2669 tua
1198 2630 1324 2670 cura
1379 2615 1853 2685 dispositioneque,

274 2717 559 2774 quousque
588 2704 697 2759 illic
744 2705 993 2776 proprius
1037 2704 1199 2761 fuerit
1233 2705 1507 2762 ordinatus
1551 2706 1857 2778 episcOpus,

275 2805 409 2849 esse
434 2794 794 2850 concedimus.

785 2912 811 2942 ⁸
841 2905 1168 2961 EPISTOLA
1203 2906 1342 2961 XIV.

802 3012 869 3050 AD
900 3011 1322 3052 PANORIIITANOS.

509 3082 739 3137 Bai-baro
773 3086 1007 3153 episcopo
1048 3086 1295 3138 uisitatori
1341 3084 1599 3138 obediant.

360 3172 650 3243 Gregorius
686 3174 867 3239 clero,
904 3173 1083 3227 ordini
1110 3184 1164 3230 et
1207 3174 1349 3243 plebi
1394 3174 1717 3230 consistenti
1753 3176 1859 3230 Pa-

272 3278 484 3321 ιιοηηι.

370 3354 544 3411 Vestri
570 3348 1071 3411 antistitis‘obitum
1101 3364 1503 3425 cognoscentes,
1546 3370 1686 3411 cura:
1715 3357 1865 3412 nobis

278 3448 392 3504 fuit
442 3448 712 3502 destitutae
769 3447 1023 3502 Ecclesiae
1059 3447 1427 3501 visitationem
1483 3447 1628 3501 fratri
1673 3456 1728 3501 et
1775 3462 1869 3502 co-

279 3536 542 3603 episcopo
562 3544 745 3590 nostro
767 3535 999 3590 Barbare
1027 3533 1336 3590 soletnniter
1356 3535 1621 3605 delegare.
1653 3538 1864 3606 1228

282 3623 395 3679 Cui
422 3623 664 3680 dedimus
700 3624 754 3680 in
794 3625 1058 3681 mandatis
1084 3635 1147 3679 ut
1172 3625 1305 3679 nihil
1334 3625 1401 3680 de
1427 3626 1862 3694 provectionibus

284 3716 647 3785 clericatum,
696 3719 892 3786 reditu,
948 3728 1141 3772 ornatu
1184 3717 1629 3785 ministeriisqne,
1663 3731 1697 3771 a
1736 3732 1871 3786 quo-

280 3824 454 3880 quam
485 3809 726 3878 usurpari
771 3812 1018 3879 patiatur.
1068 3807 1230 3878 Cujus
1258 3823 1354 3864 vos
1399 3806 1622 3863 assiduis
1670 3808 1866 3863 adhor-

282 3900 584 3956 tationibus
611 3902 858 3957 convenit
879 3900 1118 3964 obedire,
1144 3910 1220 3967 et,
1243 3907 1451 3956 remoto
1477 3900 1725 3970 strepitu,
1757 3913 1866 3954 uno

371 4056 681 4130 Epts'r.Xlll
708 4055 831 4130 [ᾼζ.
864 4054 972 4127 16].
1008 4085 1075 4095 -
1106 4065 1131 4093 η
1158 4055 1220 4130 ln_
1239 4056 1623 4130 recentioribus
1650 4054 1749 4130 Ed.
1782 4055 1863 4110 le.

288 4130 439 4198 gitur
478 4126 730 4198 episcopo—
760 4126 1131 4198 Beneventano.
1194 4126 1541 4198 Praetulimus
1580 4127 1862 4198 lectionem

296 4196 407 4254 vet.
475 4196 832 4263 Excusorum,
883 4197 1023 4263 quod
1061 4197 1299 4250 lirmetur
1344 4197 1659 4250 auctoritate
1716 4196 1861 4250 Rhe-

301 4270 499 4322 ntcnsis
522 4309 537 4333 ,
583 4278 810 4332 quatuor
839 4266 1041 4329 Vatic..
1073 4267 1406 4333 duorumque
1433 4266 1667 4321 Colbert.
1697 4276 1752 4320 et
1788 4267 1857 4319 al.

302 4340 360 4393 In
410 4353 515 4391 uno
560 4353 624 4391 ex
678 4336 951 4399 Golberl.,
1004 4336 1336 4390 dissimulato
1379 4337 1613 4403 epiSCOpi
1671 4336 1862 4400 titulo,

301 4415 482 4462 exstat
498 4408 668 4460 solum
688 4405 914 4457 Barbara
936 4403 1159 4458 Carinis.
1173 4406 1477 4459 Cat-inensis
1494 4406 1617 4457 urbs
1635 4405 1863 4458 fnitolim

302 4477 619 4545 episcopalis
647 4474 785 4545 apud
818 4475 1045 4545 Brittios,
1071 4491 1176 4527 non
1205 4475 1357 4545 longe
1385 4490 1413 4527 a
1446 4475 1633 4545 Regio.
1666 4474 1864 4528 Existi-

305 4543 413 4599 mat
440 4556 612 4599 autem
646 4543 855 4611 Rochns
884 4543 1083 4604 Pirrus,
1116 4556 1258 4597 to.no
1310 4543 1369 4606 ll,
1401 4560 1516 4611 pag.
1551 4544 1679 4609 461,
1713 4544 1867 4597 intel-

306 4613 571 4680 ligendum
602 4627 720 4666 esse
752 4610 820 4664 de
848 4611 946 4664 alia
986 4614 1143 4679 hujus
1190 4613 1416 4664 nominis
1443 4610 1571 4665 urbe
1606 4614 1655 4665 in
1686 4615 1867 4667 Sicilia

307 4684 445 4736 haud
492 4683 672 4749 procul
718 4682 1018 4745 Panormo,
1078 4694 1144 4734 ex
1192 4680 1657 4751 ruinisllyccaris
1687 4683 1867 4751 oppidi

305 4761 625 4815 constructa,
657 4766 813 4817 quam
839 4760 1011 4803 tamen
1053 4765 1117 4801 an
1149 4750 1313 4801 ullum
1343 4749 1467 4802 olim
1503 4749 1869 4805 haliuerit’an-

308 4824 551 4885 tistitcm,
584 4821 840 4874 incertum
870 4820 971 4873 Sibi
1004 4833 1122 4873 esse
1170 4819 1263 4871 ait.
1311 4817 1419 4871 Cur
1448 4829 1625 4871 autem
1656 4832 1873 4873 sanctus

308 4892 593 4960 Gregorius
621 4898 810 4958 praeter
837 4904 1037 4960 morem
1085 4900 1176 4960 aut
1208 4889 1580 4960 Beneventano
1608 4897 1699 4960 aut
1725 4889 1873 4941 Gai-i-

307 4958 459 5016 nensi
499 4961 752 5027 episcopo
794 4968 898 5011 tam
934 4959 1088 5025 longe
1115 4958 1301 5010 dissito
1348 4958 1638 5011 Ecclesiam
1671 4958 1873 5011 Panor-

306 5026 557 5084 mitauam
607 5028 921 5082 visitandam
975 5029 1332 5089 connnise-rit,
1382 5043 1486 5079 non
1520 5026 1712 5088 video,
1771 5027 1876 5081 nisi

308 5100 443 5154 forte
466 5102 586 5169 quia
619 5099 680 5151 iis
710 5098 760 5169 in
794 5097 921 5169 locis
944 5097 1059 5169 jam,
1099 5098 1218 5169 aliis
1247 5096 1469 5167 negotiis
1510 5097 1875 5169 gerendisdc-

310 5167 605 5232 tineba‘tur;
640 5167 721 5221 vel
765 5167 923 5219 etiam
978 5168 1097 5235 quia
1145 5168 1291 5219 illum
1347 5170 1515 5220 virum
1563 5167 1875 5219 industrium

308 5249 552 5301 noverat,
578 5246 632 5291 et
660 5236 748 5305 qui
781 5236 913 5306 alios
945 5237 994 5286 in
1026 5250 1091 5289 eo
1122 5252 1340 5289 munere
1370 5235 1618 5304 prteclare
1651 5249 1720 5306 ee
1764 5251 1882 5306 ges-

308 5319 470 5376 serat,
504 5320 559 5361 ut
580 5322 700 5361 cum
743 5306 790 5359 ei
810 5305 1115 5376 _ECCleSl3llt
1147 5306 1530 5376 llnrtonensem
1561 5305 1876 5376 visitandam

307 5373 596 5447 conitttisil,
629 5378 786 5443 epist.
808 5374 876 5427 '59
905 5375 995 5428 lib.
1031 5389 1109 5438 Itt,
1137 5388 1275 5427 nunc
1300 5374 1358 5426 41
1390 5376 1479 5428 lib.
1507 5390 1580 5441 tv,
1616 5385 1723 5429 etc.
1754 5373 1879 5427 Par-

310 5449 399 5498 tim
422 5464 482 5499 ea;
497 5449 761 5502 GUSSANV.
803 5471 817 5483 -

383 5516 411 5553 δ
435 5516 565 5581 Qua:
604 5526 895 5582 sequuntur
920 5528 1086 5581 usque
1114 5512 1178 5565 ad
1211 5510 1368 5563 ﬁnem
1408 5514 1645 5580 epistola:
1686 5512 1879 5566 desunt

314 5587 375 5643 in
398 5587 635 5656 quinque
663 5585 859 5655 Vatic.,
891 5585 1115 5647 Τυιθη..
1151 5582 1340 5636 lthent.
1364 5620 1380 5646 ,
1406 5584 1639 5638 Lolbort.
1668 5595 1717 5636 ct
1746 5599 1880 5646 penc

1950 459 2063 505 tere
2090 449 2441 512 sacerdotem,
2472 447 2685 517 quieta
2714 447 3028 502 venerandis
3053 445 3343 501 canonibus
3370 443 3512 496 nulla

1946 541 2208 609 discrepet
2239 539 2465 601 ratione,
2498 546 2550 592 et
2599 548 2749 591 tanto
2798 537 3095 592 ministerio
3127 537 3313 605 dignus
3344 536 3516 589 valeat

1947 630 2190 697 reperiri.
2215 629 2314 697 Qui
2336 630 2460 683 dum
2491 628 2653 683 fuerit
2684 628 2998 696 postulatus,
3030 642 3150 681 cum
3182 625 3514 680 solemnitate

1946 719 2147 773 decreti
2194 719 2429 772 omnium
2460 717 2935 785 snbscriptionibus
2966 716 3219 780 roborati,
3246 727 3298 769 et
3326 716 3511 769 visita-

1948 807 2076 863 lOris
2110 808 2296 877 pagina
2333 815 2711 875 prosequente,
2733 805 2800 859 ad
2829 820 2924 858 nos
2953 802 3128 857 veniat
3148 802 3467 856 ordinandus
3493 818 3510 857 :

1951 895 2215 964 provisuri
2258 903 2384 950 ante
2435 893 2612 948 omnia
2645 908 2709 947 ne
2739 893 3018 960 cujuslibet
3062 892 3184 945 vita:
3214 890 3293 944 vel
3343 890 3514 943 meriti

1946 985 2134 1038 lairam
2168 998 2448 1052 personam
2483 985 2815 1051 praesumatis
2844 985 3037 1051 eligere
3058 1021 3073 1047 ,
3107 991 3156 1035 et
3189 996 3292 1033 non
3340 980 3510 1032 solum

1947 1073 2035 1128 ille
2088 1073 2155 1127 ad
2202 1073 2541 1142 episcopatus
2590 1072 2795 1139 apicem
2854 1073 2995 1125 nulla
3047 1072 3253 1126 ratione
3306 1084 3519 1137 promo-

1947 1176 2150 1226 ventur,
2197 1177 2380 1216 verum
2412 1161 2569 1215 etiam
2602 1178 2698 1216 vos
2728 1162 2887 1215 nullis
2914 1158 3385 1215 intercessionibus
3424 1171 3517 1210 ve-

1948 1254 2089 1306 niam
2116 1251 2409 1319 promereri
2434 1265 2588 1320 posse
2616 1254 2943 1321 cognoscite,
2973 1251 3065 1305 sed
3093 1261 3145 1304 et
3171 1263 3356 1303 omnes
3384 1262 3516 1317 quos

1947 1358 2011 1397 ex
2037 1342 2188 1397 vobis
2219 1340 2285 1396 de
2314 1341 2450 1394 laica
2503 1355 2730 1409 persona
2759 1340 3024 1409 aspirasse
3054 1338 3393 1403 constiterit,
3449 1336 3516 1388 ah

1946 1430 2123 1485 ofﬁcio
2167 1438 2221 1485 et
2267 1444 2298 1482 a
2346 1427 2719 1484 communione
2754 1429 2958 1483 alienos
3006 1426 3277 1483 faciendos
3326 1424 3510 1494 procul

1948 1520 2109 1577 dubio
2133 1518 2413 1585 noveritis.

2477 1628 2810 1685 EPISTULA
2854 1626 2971 1683 XV.

2203 1735 2272 1775 AD
2308 1734 2609 1775 VENANTIUI
2649 1731 2931 1772 PATBICIUI
2974 1728 3257 1769 PANORIIT.

1953 1800 2195 1869 Urbicum
2244 1811 2470 1864 abbatem
2499 1811 2711 1863 electum
2753 1810 2929 1862 marito
2976 1809 3030 1861 in
3074 1808 3392 1876 episcopum,
3428 1807 3519 1858 sed

2018 1883 2349 1935 reluctantem
2374 1897 2474 1932 non
2495 1881 2788 1946 cogendum.
2829 1878 3103 1931 Crescentis
3134 1877 3333 1927 diaconi
3376 1891 3518 1927 scru-

2019 1951 2201 2003 tandos
2230 1965 2411 2003 mores.
2445 1948 2506 2003 Si
2532 1963 2688 2015 neque
2718 1950 2768 2001 in
2795 1949 2907 2013 hoc,
2932 1963 3087 2016 neque
3105 1947 3157 1999 in
3183 1947 3285 1998 alio
3308 1960 3519 1997 consen-

2021 2021 2172 2085 tiant,
2205 2020 2474 2072 mit:endos
2502 2018 2718 2071 Romam
2744 2018 2954 2086 legatos.

2020 2112 2307 2181 Gregorius
2341 2112 2602 2166 Venantio
2624 2112 2843 2181 patricio
2866 2121 2893 2149 ιι
2923 2108 3321 2164 Panormitano.

2022 2202 2364 2258 Excellentite
2393 2211 2588 2256 vestrae
2616 2202 2811 2255 electio
2855 2200 2910 2254 in
2952 2211 3179 2267 persona
3212 2191 3389 2249 Utbici
3430 2191 3525 2247 ab-

1952 2292 2111 2357 batis,
2137 2293 2261 2360 quia
2290 2291 2442 2345 valde
2468 2289 2621 2345 nobis
2641 2291 2856 2358 placuit,
2879 2288 3172 2343 indicamus
3205 2303 3218 2337 :
3248 2284 3521 2351 quoniam.

1954 2384 2092 2438 sicut
2108 2381 2293 2451 judicii
2323 2382 2488 2436 vestri
2525 2381 2847 2435 discretione
2874 2378 3115 2447 oportuit
3134 2417 3150 2439 ,
3178 2375 3242 2428 ad
3271 2372 3524 2428 Ecclesiae

1953 2470 2392 2542 gubernationem
2458 2468 2627 2521 virum
2697 2464 2963 2536 quaesistis
3008 2464 3309 2532 vigilantem
3370 2471 3528 2528 atque

1955 2560 2264 2626 sollicitum,
2301 2572 2356 2619 et
2403 2560 2431 2601 δ
2485 2562 2679 2615 divine
2724 2562 3013 2629 Scriptum
3069 2556 3332 2623 scientia,
3385 2552 3526 2621 quod

1957 2652 2191 2707 maxime
2218 2652 2271 2707 in
2303 2652 2673 2709 sacerdotibus
2702 2650 3003 2724 eligendum
3058 2656 3174 2710 est,
3207 2646 3526 2699 institutum.

1959 2742 2067 2798 Sed
2118 2742 2241 2812 quia
2293 2743 2500 2798 caeteris
2547 2746 2626 2799 sic
2670 2754 2755 2799 est
2802 2741 2990 2814 aliquis
3037 2735 3442 2811 pra’pllIIEi:JtlS,
3474 2743 3530 2790 ut

1959 2831 2086 2887 dum
2123 2831 2239 2901 ipse
2278 2835 2513 2889 exterius
2544 2834 2770 2903 prolicit,
2801 2835 3027 2889 interius
3070 2848 3176 2885 non
3230 2831 3525 2888 decrescat,

1960 2920 2195 2988 quietem
2247 2921 2414 2990 ipsius
2480 2922 2691 2977 turbare
2744 2937 2850 2976 non
2914 2935 3237 2990 possumus,
3288 2933 3357 2973 ne
3402 2931 3525 2971 cum

1961 3023 2081 3063 eum
2108 3011 2174 3064 ad
2204 3008 2392 3065 altiora
2441 3011 2810 3079 producimus,
2844 3012 3105 3065 minorem
3156 3010 3305 3063 illum
3350 3009 3529 3074 seipso

1884 3082 1930 3144 ο
1963 3098 2077 3153 ﬁeri
2116 3099 2337 3153 missum
2366 3100 2416 3153 in
2449 3100 2696 3155 ﬂuctibus
2723 3100 3125 3166 compellamus.
3151 3098 3381 3152 Persona
3404 3110 3533 3149 vero

1958 3186 2261 3243 Crescentis
2279 3186 2511 3252 diaconi,
2528 3196 2744 3257 propter
2762 3189 2902 3256 quod
2923 3187 3145 3242 omnino
3172 3187 3325 3241 nobis
3350 3186 3531 3255 ignota

1960 3283 2063 3339 est,
2095 3276 2265 3344 prima
2300 3274 2452 3328 nobis
2491 3292 2614 3330 cura
2645 3276 2744 3330 fuit
2783 3278 3056 3343 requirere
3085 3275 3527 3345 quemadmodum

1962 3363 2351 3419 xenodochiutn
2382 3361 2466 3417 cui
2512 3363 2798 3432 praefuerat
2833 3364 3201 3433 gubernasset,
3236 3373 3291 3417 ut
3320 3379 3383 3417 ex
3433 3363 3536 3416 mi-

1969 3455 2130 3509 nimis
2167 3453 2337 3523 qualis
2380 3467 2498 3507 esse
2546 3452 2718 3522 possit
2763 3453 2815 3508 in
2873 3452 3117 3507 maximis
3164 3466 3531 3507 nosceremus.

1964 3543 2071 3600 Sed
2123 3544 2248 3613 quid
2298 3542 2449 3599 nobis
2512 3543 2799 3611 portitores
2854 3542 3179 3610 scriptorum
3229 3548 3530 3595 vestrorum

1963 3633 2379 3702 responderint,
2436 3632 2504 3686 ab
2550 3632 2678 3701 ipsis
2733 3632 3043 3688 addiscetis.
3101 3642 3125 3670 °
3172 3632 3307 3687 llinc
3357 3638 3537 3683 autem

1965 3721 2332 3791 presbyterum
2361 3722 2490 3776 dare
2527 3722 2747 3775 omnino
2799 3722 2951 3777 nobis
2988 3720 3302 3776 excellentia
3355 3726 3532 3773 vestra

1967 3808 2101 3864 sciat
2124 3824 2244 3865 esse
2266 3810 2507 3875 difficile,
2537 3812 2656 3878 quia
2677 3810 2704 3846 α
2735 3824 3083 3880 personarum
3115 3825 3213 3865 nos
3241 3807 3535 3863 necessitas

1970 3900 2041 3956 ad
2067 3900 2363 3957 ordinanda
2388 3902 2495 3957 alia
2532 3902 2650 3958 loca
2679 3902 2975 3972 pastoribus
2992 3900 3244 3958 destituta
3273 3914 3379 3953 non
3402 3892 3538 3951 levis

1966 4054 2237 4137 omnibus.
2272 4056 2494 4111 Exstant
2519 4064 2696 4113 tamen
2724 4056 2779 4113 in
2807 4055 2923 4111 aliis
2945 4052 3183 4123 epistolis
3210 4049 3428 4105 omnino
3457 4046 3533 4102 si-

1969 4126 2216 4248 ""3231
2250 4193 2367 4247 XIV
2393 4191 2500 4262 [ΑΙ.
2532 4193 2773 4262 19].-ία
2801 4193 3142 4247 Desideratur
3169 4190 3282 4243 haec
3310 4186 3536 4256 epistola

1894 4284 1941 4343 ι)
2052 4264 2254 4343 Anglic:
2285 4274 2347 4343 ent.
2382 4261 2567 4315 Norm.
2596 4261 2768 4343 Godd.
2812 4264 2878 4314 At
2982 4262 3245 4343 JColbert:
3268 4298 3284 4322 ,
3314 4269 3540 4325 utroque

1967 4334 2274 4395 lllmnemi,
2305 4332 2534 4397 Turon.,
2564 4339 2619 4400 et
2644 4330 3093 4400 quinqnoVatim,
3120 4328 3326 4400 legitur.

2042 4404 2216 4473 Erts'r.
2261 4394 2349 4456 XV
2382 4394 2528 4473 [Αιζ
2827 4408 2852 4435 τι
2883 4398 2940 4473 In
2972 4399 3133 4473 Va‘tic.
3167 4397 3252 4473 Ρ,
3302 4394 3438 4473 ειεζο
3473 4402 3531 4473 _et

1966 4475 2097 4543 plebi
2131 4462 2529 4543 Panorritiiftttte.
2557 4469 2612 4543 In
2639 4462 2868 4543 :Norm.,
2900 4467 3128 4521 Patricio
3158 4463 3432 4518 Panormi.
3473 4462 3534 4517 ιιι

1967 4538 2134 4597 tribus
2161 4543 2354 4605 Vatic.,
2390 4540 2613 4593 Patricio
2638 4538 2914 4592 Panormo.
3062 4596 3065 4601 ,

2039 4612 2064 4650 ιι
2106 4602 2641 4676 Maximereqniritnr
2670 4610 2719 4660 in
2753 4606 3017 4676 episcopis
3041 4604 3338 4672 evangelica
3363 4602 3539 4655 scicn-

1972 4682 2069 4734 tia.
2101 4681 2233 4733 Hinc.
2262 4682 2393 4735 forte
2425 4679 2784 4747 praescribitur
2828 4678 2883 4729 in
2929 4676 3299 4747 episcoporum
3351 4686 3543 4747 consc-

1969 4751 2228 4812 cratione.
2254 4761 2308 4803 ut
2338 4742 2438 4803 duo
2466 4753 2685 4818 episcopi
2711 4756 2897 4814 ponant
2938 4742 2983 4797 et
3013 4753 3210 4818 teneant
3241 4742 3543 4818 Evangelia-

1968 4838 2082 4873 rum
2114 4810 2347 4873 Codicem
2371 4810 2524 4889 super
2554 4810 2717 4889 caput.
2738 4828 2787 4870 et
2827 4818 3066 4869 cervicem
3109 4815 3219 4882 ejus
3268 4814 3359 4880 qui
3386 4810 3545 4864 crdi-

1973 4901 2151 4943 natur.

2046 4971 2068 4997 α
2100 4956 2349 5011 Mendose
2377 4956 2429 5009 in
2483 4956 2651 5010 Εάίιὶς
2670 4998 2685 5021 ,
2719 4957 2856 5008 hunc
2884 4963 3083 5006 autem.
3106 4989 3120 5002 .
3143 4989 3157 5003 .
3177 4988 3190 5002 .
3214 4988 3229 5004 .
3270 4949 3429 5003 vobis.
3465 4947 3544 5001 Ex

1974 5027 2105 5083 Mss.
2142 5027 2321 5079 Norm.
2355 5027 2581 5079 maxime
2610 5044 2849 5081 errorem
2882 5026 3020 5076 hunc
3049 5021 3468 5073 emendavimus.

2047 5094 2073 5132 ά
2104 5096 2200 5148 Sat
2230 5094 2399 5155 multi,
2426 5106 2483 5146 ut
2514 5096 2568 5147 fit
2594 5138 2608 5157 ,
2642 5101 2871 5149 honores
2898 5092 3290 5146 ecclesiasticos
3335 5088 3543 5140 ambie-

1974 5166 2121 5224 bant.
2144 5179 2243 5217 nec
2273 5177 2429 5228 prece
2457 5165 2641 5227 modo,
2676 5166 2767 5219 sed
2796 5178 2847 5217 et
2877 5166 2941 5216 ad
2970 5176 3064 5216 eos
3104 5158 3281 5227 pretio
3327 5170 3540 5227 grassa-

1975 5236 2186 5297 bantur,
2219 5242 2274 5285 ut
2300 5233 2494 5285 docent
2521 5235 2822 5298 complures
2867 5236 3033 5285 sancti
3065 5230 3303 5297 Gregorii
3336 5228 3537 5291 episto-

1977 5305 2062 5357 lae.
2097 5304 2253 5356 Pauci
2286 5311 2460 5355 tamen
2507 5297 2911 5355 inveniebantur
2954 5302 3097 5369 digni
3128 5301 3214 5368 qui
3246 5300 3298 5352 in
3328 5297 3534 5366 gurgite

1977 5384 2082 5426 tam
2115 5383 2263 5424 vasto
2295 5380 2557 5423 natarent.
2589 5371 2721 5424 l‘linc
2750 5368 3086 5425 leCliSSitlll)
3118 5374 3233 5421 viro
3256 5368 3536 5436 angustia.

1977 5442 2087 5496 Nec
2114 5443 2253 5494 enim
2288 5439 2589 5493 hominibus
2624 5439 2878 5493 beneﬁcia
2908 5440 3152 5493 conferre
3172 5479 3185 5501 ,
3211 5439 3303 5492 sed
3357 5435 3539 5489 Eccle-

1979 5513 2070 5565 size
2102 5528 2195 5580 pur
2228 5511 2469 5563 homines
2495 5510 2705 5561 Volebat
2735 5507 3033 5580 providere.
3082 5508 3220 5577 Lege
3260 5507 3539 5575 epistolam

1983 5577 2115 5647 1&8,
2137 5596 2277 5636 nunc
2303 5579 2396 5647 2i,
2421 5582 2589 5637 sancti
2623 5578 2923 5647 Augustini,
2945 5577 3031 5631 ubi
3057 5587 3274 5644 apparet
3310 5584 3541 5647 quantus
