4026 6336
509 282 640 335 1⁵271

1735 266 1975 323 SANCTI
2016 263 2053 315 G
2066 257 2337 313 REGORII
2381 253 2595 310 MAGNI

3635 249 3663 300 ί
3674 248 3799 299 Ξ).ῖή

506 400 770 459 angustat.
832 390 895 444 Et
948 388 1067 441 ideo
1113 386 1236 453 quia
1291 385 1456 438 Deum
1492 382 1679 436 timere
1704 420 1721 445 ,
1784 378 1997 450 1229
2024 384 2077 430 et
2107 375 2154 432 Α
2183 369 2339 423 boum
2376 381 2469 435 par
2500 378 2680 459 unum,
2708 359 2732 399 ά
2762 370 3006 459 armenta.
3247 360 3521 459 quinque:
3554 374 3691 459 oves
3728 369 3791 414 et

506 481 697 533 animae
728 487 918 534 vestra:
959 476 1203 530 novimus
1253 487 1348 527 vos
1394 471 1594 526 habere
1637 478 1959 537 respectum,
2002 479 2081 533 pa~

506 580 655 623 terna
687 568 947 621 charitate
976 566 1310 620 salutationis
1336 563 1623 632 alloquium
1672 559 2083 627 praemittentes,

506 661 782 714 hortamur
816 666 895 724 ut,
928 659 1062 711 sicut
1094 657 1268 718 decet,
1294 661 1447 708 cauta
1476 650 1825 719 diligentique
1865 645 2083 701 investi-

504 755 716 822 gatione
770 753 994 805 scrutari
1044 753 1269 805 interius
1317 750 1384 803 de
1426 748 1552 815 vita,
1586 745 1827 799 moribus
1856 752 2081 808 actuquc

505 842 713 910 praefati
740 842 948 894 diaconi
976 840 1236 895 debeatis.
1284 838 1348 893 Et
1376 838 1420 892 si
1443 852 1563 892 eum
1609 834 1674 887 ad
1708 831 1966 886 Ecclesia:
1996 843 2083 882 as-

503 948 727 1001 surgere
795 932 1031 999 regimen
1083 929 1422 999 agnoscatis,
1472 934 1651 981 vestra
1702 920 2079 976 adhortatione

504 1041 691 1079 omnes
720 1026 770 1077 in
796 1040 861 1078 eo
895 1039 955 1078 se
995 1024 1199 1077 uniant.
1227 1023 1283 1078 Si
1313 1031 1490 1076 autem
1524 1021 1678 1074 aliter
1723 1014 1886 1071 vestri
1917 1011 2082 1067 sentit

506 1116 807 1169 sollicitudo
852 1114 1057 1184 judicii,
1089 1122 1142 1169 et
1171 1130 1292 1169 eum
1320 1113 1639 1183 pastoralem
1668 1123 1848 1165 curam
1891 1106 2083 1160 effica-

507 1207 642 1258 citer
691 1206 1063 1258 administrare
1107 1218 1213 1257 non
1243 1217 1401 1269 posse
1447 1201 1781 1264 considerat,
1814 1195 2077 1265 agendum

505 1306 587 1351 est
611 1313 730 1351 eum
758 1296 1005 1350 omnibus
1034 1295 1391 1360 concorditer,
1427 1303 1484 1347 ut
1529 1294 1754 1347 alterum
1803 1289 1889 1359 qui
1926 1298 2080 1357 aptus

508 1391 658 1442 visus
682 1386 841 1442 fuerit
870 1388 936 1441 de
982 1386 1216 1440 Ecclesia
1246 1387 1357 1454 ipsa
1390 1385 1593 1453 possint
1632 1382 1861 1452 eligere,
1890 1389 1947 1434 ut
1989 1393 2079 1433 ve-

508 1480 716 1533 nientes
744 1480 809 1530 ad
844 1491 940 1531 nos
1001 1487 1104 1530 tam
1149 1478 1403 1531 diaconus
1454 1478 1541 1544 qui
1590 1474 1701 1544 jam
1755 1476 1956 1528 electus
1996 1480 2082 1526 est

506 1583 664 1636 quam
716 1567 874 1621 etiam
907 1566 997 1635 qui
1028 1566 1203 1620 adhuc
1258 1564 1536 1633 eligendus
1583 1572 1702 1629 est,
1756 1562 1799 1615 is
1838 1561 1927 1629 qui
1970 1560 2079 1614 Deo

506 1657 768 1725 placuerit
808 1656 1103 1710 ordinetur.
1134 1655 1418 1710 Enimvero
1447 1656 1488 1709 si
1518 1655 1569 1707 in
1596 1652 1833 1707 Ecclesia
1866 1652 1953 1706 illa
1986 1664 2079 1705 ne-

2188 471 2374 525 capras
2407 456 2733 525 promiscuas
2756 455 2929 522 capita
2957 453 3167 521 viginti,
3197 451 3250 505 in
3292 451 3451 504 fundo
3482 449 3792 503 Gressiano

2193 558 2216 584 ε
2245 548 2331 601 ubi
2364 548 2533 615 ipsum
2565 545 2945 598 monasterium
2997 544 3268 605 fundatur,
3309 542 3491 595 uncias
3521 550 3672 602 octo,
3731 539 3809 593 in'

2188 636 2351 690 fundo
2399 635 2626 689 Staciaui
2682 635 2867 687 uncias
2917 642 3058 695 octo,
3093 633 3306 685 fundum
3352 632 3561 685 Paterui
3592 631 3644 683 in
3678 628 3787 682 in-

2193 736 2364 793 tegro,
2407 739 2601 793 porcos
2631 724 2840 788 decem,
2866 722 3214 787 lectisternia,
3248 723 3515 789 gestisque
3547 719 3793 771 amnici-

2188 816 2393 884 palibus
2409 815 2643 883 alligata,
2674 823 2805 877 etc.,
2830 813 3108 867 secundum
3131 826 3344 865 morem.
3372 807 3390 847 ί
3429 810 3561 863 Data
3588 824 3793 864 mense

2190 906 2491 972 Decembri,
2524 904 2708 958 indict.
2738 904 2795 957 6.

2550 1016 2760 1086 1230
2800 1023 2825 1051 ι
2866 1013 3198 1069 EPISTULA
3241 1013 3398 1068 XVII.

2426 1123 2493 1159 AD
2530 1121 2765 1160 JOANNEM
2821 1120 3181 1159 SUBDIACONUI
3239 1120 3522 1159 RAHSM’LE.

2188 1196 2536 1249 Marinianum
2562 1197 2851 1265 episcOpnm
2874 1197 3124 1259 hortetur,
3150 1206 3202 1247 ut
3234 1211 3442 1265 causam
3462 1212 3576 1246 cum
3600 1193 3781 1247 Joan-

2255 1284 2318 1319 ne
2346 1267 2583 1333 episcopo
2609 1268 2797 1333 absque
2832 1267 3114 1329 litejubeat
3144 1266 3311 1331 ﬁniri.
3354 1264 3593 1331 Alioquin
3628 1267 3788 1334 judi-

2253 1338 2388 1389 cium
2417 1338 2523 1404 ipse
2551 1346 2752 1403 urgeat,
2782 1346 2826 1387 et
2861 1337 3155 1387 sententiam
3182 1342 3505 1404 exsequatur.
3536 1334 3780 1385 Oratorii

2257 1403 2682 1458 constructionem
2732 1421 2793 1456 ac
2860 1405 3233 1456 dedicationem
3291 1404 3356 1455 ab
3418 1403 3784 1469 Exuperantio

2254 1476 2488 1544 episcopo
2516 1475 2569 1527 in
2599 1473 2818 1527 Joannis
2844 1475 3041 1525 diazcesi
3065 1474 3253 1541 factam
3284 1475 3557 1538 improbat.

2254 1561 2543 1633 Gregorius
2568 1562 2761 1616 Joanni
2788 1561 3117 1615 subdiacono
3150 1560 3439 1614 Ravennae.

2256 1651 2418 1706 Lator
2471 1652 2809 1719 praesentium
2856 1650 3087 1704 Joannes
3134 1649 3297 1703 frater
3326 1659 3379 1704 et
3418 1650 3780 1717 coepiscOpus

502 1763 607 1815 que
637 1747 705 1801 de
726 1746 1056 1817 presbyteris
1087 1746 1167 1800 vel
1195 1745 1582 1808 diaconis,sive
1599 1743 1803 1810 reliquo
1817 1742 1961 1796 clero
1983 1740 2074 1794 hu-
2109 1734 2153 1793 B
2180 1752 2366 1797 noster
2394 1740 2565 1811 aliqua
2594 1741 2749 1795 nobis
2779 1740 2846 1795 de
2862 1741 3036 1794 causis
3063 1739 3313 1793 Ecclesiae
3343 1753 3453 1791 sua:
3468 1740 3592 1792 dato
3621 1740 3775 1805 capi-

495 1836 731 1903 jusmodi
764 1837 983 1891 inveniri
1009 1838 1260 1905 potuerit,
1297 1836 1362 1890 de
1382 1835 1484 1889 alia
1516 1834 1615 1888 sibi
1656 1834 1889 1889 Ecclesia
1915 1834 2073 1888 talem

507 1925 862 1978 ordinandum
894 1926 1095 1993 eligere
1134 1924 1385 1980 festinent
1438 1924 1765 1989 antistitem,
1814 1924 1904 1991 qui
1949 1921 2085 1991 vigi-

514 2014 644 2068 lauti
696 2016 1053 2070 sollicitudine
1113 2014 1472 2070 exterioribus
1521 2029 1706 2070 eorum
1764 2013 2085 2068 utilitatibus

508 2115 563 2158 et
597 2106 913 2159 sacerdotali
953 2106 1328 2162 adhortatione
1381 2106 1662 2161 animabus
1709 2105 1921 2171 valeat,
1974 2104 2084 2157 Deo

513 2198 824 2263 miserante,
856 2197 1000 2251 utilis
1045 2198 1289 2267 reperiri.
1342 2197 1608 2252 Praeterea
1654 2212 1721 2251 ne
1758 2212 1860 2266 qua
1904 2196 2003 2250 hac
2030 2195 2083 2251 in

511 2300 671 2340 causa
701 2287 868 2355 possit
896 2302 1016 2342 esse
1044 2286 1249 2353 dilatio,
1283 2298 1307 2325 ο
1341 2298 1397 2343 et
1426 2296 1644 2356 peccata
1685 2286 1762 2342 sic
1794 2287 1989 2341 faciant
2031 2295 2088 2340 ut

513 2375 690 2429 nullus
716 2378 782 2428 de
812 2376 997 2430 electis
1045 2386 1200 2443 aptus
1239 2377 1450 2441 existat,
1480 2378 1771 2430 hortandus
1799 2386 1881 2430 est
1910 2376 2090 2429 clerus

515 2472 569 2516 et
601 2466 846 2532 populus.
880 2477 934 2516 ut
964 2466 1042 2520 eis
1072 2467 1162 2534 qui
1189 2466 1255 2519 ad
1304 2481 1398 2519 nos
1424 2468 1667 2521 venerint
1720 2481 1813 2519 sua
1858 2466 2089 2519 debeant

517 2553 630 2605 vice
661 2553 949 2619 mandare,
973 2564 1234 2621 quatenus
1280 2555 1365 2609 hic
1397 2556 1627 2609 habeant
1651 2554 1883 2620 eligendi
1915 2554 2085 2609 licen-

518 2641 642 2692 tiam
668 2680 684 2706 ,
726 2640 985 2709 nobisque
1029 2643 1131 2698 hoc
1162 2646 1333 2711 ipsum
1379 2645 1619 2713 apicibus
1658 2647 1769 2700 suis
1819 2646 2086 2701 roboratis

518 2732 750 2799 propriis
778 2733 1260 2801 subscriptionibus
1299 2736 1671 2804 innotescaut,
1704 2747 1763 2791 ut
1791 2740 1834 2791 si
1868 2738 1955 2793 vel
2002 2739 2091 2794 hic

518 2824 745 2877 inveniri
802 2825 1075 2892 potuerit,
1134 2826 1251 2881 sine
1298 2826 1610 2883 difﬁcultate
1665 2830 1839 2897 aliqua
1888 2828 2090 2884 Christi

517 2926 841 2984 cooperante
870 2918 1037 2986 gratia
1066 2930 1429 2977 consecretur.
1453 2922 1602 2990 Quod
1636 2934 1815 2978 tamen
1856 2939 1955 2978 nos
1984 2938 2088 2978 non

517 3010 791 3065 voluntate
837 3010 1049 3077 impulsi
1095 3012 1396 3081 loquimur,
1446 3015 1538 3069 sed
1584 3014 1901 3071 necessitate
1943 3031 2087 3070 com-

2188 1833 2346 1887 tulari
2374 1834 2608 1887 noscitur
2634 1834 2909 1886 intimasse
2940 1847 2954 1883 ε
2987 1832 3177 1899 quibus
3207 1831 3453 1899 cognitis,
3496 1830 3769 1897 culpanda

2187 1938 2214 1976 a
2274 1923 2426 1977 nobis
2480 1921 2806 1991 experientia
2854 1932 2939 1976 tua
2982 1922 3181 1984 fuerat,
3237 1921 3281 1975 si
3336 1920 3402 1973 ad
3455 1928 3505 1973 te
3564 1920 3771 1987 perlata

2189 2014 2445 2069 hactenus
2509 2014 2779 2067 indeﬁnita
2836 2012 3209 2067 remanserint.
3262 2011 3365 2066 Sed
3438 2010 3773 2078 inquirentes

2187 2105 2495 2173 agnovimus
2542 2104 2682 2171 quod
2737 2103 2804 2157 ad
2858 2103 3098 2156 notitiam
3152 2113 3295 2154 tuam
3353 2101 3570 2155 minime
3636 2112 3767 2155 sunt

2189 2195 2463 2263 perducta.
2497 2194 2672 2262 Ipsum
2716 2208 2843 2262 ergo
2889 2196 3029 2261 quod
3072 2192 3226 2245 nobis
3255 2192 3544 2260 capitulare
3574 2206 3765 2258 porre-

2188 2294 2332 2339 ctum
2364 2295 2464 2349 est,
2501 2285 2583 2338 his
2625 2284 2843 2338 fecimus
2874 2285 3058 2337 subter
3087 2284 3318 2337 annecti.
3347 2280 3555 2350 Aguitis
3587 2281 3770 2349 itaque

2190 2376 2435 2430 omnibus
2458 2389 2520 2429 ac
2547 2375 2821 2439 discussis,
2847 2374 2893 2428 si
2934 2375 3003 2426 ita
3035 2373 3169 2442 apud
3199 2382 3249 2427 te
3272 2387 3413 2437 esse,
3464 2382 3523 2426 ut
3566 2387 3760 2440 sugge-

2190 2476 2333 2522 stum
2380 2475 2484 2533 est,
2515 2467 2787 2521 manifesta
2819 2467 3042 2519 veritate
3091 2464 3375 2533 patuerint,
3430 2464 3646 2517 fratrem
3699 2473 3753 2517 et

2194 2558 2568 2626 coepiscopum
2598 2564 2836 2610 nostrum
2865 2557 3211 2610 Marinianum
3239 2556 3387 2610 adire
3415 2564 3465 2609 te
3488 2556 3753 2620 volumus,

2195 2660 2424 2713 eumque
2466 2644 2639 2699 modis
2680 2644 2927 2698 omnibus
2955 2644 3251 2711 adhortari,
3305 2652 3365 2697 ut
3413 2642 3495 2698 his
3537 2658 3765 2712 quorum

2194 2735 2246 2787 in
2280 2735 2594 2803 peragendis
2632 2735 2856 2803 negotiis
2899 2733 3154 2787 Ecclesia:
3203 2734 3370 2801 ipsius
3400 2733 3655 2789 interesse
3684 2734 3769 2786 di-

2194 2825 2466 2893 gnoscitur
2496 2868 2512 2892 ,
2561 2824 2753 2879 debeat
2806 2824 3093 2893 deputare,
3147 2835 3438 2893 quatenus,
3486 2825 3764 2893 perpensis

2194 2915 2440 2969 omnibus
2466 2928 2587 2968 cum
2609 2913 2864 2984 praedicto
2890 2915 3005 2967 viro
3031 2914 3097 2968 de
3125 2914 3206 2968 his
3232 2930 3351 2985 qua:
3375 2922 3513 2969 mota
3547 2915 3769 2984 fuerint,

2195 3006 2560 3060 ecclesiastica
2590 3006 2725 3060 inter
2754 3020 2811 3059 se
2837 3005 3065 3060 debeant
3089 3007 3469 3075 tranquillitate
3499 3008 3770 3062 decidere.

517 3101 684 3165 pulsi,
716 3101 838 3169 quia
854 3110 1127 3168 quantum
1158 3113 1239 3157 est
1287 3103 1352 3156 ad
1400 3114 1598 3159 nostra:
1629 3105 1959 3159 auctoritatis
2006 3106 2062 3171 ju
2116 3094 2163 3158 C
2200 3094 2295 3148 Si"
2326 3108 2457 3148 vero
2486 3093 2746 3162 elegerint
2797 3094 3155 3159 renitendum,
3187 3096 3510 3164 experientia
3546 3106 3631 3149 tua
3676 3097 3774 3149 im-

516 3192 743 3257 dicium,
772 3194 838 3248 de
878 3196 988 3250 suis
1019 3194 1262 3250 volumus
1305 3205 1361 3249 ut
1397 3195 1626 3251 debeant
1673 3195 1871 3251 habere
1906 3204 2088 3266 pasto-

520 3296 656 3338 rem.

1017 3384 1041 3410 ³
1075 3377 1401 3433 EPISTOLA
1442 3378 1584 3433 XVI.

793 3482 857 3520 Αῐ)
897 3480 1148 3522 ΡΑςεινωι
1189 3483 1463 3523 ΡΙΒΜΑΝυὶΙ
1504 3483 1809 3523 ΕΡΙΞΟΟΝᾺΙ.

518 3554 734 3610 Ραδείυο
764 3566 819 3609 ut
848 3558 1206 3610 monasterium
1236 3560 1286 3611 in
1305 3560 1549 3612 honorem
1574 3562 1735 3612 sancti
1764 3560 1941 3613 Savini
1969 3575 2091 3614 con-

785 3637 943 3679 secret
967 3628 1170 3680 mandat
1200 3631 1291 3682 sub
1313 3640 1551 3682 consueta
1582 3630 1824 3698 formula.

587 3717 874 3786 Gregorius
900 3718 1120 3773 Passivo
1156 3720 1406 3787 episcopo
1437 3721 1703 3776 Firmano.

591 3805 865 3870 Proculus,
900 3807 1157 3861 diaconus
1186 3808 1437 3862 Ecclesia:
1485 3809 1512 3847 δ
1556 3811 1853 3873 Asculanus,
1892 3812 2088 3878 petito-

515 3898 595 3948 ria
625 3896 779 3949 nobis
818 3896 1174 3951 insinuatione
1216 3898 1478 3966 suggessit
1517 3899 1567 3951 in
1613 3898 1778 3953 fundo
1804 3899 2091 3958 Gressiano

512 3988 646 4053 juris
675 3988 753 4039 sui
778 3990 1154 4041 monasterium
1180 4002 1236 4041 se
1263 4003 1357 4055 pro
1381 4003 1475 4042 sua
1503 3990 1783 4046 devotione
1807 3992 2083 4057 fundasse,

512 4078 738 4144 quodin
768 4079 1020 4133 honorem
1054 4082 1220 4133 sancti
1274 4078 1455 4133 Savini
1505 4083 1751 4151 martyris
1812 4082 2087 4138 desiderat

516 4168 839 4221 consecrari.
867 4168 934 4221 Et
961 4168 1101 4235 ideo,
1133 4167 1295 4222 frater
1323 4168 1655 4235 charissime,
1688 4172 1733 4224 si
1770 4171 1820 4224 in
1861 4179 1963 4226 ture
1995 4189 2088 4242 pa-

515 4258 719 4311 rochias
738 4268 1029 4312 memorata
1073 4259 1401 4312 constructio
1436 4258 1557 4326 jure
1595 4261 1859 4327 consistit,
1890 4271 1944 4315 et
1974 4264 2089 4317 nul-

516 4352 621 4404 lum
668 4367 861 4420 corpus
912 4352 1105 4406 ibidem
1134 4362 1341 4406 constat
1373 4350 1666 4416 humatum,
1703 4363 1950 4423 percepta
1984 4356 2087 4423 pri-

516 4445 675 4498 initus
729 4444 1017 4499 donatione
1076 4443 1331 4513 legitima,
1378 4444 1429 4498 id
1474 4454 1558 4501 est
1590 4455 1611 4481 ο
1664 4447 1925 4500 conduma
1958 4463 2083 4514 una,

2199 3185 2401 3238 mineat
2424 3184 2816 3252 essejudicium
2850 3203 2861 3236 :
2894 3195 2948 3240 et
2978 3185 3234 3255 quidquid
3271 3186 3601 3254 cognitorum
3634 3188 3775 3241 inter

2198 3287 2293 3327 eos
2323 3274 2482 3327 fuerit
2527 3275 2789 3328 sententia
2822 3273 3120 3339 definitum,
3155 3282 3207 3329 te
3234 3274 3424 3329 debeat
3450 3287 3774 3343 exsequente

2198 3366 2487 3433 compleri;
2519 3380 2584 3419 ne
2610 3366 2831 3420 diutinis
2863 3367 3307 3433 protractionibus
3334 3367 3494 3420 dilata
3536 3382 3775 3436 pauper-

2202 3467 2282 3509 tas
2314 3455 2568 3510 Ecclesia:
2594 3456 2782 3526 ipsius,
2828 3456 3075 3521 diversis,
3099 3457 3235 3512 sicut
3257 3456 3365 3525 jam
3400 3455 3598 3511 factum
3627 3472 3773 3512 asse-

2201 3548 2293 3610 rit,
2321 3547 2615 3615 dispendiis
2646 3548 2972 3616 ingravetur.

2266 3635 2523 3690 lndicavit
2565 3637 2724 3691 etiam
2754 3636 2904 3690 nobis
2937 3636 3104 3703 (Grai.
3137 3635 3224 3702 16,
3258 3653 3308 3704 q.
3343 3635 3395 3699 5,
3424 3652 3470 3687 c.
3501 3636 3577 3703 5),
3625 3635 3765 3704 quod

2195 3726 2414 3794 quidam
2463 3725 2851 3796 Exuperantius
2895 3726 3176 3795 episcopus
3232 3738 3360 3779 ausu
3396 3725 3675 3780 temerario
3716 3726 3770 3779 in

2196 3815 2419 3871 dioecesi
2466 3816 2633 3885 ipsius
2681 3818 2971 3870 oratorium
3020 3815 3400 3883 construxerit,
3451 3816 3610 3884 idque
3656 3818 3771 3871 sine

2195 3908 2445 3976 praecepti
2474 3907 2789 3961 auctoritate
2810 3917 2993 3960 contra
3025 3920 3228 3959 morem
3254 3907 3650 3973 priesumpserit
3676 3906 3769 3959 de-

2190 3997 2390 4061 dicare,
2425 3998 2722 4067 missasque
2770 3997 2879 4050 illic
2911 3996 3150 4063 publicas
3198 3995 3478 4050 celebrare
3518 4011 3622 4049 non
3659 4011 3770 4049 iue-

2190 4088 2311 4142 tuit.
2346 4089 2513 4154 Quam
2546 4103 2659 4142 rem
2703 4104 2821 4141 cum
2857 4101 3063 4139 summa
3097 4097 3147 4139 te
3188 4085 3462 4141 celeritate
3495 4101 3555 4140 ac
3583 4086 3766 4139 distri-

2188 4178 2365 4233 CIione
2389 4178 2637 4234 convenit
2679 4177 2989 4243 emendare,
3047 4191 3113 4231 ne
3144 4176 3366 4231 ulterius
3422 4176 3526 4229 tale
3578 4175 3765 4243 aliquid

2187 4276 2448 4321 attentare
2501 4268 2796 4335 permittas.
2845 4265 3149 4319 Oratorium
3192 4278 3319 4317 vero
3379 4264 3520 4332 quod
3573 4266 3644 4318 ab
3691 4266 3767 4318 in-

2183 4357 2507 4426 competenti
2543 4370 2771 4427 persona
2799 4356 3062 4425 repereris
3085 4369 3203 4409 esse
3225 4362 3616 4417 constructum,
3648 4354 3763 4407 huic

2184 4466 2303 4507 cum
2336 4451 2551 4521 proprio
2584 4462 2633 4504 te
2663 4451 2903 4504 volumus
2942 4447 3216 4517 episcopo.
3247 4447 3292 4501 si
3322 4462 3427 4511 res,
3454 4457 3509 4500 ut
3552 4446 3747 4499 dictum

517 4603 672 4655 fuerit
715 4599 1021 4667 pontificum
1053 4600 1198 4653 zelus
1226 4602 1275 4652 in
1307 4598 1682 4671 conquirendis
1714 4598 1867 4671 bonis
1895 4613 2081 4666 opera-
2112 4602 2163 4662 D
2187 4612 2237 4656 et
2265 4599 2497 4657 Colbert.
2529 4602 2729 4671 legitur
2752 4598 2991 4653 Ecclesia:
3020 4600 3301 4654 Asculariw
3336 4614 3430 4665 pro
3480 4601 3765 4671 Asculana’.

516 4674 608 4723 riis
632 4711 647 4731 ,
688 4685 805 4738 qua:
840 4672 1097 4739 bonorum
1135 4685 1258 4722 cura
1292 4671 1345 4721 in
1400 4668 1661 4736 fugiendis
1720 4668 1862 4721 hisce
1913 4671 2083 4739 digni-

515 4737 737 4805 tatibus,
780 4741 898 4807 quis
926 4737 1155 4806 denique
1182 4740 1570 4794 mundanorum
1593 4752 1781 4792 sensus
1797 4739 1937 4792 circa
1958 4737 2087 4794 iStas

515 4813 895 4878 proinotiones.
920 4808 1183 4878 Gussaav.

589 4888 613 4914 θ
656 4880 725 4932 lta
757 4880 883 4932 Mss.
919 4877 1111 4941 Vatic.,
1165 4877 1371 4942 Norm.,
1414 4876 1646 4945 Remig.,
1698 4884 1825 4941 etc.,
1880 4892 2000 4932 cum
2034 4877 2086 4933 in

518 4948 687 5003 Editis
717 4950 940 5018 legatur,
965 4958 1012 5018 et
1041 4950 1255 5018 peccatis
1301 4947 1621 5018 facientibus,
1647 4947 1841 4998 nullus.

586 5014 923 5072 trtserVl
964 5014 1069 5087 [Αἰ.
1104 5017 1216 5087 20].
1262 5014 1333 5056 -ὲ-
1372 5024 1409 5087 Λα
1452 5017 1616 5087 Abest
1674 5031 1884 5084 quoque
1926 5014 2087 5080 epist.

519 5090 631 5141 lucc
658 5104 685 5140 a
715 5088 894 5142 Norm.
919 5083 981 5141 et'
1018 5083 1249 5154 Anglic,
1285 5085 1385 5140 etsi
1433 5083 1733 5151 reperiatur
1782 5087 1833 5137 in
1864 5095 2093 5153 quatuor

513 5159 776 5222 tiolbert.,
818 5159 870 5213 in
921 5156 1152 5227 quinque
1183 5155 1382 5222 Velie...
1429 5164 1655 5224 utroque
1687 5154 1858 5207 Rheni
1890 5165 1943 5209 et
1989 5154 2096 5209 Tu-

514 5245 632 5281 run.

586 5298 612 5335 b
651 5295 925 5355 Asculum,
972 5294 1128 5361 vulgo
1156 5294 1347 5358 Ascoti,
1396 5294 1646 5348 Picenum
1696 5293 1821 5347 olim
1868 5292 2094 5357 dictum,

513 5369 577 5419 ad
609 5366 958 5420 differentiam
990 5364 1189 5427 Asculi,
1218 5367 1354 5432 quod
1396 5364 1621 5431 Apulum
1648 5378 1739 5416 seu
1769 5364 2092 5427 Satriauum,

515 5438 670 5502 vulgo
695 5437 864 5487 Λειοιὶ
891 5436 945 5486 di
994 5434 1262 5497 Satriano,
1315 5434 1610 5488 dicebatur.
1664 5433 1898 5486 Primum
1950 5434 2091 5484 enim

515 5506 799 5570 provincia:
833 5503 1007 5555 Piceni
1039 5514 1180 5563 erat;
1229 5504 1517 5557 secundum
1547 5518 1674 5557 vero
1719 5502 1925 5569 Apuliae
1960 5503 2094 5570 Dan-

516 5569 637 5623 nizu.
664 5573 800 5625 Urbs
829 5581 910 5622 est
933 5572 1195 5638 hodieque
1234 5573 1550 5640 episcopalis
1583 5572 1835 5624 Marchim
1861 5569 2095 5625 Aneoni-

514 5653 672 5706 tamn,
705 5641 943 5691 Romano
972 5643 1206 5705 pontifici
1237 5642 1465 5697 subdita.
1516 5640 1865 5697 Cossum-lu
1897 5641 2091 5695 Turon.

2266 4682 2288 4709 ε
2330 4672 2463 4737 Quid
2492 4672 2559 4725 sit
2588 4669 2865 4725 ‘coudutna
2892 4681 3069 4739 repete
3101 4685 3166 4723 ex
3199 4680 3319 4724 nota
3347 4671 3397 4736 b,
3428 4672 3478 4723 in
3512 4672 3668 4737 epist.
3704 4669 3767 4721 id

2192 4742 2281 4796 lib.
2318 4758 2390 4804 XI,
2441 4743 2625 4795 indict.
2658 4740 2711 4796 4.

2264 4808 2291 4846 ἀ
2334 4812 2388 4865 In
2416 4821 2643 4876 quatuor
2664 4810 2834 4865 Vatic.
2858 4818 2911 4863 et
2941 4809 2994 4862 in
3013 4807 3272 4873 Colbert.,
3297 4817 3576 4861 (erantcum
3603 4808 3767 4875 capita

2228 4897 2432 4933 umaue.

2192 4898 2608 5004 quznqllt‘teValic.
2642 4949 2684 5001 D
2727 4956 2781 5003 et
2827 4947 3017 5001 Rhem.
3071 4946 3158 4999 ubi
3205 4947 3461 5015 presbyter
3492 4948 3770 4999 monasterii

2200 5019 2470 5089 fundatur.

2279 5087 2299 5127 ι
2344 5090 2396 5141 In
2425 5088 2686 5147 Colbert.,
2733 5102 2902 5139 mense
2930 5086 3207 5139 Januario.

2277 5159 2453 5211 Eris'r.
2500 5156 2637 5210 XVII
2682 5155 2940 5227 [41.21].
2970 5185 3064 5227 τί
3095 5164 3120 5190 ⁸
3162 5154 3293 5208 Huic
3347 5153 3587 5227 ep_istol:e
3628 5170 3771 5227 prte-

2204 5229 2450 5293 mittitur,
2478 5237 2585 5278 tum
2617 5224 2901 5279 in‘duohus
2951 5224 3211 5284 Colbert.,
3271 5224 3459 5276 tumin
3512 5225 3769 5291 plerisque

2209 5298 2374 5350 Vatic.
2396 5337 2410 5359 ,
2439 5312 2605 5349 mense
2652 5294 2934 5358 Decembri,
2982 5294 3163 5347 indict.
3197 5292 3257 5355 6;
3292 5304 3345 5345 et
3376 5303 3559 5360 postea
3612 5310 3772 5345 mense

2200 5365 2471 5429 Januario,
2501 5365 2679 5417 indict.
2704 5365 2756 5416 6.
2785 5365 3031 5431 Cumque
3058 5364 3175 5415 dua:
3224 5362 3325 5414 illa":
3358 5364 3613 5428 temporis
3645 5374 3776 5415 notat

2201 5436 2353 5489 unius
2382 5435 2725 5500 ejusdemque
2768 5435 3008 5499 epistolae
3063 5447 3182 5485 esse
3233 5446 3336 5484 non
3372 5434 3595 5497 possint.
3653 5432 3777 5485 forte

2202 5506 2349 5572 prior
2375 5504 2438 5557 ad
2470 5503 2796 5570 superiorem
2829 5503 3107 5567 epistolam
3139 5503 3389 5572 pertinet,
3421 5510 3477 5556 et
3518 5504 3778 5573 posterior

2203 5574 2269 5629 ad
2304 5576 2438 5631 hanc
2469 5574 2727 5630 decimam
2763 5573 3067 5641 septimam.

2581 5744 2633 5757 'QI'
2698 5742 2706 5747 ⁵
2738 5750 2763 5757 »ν
