3956 6340
250 253 274 302 1
289 248 393 301 273

243 370 348 424 est,
374 360 446 415 ita
466 375 524 417 se
555 361 750 418 habere
779 366 1099 433 constiterit,
1123 372 1238 426 sine
1270 388 1415 429 mora
1439 376 1613 447 aliqua
1640 381 1810 436 refor-

237 463 416 505 mare.

760 542 1088 601 EPISTOLA
1128 547 1315 603 XVIII.

576 645 643 686 AD
672 648 906 694 QUOSDAM
937 651 1137 693 SICILIJE
1178 657 1473 697 EPISCOPOS.

238 719 523 771 Adrianum
555 724 846 786 patrimonii
881 736 1123 801 rectorem
1161 733 1499 784 commendat.
1535 733 1815 801 Episcopo;

312 792 547 872 adiuuaret
573 807 653 852 ne,
688 808 802 843 cum
825 795 896 844 ad
915 796 1131 872 infantes
1146 801 1529 872 Δεοηείθηαιιάοιι
1551 792 1818 872 egrediun-

311 867 415 920 tur,
447 860 694 919 subiectos
723 877 841 914 suos
872 864 1005 915 ultra
1037 867 1242 918 modum
1270 860 1500 933 gravent.

312 948 597 1012 Gregorius
629 950 814 1014 Leoni,
845 953 1168 1020 Secundino,
1217 956 1429 1024 Joannl,
1484 961 1652 1029 Dono,
1702 965 1816 1020 Lu-

237 1038 380 1102 cido,
417 1038 665 1106 Trojano,
704 1042 966 1110 episcopis
993 1043 1208 1100 Sicilim.

312 1129 459 1184 Sicut
501 1145 598 1184 nos
624 1132 775 1185 nobis
818 1134 1039 1189 invicem
1073 1145 1097 1171 α
1133 1137 1391 1207 spiritalia
1423 1157 1516 1210 per
1540 1149 1811 1214 apostolo-

236 1235 353 1273 rum
371 1223 662 1276 orationem
681 1225 1296 1297 admonemurimpertiri
1312 1233 1554 1303 sulI'ragia
1567 1279 1579 1299 ,
1606 1242 1808 1312 1231

237 1307 310 1361 ita
342 1309 394 1362 in
420 1310 501 1363 bis
531 1325 650 1379 quae
683 1313 997 1370 necessitate
1025 1317 1246 1386 injuncti
1275 1323 1544 1392 regiminis
1573 1343 1666 1393 pro
1689 1307 1810 1384 dis—-

237 1401 548 1466 pensatione
580 1417 756 1456 rerum
784 1419 1073 1474 pauperum
1104 1409 1212 1464 Deo
1255 1426 1349 1480 per
1374 1430 1467 1468 ιιος
1495 1416 1688 1471 fuerint
1716 1436 1809 1474 au-

237 1499 388 1543 ctore
435 1490 690 1559 disposita
723 1495 1072 1551 sacerdotalia
1103 1499 1317 1568 dignum
1356 1514 1437 1557 est
1464 1509 1648 1561 solatia
1705 1526 1807 1565 non

230 1580 438 1635 deesse.
487 1583 732 1638 Latorem
784 1585 1048 1655 siquidem
1104 1594 1445 1658 praesentium
1495 1598 1804 1666 Adrianum,

227 1670 611 1726 chartularium
636 1683 895 1742 nostrum,
925 1678 988 1732 ad
1014 1682 1300 1747 regendum
1329 1684 1582 1740 Ecclesiae
1610 1705 1804 1745 nosne

228 1765 626 1831 patrimonium,
659 1767 1111 1837 Syracusanarum
1149 1773 1397 1829 videlicet
1442 1780 1689 1845 partium,
1715 1783 1799 1834 di-

227 1853 503 1923 rigentes,
556 1856 870 1913 fraternitati
927 1871 1116 1914 vestra:
1199 1866 1496 1922 necessario
1555 1872 1800 1925 duximus

224 1946 727 2014 commendandum,
753 1957 831 2013 ut,
864 1951 914 2004 in
966 1966 1070 2020 quo
1111 1967 1235 2008 usus
1268 1960 1523 2026 exegerit,
1565 1959 1591 1998 δ
1628 1974 1799 2018 vestra

227 2037 278 2089 ei
306 2038 493 2091 solatia
522 2041 830 2107 conferatis,
877 2055 1138 2112 quatenus
1169 2047 1294 2101 dum
1326 2058 1378 2103 et
1420 2050 1483 2103 ad
1535 2055 1797 2118 agendum

225 2143 319 2193 per
346 2143 439 2181 vos
468 2131 850 2200 corporalibus,
886 2144 933 2186 et
962 2134 1025 2186 ad
1071 2135 1375 2191 facilitatem
1402 2141 1646 2208 explendi
1680 2161 1798 2212 qua:

224 2222 447 2283 emperit
475 2221 798 2287 spiritalibus
828 2225 1125 2278 orationum
1169 2226 1327 2281 fuerit
1358 2228 1522 2285 fultus
1565 2235 1795 2300 auxiliis,

225 2324 478 2377 prospere
502 2325 561 2364 ea
589 2327 702 2381 qum
727 2328 755 2365 a
784 2313 936 2367 nobis
962 2317 1010 2369 ei
1041 2317 1274 2385 injuncta
1293 2333 1415 2375 sunt
1445 2323 1551 2376 Deo
1581 2341 1793 2396 quoque

224 2398 398 2452 valeat
426 2412 739 2469 cooperante
768 2403 1040 2471 perﬁcere.
1101 2407 1459 2479 Vosmetipsos
1505 2427 1680 2469 autem
1720 2417 1792 2472 ita

225 2498 349 2541 ante
377 2500 716 2556 conspectum
753 2494 1133 2561 omnipotentis
1160 2497 1252 2552 Dei
1281 2499 1331 2551 in
1361 2501 1514 2555 bonis
1539 2505 1792 2570 operibus

223 2577 436 2634 debetis
480 2582 750 2647 exuit-ere,
799 2593 854 2637 ut
885 2581 1109 2640 inveniri
1153 2587 1205 2640 in
1239 2599 1413 2644 vestra
1462 2593 1666 2647 actione
1697 2611 1792 2649 ne-

223 2679 383 2738 queat
410 2673 549 2739 quod
579 2674 660 2728 vel
692 2675 798 2728 Deo
823 2674 1001 2744 judice
1046 2679 1272 2743 percuti,
1305 2681 1385 2734 vel
1422 2683 1660 2750 quolibet
1692 2685 1789 2739 bo-

223 2761 366 2815 mine
389 2761 668 2818 insidiante
709 2767 880 2820 valeat
908 2768 1166 2822 accusari.
1207 2768 1336 2822 Nam
1369 2771 1539 2827 eidem
1574 2776 1790 2841 praefato

221 2851 544 2906 cbartulario
597 2865 780 2909 nostro
811 2856 1130 2925 injunximus
1162 2869 1218 2912 ut
1245 2859 1288 2913 si
1316 2877 1415 2930 qua
1446 2863 1511 2917 de
1539 2880 1790 2920 reveren-

216 2938 450 2994 dissimis
493 2944 740 3000 fratribus
772 2949 965 3001 nostris
1009 2950 1272 3018 episcopis
1325 2953 1623 3010 inordinate
1668 2967 1786 3014 acta

213 3036 543 3102 cognoverit,
573 3039 716 3105 prius
743 3040 950 3108 quidem
993 3053 1192 3095 secreta
1224 3060 1284 3097 ac
1321 3047 1560 3101 modesta
1585 3051 1779 3105 adhor-

213 3125 411 3179 tatione
443 3126 553 3192 ipse
582 3129 832 3195 corripiat
865 3145 878 3182 :
904 3114 1021 3198 quae
1045 3129 1086 3183 si
1119 3131 1189 3184 ita
1219 3135 1500 3189 emendata
1531 3153 1634 3192 non
1666 3140 1777 3196 fue-

211 3212 337 3277 rint,
368 3214 522 3267 nobis
549 3217 795 3271 celeriter
819 3219 1140 3274 innotescat.

279 3302 540 3358 Prtetcrea
569 3307 788 3362 relatum
818 3320 898 3362 est
945 3312 1094 3366 nobis
1128 3311 1323 3382 (Grat.,
1348 3333 1489 3369 caus.
1519 3317 1604 3382 IO,
1634 3338 1684 3389 ιι.
1725 3320 1778 3388 5,

205 3408 253 3446 e.
301 3393 378 3462 9),
410 3406 604 3450 sanctae
644 3401 913 3452 memoria:
965 3402 1258 3459 decessoris
1308 3408 1410 3460 mei
1461 3412 1782 3476 temporibus

209 3499 308 3550 per
365 3485 672 3544 Servumdei
703 3489 1004 3556 diaconum,
1050 3495 1138 3562 qui
1183 3496 1292 3563 jam
1347 3506 1471 3552 tunc
1528 3501 1779 3555 ecclesia-

203 3575 322 3628 stici
350 3577 648 3644 patrimonii
680 3595 859 3634 curam
883 3585 1065 3650 gessit,
1107 3583 1267 3640 fuisse
1313 3589 1626 3655 diSp0~IlllllI
1661 3604 1682 3631 ε
1723 3604 1781 3649 ut

202 3668 511 3723 sacerdotes
556 3686 648 3738 per
675 3673 909 3726 diversas
939 3685 1141 3730 vestras
1185 3678 1441 3734 dimceses
1485 3685 1776 3753 constituti,

202 3757 410 3822 quoties
440 3758 504 3811 ad
534 3761 923 3826 consignandos
975 3763 1202 3821 infantes
1250 3770 1586 3836 egredimini,
1639 3776 1776 3829 ultra

207 3848 421 3901 modum
453 3851 658 3918 gravari
711 3852 931 3908 minime
978 3855 1304 3912 debuissent.
1366 3860 1582 3914 Summa
1634 3865 1776 3919 enim

201 3936 418 4001 prazlixa
447 3937 635 4004 fuerat,
664 3941 841 4009 vobis,
879 3953 934 3995 ut
960 3945 1135 4010 audio,
1168 3951 1639 4015 consentientibus,
1659 3970 1777 4022 qua:

201 4025 272 4078 ab
319 4025 519 4080 eisdem
553 4030 914 4086 sacerdotibus
949 4049 1041 4100 pro
1087 4035 1266 4090 labore
1295 4040 1611 4095 clericorum
1661 4044 1774 4099 dari

198 4117 489 4172 debuisset.
522 4118 694 4188 Atque
724 4123 822 4176 hoc
852 4124 991 4190 quod
1024 4134 1147 4180 tunc
1199 4129 1411 4195 placuit,
1447 4147 1612 4198 nunc,
1639 4135 1775 4188 sicut

196 4206 413 4272 dicitur,
465 4211 678 4265 minime
729 4212 1040 4266 custoditur.
1088 4215 1237 4272 Unde
1269 4219 1652 4276 fraternitatem
1687 4242 1774 4279 ve-

196 4307 362 4351 stram
399 4299 658 4353 admoneo
687 4309 742 4354 nt
788 4303 1042 4371 subjectis
1071 4307 1262 4361 vestris
1293 4325 1480 4377 graves
1526 4329 1629 4366 non
1663 4325 1772 4368 stu-

197 4389 368 4443 deatis
390 4391 634 4455 existere,
663 4392 756 4446 sed
783 4394 826 4448 si
852 4410 952 4464 qua
971 4406 1092 4450 sunt
1112 4400 1412 4465 gravamina
1443 4405 1767 4470 temperetis,

952 254 1431 318 EPISTULARI'M
1471 265 1597 321 LIB.
1641 266 1776 324 XIII.
1806 276 2141 336 —INlllCT.
2183 285 2268 337 VI.
2308 315 2376 325 -—-
2421 288 2630 345 EPIST.
2676 294 2792 350 XX.

3369 309 3515 362 ten

1840 390 1892 449 Α
1919 391 2038 456 quia
2070 407 2168 446 nec
2196 396 2262 449 ab
2293 413 2358 450 eo
2383 404 2521 467 quod
2563 408 2723 459 semel
2761 411 3036 468 deﬁnitum
3085 426 3165 471 est
3207 418 3498 477 deﬂectere

1927 481 2202 538 debuistis.
2255 489 2458 543 Etenim
2515 495 2565 547 in
2608 497 2778 552 lutura
2831 514 2884 555 et
2939 507 2988 558 in
3045 515 3288 573 przesenti
3347 514 3502 580 νυὶιίς

1925 572 2029 625 vita
2056 577 2373 645 prospicitis,
2408 584 2452 636 si
2493 600 2585 639 eos
2616 591 2701 656 qui
2737 591 2882 646 vobis
2921 601 3188 653 commissi
3229 615 3350 657 sunt
3381 606 3494 662 sine

1923 669 2229 730 gravamine
2259 678 2607 730 conservatis.

2447 766 2773 824 EPISTOLA
2816 773 2954 828 XIX.

2512 875 2579 911 AD
2615 877 2896 918 JllLIANUII.

1918 938 2307 1030 Dissimulatom
2335 949 2396 1030 ab
2428 949 2518 1002 illo
2566 969 2626 1006 ea:
2668 959 2963 1030 verecundia
2992 960 3217 1029 inopiam
3245 968 3488 1030 queritur.

1985 1012 2290 1133 gonstructo
2335 1019 2544 1075 Catana:
2587 1029 2898 1080 monasterio
2925 1033 3012 1082 dat
3055 1012 3269 1086 solidos1
3293 1012 3488 1090 animo;

2021 1099 2171 1133 ecem.

2021 1099 2171 1140 εεεηι.

1987 1172 2272 1241 Gregorius
2309 1178 2541 1236 Juliano.

1985 1260 2180 1316 Gloriae
2209 1277 2398 1322 vestra:
2454 1274 2650 1341 scripta
2695 1279 3009 1346 suscipiens,
3062 1282 3282 1350 legenda
3334 1283 3486 1339 laetus

1913 1354 2114 1418 aperui,
2147 1359 2237 1409 sed
2271 1360 2435 1414 tristis
2466 1368 2694 1429 perlecta
2744 1370 3012 1437 replicavi.
3071 1373 3124 1424 In
3170 1372 3247 1425 eis
3292 1374 3486 1441 quippe

1910 1440 2184 1497 dicebatur
2211 1448 2348 1514 quod
2383 1452 2596 1516 pudoris
2624 1470 2781 1510 causa
2817 1460 2968 1512 fuerit
2997 1461 3124 1514 mibi
3155 1477 3247 1514 vos
3275 1440 3334 1514 ea
3359 1440 3478 1531 quae

1911 1531 2131 1588 dicenda
2163 1547 2314 1591 erant
2339 1547 2575 1608 tempore
2600 1545 2756 1612 longo
2787 1552 3033 1604 tacuisse.
3051 1551 3130 1606 .Et
3159 1562 3364 1607 certum
3395 1562 3482 1608 est

1909 1626 2027 1691 quia
2059 1625 2232 1680 mitius
2277 1641 2485 1684 amatur
2539 1635 2628 1701 qui
2680 1638 2854 1690 adhuc
2902 1639 3251 1694 erubescitur.
3309 1647 3482 1708 Atque

1909 1716 2212 1770 omnimodo
2240 1725 2587 1777 contristatus
2631 1742 2769 1792 sum,
2808 1731 3015 1799 1232
3045 1735 3164 1799 quia
3195 1749 3279 1786 me
3313 1749 3342 1786 a
3388 1749 3480 1785 vo-

1906 1803 1983 1857 bis
2013 1811 2244 1874 comperi
2279 1813 2452 1865 minus
2477 1831 2634 1879 quam
2659 1819 3033 1873 mstimaverim
3062 1822 3248 1874 amari.
3287 1821 3338 1874 In
3373 1823 3472 1876 hoc

1902 1904 2077 1949 auth
2122 1900 2276 1954 valde
2308 1912 2333 1939 λ
2387 1919 2472 1957 me
2521 1910 2826 1975 continetis,
2879 1914 2922 1964 si
2975 1915 3235 1967 mercedis
3289 1930 3477 1968 causas

1903 1987 2031 2040 mihi
2055 1990 2267 2044 assidue
2301 1995 2658 2060 providendas
2689 2001 2922 2054 studiose
2947 2004 3238 2068 requiritis.
3258 2004 3363 2057 Nec
3378 2021 3474 2056 vo-

1903 2078 1982 2133 bis
2011 2080 2170 2135 debet
2198 2098 2316 2138 esse
2345 2089 2675 2142 verecundiae
2714 2091 2762 2144 ei
2791 2090 2985 2158 aliquid
3015 2094 3082 2146 de
3122 2095 3473 2165 eleemosynis

1899 2168 2199 2234 importunae
2228 2174 2425 2238 dicere,
2449 2193 2603 2246 quem
2653 2189 2860 2234 constat
2907 2198 3009 2235 non
3043 2197 3127 2237 res
3176 2198 3321 2246 suas,
3375 2185 3469 2237 sed

1898 2258 1963 2310 ad
1996 2261 2408 2324 dispensandum
2468 2283 2554 2320 res
2601 2284 2888 2336 pauperum
2922 2273 3136 2325 habere.
3197 2274 3268 2327 De
3295 2275 3469 2327 causis

1899 2349 2073 2418 itaque
2099 2351 2124 2388 b
2156 2358 2414 2410 mercedis
2442 2360 2577 2424 apud
2609 2362 2912 2428 episcopum
2960 2365 3122 2418 libere
3164 2379 3325 2433 agere
3375 2367 3467 2418 de-

1898 2438 2106 2506 buistis,
2133 2445 2336 2498 etiamsi
2367 2461 2539 2498 meum
2585 2452 2820 2502 animum
2853 2454 3020 2517 qualis
3069 2455 3118 2505 in
3151 2468 3330 2505 amore
3376 2469 3469 2506 ve-

1895 2537 2006 2582 stro
2037 2532 2290 2586 existeret
2320 2535 2608 2591 nesciretis.
2655 2539 2938 2606 Postquam
2971 2542 3108 2594 enim
3139 2549 3192 2594 et
3220 2557 3316 2596 nos
3353 2560 3468 2596 om-

1896 2619 2024 2671 nino
2083 2620 2306 2688 gloriam
2356 2635 2588 2679 vestram
2645 2629 2933 2697 diligimus,
2979 2640 3032 2684 et
3085 2632 3466 2699 dispensatoris

1895 2707 2066 2764 locum
2098 2711 2149 2763 in
2195 2714 2370 2780 rebus,
2402 2717 2537 2769 sicut
2567 2718 2733 2783 scitis,
2767 2737 3054 2788 pauperum
3083 2732 3341 2786 tenemus,
3377 2741 3466 2778 ve-

1890 2809 2019 2868 stra,
2053 2803 2240 2868 fateor,
2269 2808 2586 2860 verecundia
2613 2809 2769 2863 valde
2797 2813 3108 2865 accusabilis
3145 2814 3256 2866 fuit.
3292 2814 3457 2877 Quam

1891 2889 2012 2943 ideo
2039 2899 2115 2946 tot
2142 2895 2316 2947 verbis
2338 2895 2659 2964 increpando
2685 2900 2958 2966 insequor,
3006 2911 3061 2953 ut
3086 2903 3220 2955 banc
3246 2919 3271 2952 a
3296 2903 3457 2956 corde

1890 2993 2068 3035 vestro
2091 2983 2323 3038 funditus
2356 2989 2627 3053 repellam,
2657 2998 2710 3042 et
2739 2992 2788 3043 in
2815 2991 3071 3045 mercedis
3120 2993 3293 3044 causis
3341 3008 3458 3045 ma-

1888 3087 2044 3139 gnum
2077 3075 2322 3128 solatium
2353 3088 2540 3131 vestrm
2572 3082 2888 3144 provisionis
2919 3082 3160 3134 habeam.
3190 3083 3456 3136 Monaste-

1890 3163 1967 3215 rio
1996 3163 2170 3231 itaque
2201 3175 2399 3227 vestro,
2431 3170 2571 3235 quod
2622 3185 2647 3221 a
2682 3171 2830 3223 vobis
2887 3172 2936 3223 in
2986 3173 3268 3225 Catanensi
3329 3173 3457 3226 urbe

1886 3267 2247 3310 constructum
2271 3268 2370 3324 est,
2399 3275 2490 3327 per
2511 3260 2801 3314 Adrianum
2830 3261 3090 3315 notarium
3115 3273 3166 3315 et
3195 3272 3454 3316 rectorem

1885 3346 2203 3411 patrimonii,
2235 3349 2428 3402 emissa
2459 3352 2704 3419 prtecepti
2757 3353 2965 3420 pagina,
3018 3353 3200 3407 decem
3251 3368 3456 3406 annuos

1882 3436 2080 3489 solidos
2109 3437 2220 3490 dari
2253 3439 2652 3505 deputavimus,
2687 3457 2818 3508 quos
2856 3444 3081 3509 petimus
3108 3445 3222 3497 sine
3263 3444 3452 3511 injuria

1881 3526 2102 3592 suscipi,
2136 3527 2258 3595 quia
2289 3544 2391 3581 non
2427 3530 2538 3582 haec
2569 3531 2716 3583 vobis
2749 3541 2925 3585 nostra
2958 3532 3175 3596 oblatio,
3205 3535 3296 3587 sed
3326 3549 3445 3588 sar.

1881 3617 1948 3666 cti
2009 3613 2148 3669 Petri
2208 3617 2574 3685 apostolorum
2633 3621 2883 3689 principis
2939 3621 3238 3676 benedictio
3290 3621 3449 3677 oller-

1882 3710 1966 3755 tur
1998 3712 2046 3756 ο.

2417 3776 2742 3831 EPISTOLA
2785 3778 2902 3832 XX.

2106 3882 2175 3920 AD
2213 3880 2495 3922 ηοκοιιιυιι
2520 3885 2857 3924 TARENTINUM
2897 3887 3200 3927 EPISCOPUII.

2160 3958 2459 4013 Construrto
2489 3961 2776 4028 baptistrrio
2805 3964 2879 4015 uti
2920 3966 3183 4029 permittit.

1948 4045 2234 4114 Gregorius
2280 4057 2307 4085 ι
2344 4049 2579 4104 Honorio
2605 4051 2859 4120 episcopo
2890 4052 3197 4106 Tarentino.

1950 4134 2297 4189 Fraternitate
2341 4148 2427 4192 tua
2484 4141 2746 4195 indicante
2792 4142 3072 4195 didicimus
3123 4144 3173 4195 in
3233 4145 3448 4198 civitate

1879 4226 2180 4293 Tarentina,
2214 4228 2264 4280 in
2314 4245 2414 4296 qua
2467 4243 2695 4297 prmesse
2742 4231 3095 4299 dignosceris.
3129 4232 3178 4286 in
3228 4234 3448 4287 ecclesia

1879 4327 2080 4369 sancta:
2114 4317 2290 4369 Maria:
2340 4317 2706 4383 baptisterium
2739 4329 2790 4374 te
2831 4325 3038 4374 noviter
3065 4324 3446 4376 construxisse.

1881 4408 1947 4461 Et
1977 4411 2117 4474 ideo,
2146 4407 2311 4464 frater
2340 4410 2673 4478 charissime,
2723 4415 2968 4482 praesenti
2999 4414 3311 4468 auctoritate
3353 4427 3444 4466 su-

272 4526 446 4614 Er-tsr.
484 4527 659 4614 εινιιι
685 4528 791 4600 [ΑΙ.
833 4529 943 4614 2ἓ1.
966 4560 1054 4611 ⁸-
1082 4538 1107 4565 α
1142 4531 1356 4614 Excusi,
1389 4532 1766 4592 reluctantibus
1797 4544 1849 4603 Ι)
1873 4540 2064 4614 linem.
2097 4542 2405 4614 legitttrrme
2429 4544 2637 4614 colitisr
2660 4545 2931 4597 continere
2971 4553 3147 4597 autem
3176 4544 3259 4596 hic
3285 4544 3443 4614 signi.

199 4597 592 4668 MssaAnglicq
621 4597 826 4661 Νιῖιιιιιη
868 4597 1058 4666 Vittic.,
1091 4602 1350 4666 specialia.
1633 4660 1644 4668 _

273 4665 299 4702 δ
344 4666 595 4720 Mendose
636 4668 686 4720 in
717 4679 939 4733 recent.,
966 4665 1130 4722 vestra
1157 4672 1228 4722 eis
1272 4671 1476 4724 solatia.
1511 4665 1769 4730 Nimirum

197 4735 415 4788 Adriani
438 4739 604 4791 solius
644 4737 728 4791 hic
755 4739 808 4790 Iit
839 4741 1054 4793 mentio.

272 4813 297 4842 ο
342 4804 564 4875 vulgati,
606 4825 694 4875 per
723 4809 998 4863 universas.
1036 4809 1300 4864 Caeterum
1343 4813 1556 4866 nomine
1597 4826 1770 4868 sacer-

192 4872 380 4950 dotum
410 4874 510 4928 hoc
553 4872 668 4932 loco
697 4879 1030 4950 presbyteros
1078 4880 1320 4948 intelligit
1360 4881 1472 4934 sive
1501 4888 1764 4950 parocbos

193 4958 292 5011 per
320 4943 575 4999 dimov-ses
603 4943 935 5000 constitutos.
959 4947 1072 5001 Non
1104 4943 1376 5004 enim'vox
1407 4943 1630 5004 illa'tam
1665 4953 1761 5007 fuit

192 5012 567 5088 episcoporum
600 5018 830 5088 propria,
864 5026 922 5070 ut
950 5017 1273 5088 presbyteris
1334 5035 1436 5072 non
1484 5020 1641 5074 fuerit
1669 5023 1764 5075 ali-

188 5083 408 5157 quando
438 5084 650 5157 tributa,
675 5083 820 5157 quod
853 5087 1051 5157 criticis
1094 5083 1360 5157 nonnullis
1413 5090 1627 5157 placuit.
1681 5091 1765 5144 In-

189 5152 396 5224 noc.‘l,
437 5154 592 5220 epist.
623 5152 1045 5217 adVictricium,
1098 5173 1147 5210 c.
1180 5156 1212 5207 6
1259 5168 1313 5211 et
1353 5152 1425 5224 9,
1468 5161 1764 5214 sacerdotis

189 5222 407 5293 neruine
428 5225 829 5289 comprehendit
853 5227 1203 5293 presbyteros.
1231 5226 1369 5280 Idem
1394 5222 1574 5281 videre
1598 5238 1679 5282 est
1707 5232 1758 5282 in

187 5290 432 5361 ejusdem
455 5294 609 5360 epist.
633 5295 696 5346 ad
724 5290 1060 5361 Exuperium,
1087 5309 1203 5360 cap.
1228 5298 1278 5349 1.
1312 5297 1398 5350 Sic
1427 5299 1478 5349 in
1502 5298 1660 5358 epist.
1691 5297 1758 5350 ad

193 5359 505 5433 Decentium
540 5362 743 5431 Eugub.
772 5359 976 5433 dixerat
1001 5380 1015 5416 :
1054 5359 1190 5414 Nam
1229 5367 1503 5433 presbyteri
1523 5369 1636 5419 licet
1663 5370 1764 5420 sint

184 5429 497 5492 sacerdotes,
526 5429 642 5487 etc;
681 5435 771 5488 Sic
816 5433 884 5487 ad
938 5429 1238 5486 Himerium'
1265 5429 1503 5489 Striéius.
1554 5436 1678 5491 Vide
1707 5437 1761 5491 in

184 5499 349 5554 eDill.
377 5499 439 5552 l5
470 5503 560 5554 lib.
594 5517 672 5554 ιιι.

225 5514 349 5567 pm.
377 5514 439 5552 to
470 5514 560 5554 Im.
594 5517 672 5554 ιιι.

266 5568 441 5641 Epts-r.
488 5570 606 5625 XIX
647 5570 753 5641 [ΑΙ.
796 5569 909 5641 23].
951 5599 1021 5610 —
1045 5578 1070 5612 ο
1094 5571 1174 5641 .Ita
1206 5585 1391 5626 omnes
1420 5572 1627 5635 Norm.,
1659 5572 1763 5626 Va-

187 5639 313 5703 tic.,
339 5639 596 5710 Colbert.,
630 5639 759 5712 Reg.
788 5650 840 5696 et
871 5639 1108 5710 plerique
1140 5640 1262 5696 Mss.
1304 5657 1363 5696 ac
1402 5643 1658 5711 potiores.
1705 5644 1762 5696 In

1875 4612 1993 4664 Iicat
2023 4613 2212 4679 fovere,
2245 4613 2506 4679 adjuvare.
2545 4612 2674 4665 Vide
2705 4627 2886 4680 supra,
2937 4614 3024 4665 lib.
3077 4627 3126 4676 v,
3162 4615 3315 4680 epist.
3343 4612 3443 4680 '30,

1876 4689 1999 4732 nota
2051 4681 2098 4733 ὁ.
2134 4679 2330 4734 Eadem
2379 4682 2582 4733 ratione
2632 4679 2956 4735 continentia
3009 4683 3144 4747 apud
3199 4679 3442 4737 Sanctum

1875 4748 2015 4820 Greg
2038 4751 2190 4803 irium
2221 4760 2303 4804 est
2327 4750 2671 4820 stipendium,
2706 4762 2760 4804 u‘t
2801 4767 2864 4805 ex
2891 4753 3046 4820 epist.
3081 4752 3148 4804 5‘2
3180 4752 3296 4805 libri
3322 4770 3352 4806 v
3381 4755 3445 4806 li-

1870 4831 2013 4886 quet,
2045 4820 2095 4872 in
2125 4829 2246 4873 nota
2269 4836 2322 4873 e.

1939 4909 1966 4948 ιι
2009 4910 2174 4979 Hujus
2205 4910 2350 4965 vocis
2380 4926 2482 4964 non
2516 4911 2710 4980 ubique
2753 4927 2940 4966 sensus
2992 4912 3131 4966 idem
3186 4921 3267 4966 est
3308 4914 3444 4980 apud

1869 4979 2211 5049 Gregorium;
2258 4981 2540 5049 aliquando
2571 4983 2712 5035 enim
2754 4983 2981 5036 sumitur
3008 4999 3103 5050 pro
3133 4979 3440 5035 misericor-

1870 5050 1978 5114 dia,
2024 5051 2210 5130 gallice
2256 5051 2429 5110 merci.
2468 5059 2538 5130 ‘ut
2566 5051 2656 5103 lib.
2705 5068 2784 5130 tu,
2813 5053 2967 5130 epist.
3035 5054 3126 5114 lli;
3181 5052 3280 5130 bne
3332 5054 3446 5130 loco

1871 5135 1998 5173 vero
2033 5120 2235 5173 videtur
2262 5119 2517 5174 sumenda
2547 5135 2641 5188 pro
2663 5122 2927 5187 stipendio
2948 5129 3002 5174 et
3030 5121 3264 5188 prmmio,
3297 5125 3436 5188 quod

1870 5200 2012 5242 recta
2047 5190 2305 5244 bonorum
2347 5192 2553 5245 Eccles.
2612 5190 2986 5245 distributione
3034 5202 3088 5244 et
3139 5193 3443 5260 erogatione

1867 5261 2173 5326 acquiritur.

1943 5355 1964 5383 ο
1995 5345 2264 5417 _ln_Editis
2301 5346 2516 5399 additur
2562 5364 2734 5401 meme
2790 5347 3099 5415 Februario,
3147 5351 3328 5406 iudict.
3385 5350 3437 5417 6,

1869 5414 2010 5484 quod
2041 5415 2193 5469 abest
2219 5418 2285 5470 ab
2324 5417 2571 5470 omnibus
2601 5418 2726 5470 Mss.
2762 5423 2978 5472 nostris.

1942 5507 2117 5560 Ertsr.
2157 5506 2255 5559 XX
2295 5506 2400 5576 [AL
2442 5505 2558 5576 24].
2583 5515 2692 5548 -ι
2735 5505 2788 5559 In
2829 5523 2933 5561 uno
2959 5509 3330 5564 eColbertinis
3361 5509 3442 5564 in-

1865 5577 2115 5632 scribitur
2132 5575 2356 5643 epistola
2388 5576 2502 5632 tunc
2518 5575 2670 5631 Bono
2704 5576 2963 5648 Episcopo
2995 5579 3296 5636 Tarentino.
