4026 6314
465 274 469 278 ’
527 263 664 318 1275

1699 257 1939 312 SANCTI
1977 256 2018 311 (ἶ
2031 255 2302 315 REGOIIII
2342 255 2384 309 M
2399 257 2552 310 .\GNI

3640 256 3795 308 1276

528 383 730 440 scepta,
767 371 840 424 tui
890 369 1141 423 desiderii
1191 371 1485 438 complebis
1531 368 1797 434 elTi-ctttm,
1843 381 2103 435 quatenus
2130 372 2179 429 Α
2208 369 2361 422 nobis
2389 377 2472 421 est
2501 370 2568 422 de
2595 368 2835 437 corporis
2873 368 3034 424 vestri
3079 369 3334 437 sOSpitate
3359 370 3658 438 requirere,
3688 370 3791 424 se»!

527 479 619 528 per
651 476 859 514 sacrum
890 461 1157 512 lavacrum
1217 470 1550 526 peccatorum
1597 461 1709 511 illic
1763 462 1979 512 macula:
2009 460 2102 513 de-

525 556 754 607 leantur.
784 549 810 588 ι’
839 550 1018 604 Mense
1048 551 1361 610 Februario,
1393 549 1681 602 indictiOne
1704 549 1757 601 6.

1065 640 1388 692 EPISTULA
1430 639 1571 691 XXI.

808 747 875 785 AD
928 745 1236 784 PASCHALEM
1285 746 1350 782 ET
1389 744 1811 784 CONSOIANTIAU.

532 823 690 874 Datas
736 821 1058 874 restituendis
1091 822 1312 884 pecunia!
1338 820 1567 871 inducias
1597 828 1854 888 prorogat.
1902 817 1968 871 In
2011 818 2106 870 ad-

946 891 1102 942 versis
1147 891 1338 956 positos
1369 890 1679 940 consolatur.

597 979 886 1046 Gregorius
925 987 951 1016 ι
987 977 1229 1031 Paschali
1269 987 1324 1032 et
1360 976 1744 1030 Consolantim.

607 1071 901 1139 Epistolam
932 1069 1307 1137 magnitudinis
1335 1076 1528 1121 vestrae
1570 1067 1738 1120 latore
1767 1065 2105 1134 praesentium

530 1161 802 1215 deferente
823 1160 1181 1225 suscepimus.
1216 1158 1283 1211 Et
1327 1157 1452 1210 licet
1502 1166 1737 1223 tempora
1768 1155 2109 1208 restituenda:

533 1251 773 1319 pecunia:
812 1247 865 1301 in
907 1247 1134 1302 indutiis
1170 1247 1293 1299 data
1318 1243 1658 1307 deduxerint,
1694 1242 1995 1312 petitionem
2026 1253 2110 1296 ta-

533 1358 657 1394 men
688 1351 916 1394 vestram
971 1338 1117 1390 nullo
1169 1337 1328 1389 modo
1381 1335 1628 1388 duximus
1669 1331 2107 1386 contristandam.

532 1429 771 1483 Adriano
812 1429 989 1493 itaque
1028 1424 1351 1478 chartulario
1402 1432 1608 1486 nostro,
1663 1436 1818 1490 quem
1873 1421 1998 1473 illuc
2045 1420 2112 1473 ad

531 1519 820 1588 regendum
861 1516 1115 1572 Ecclesia:
1157 1525 1352 1569 nostra:
1383 1513 1758 1581 patrimonium
1800 1509 2109 1573 direximus,

532 1612 598 1664 de
630 1608 875 1676 priesenti
914 1608 1236 1674 iniunximus
1281 1621 1400 1674 qua:
1427 1605 1700 1658 vobiscum
1735 1602 1935 1658 exinde
1964 1602 2110 1671 loqui

532 1701 746 1764 debeat,
779 1708 836 1753 ut
877 1715 982 1753 nec
1012 1699 1379 1753 ecclesiastica
1411 1698 1462 1749 in
1491 1698 1670 1764 aliquo
1696 1696 1991 1764 negligatur
2012 1695 2116 1748 uti-
2148 1711 2197 1772 Β

536 1791 678 1853 litas,
705 1800 760 1844 et
789 1790 1076 1857 postulatio
1106 1799 1276 1842 vestra
1314 1787 1519 1856 1233
1560 1787 1813 1840 sortiatur
1841 1787 2117 1840 effectum.

535 1880 668 1945 Quia
693 1894 819 1947 ergo
851 1880 967 1947 plus
995 1879 1062 1931 de
1089 1881 1278 1932 animae
1308 1890 1498 1932 vestrai
1532 1877 1702 1932 salute
1733 1891 1888 1946 quam
1919 1877 1989 1930 de
2019 1886 2126 1930 ter-

537 1985 787 2022 renarum
820 1983 999 2022 rerum
1031 1969 1255 2022 utilitate
1305 1967 1514 2022 debetis
1560 1980 1681 2020 esse
1709 1967 1942 2029 solliciti,
1975 1966 2122 2018 salu-

537 2066 713 2110 tantes
739 2068 962 2126 paterno
991 2055 1182 2110 aﬂectu
1229 2057 1506 2109 hortamur
1535 2064 1593 2108 ut
1642 2069 1794 2109 mens
1823 2069 1986 2108 onere
2017 2053 2115 2106 tri-

541 2147 824 2200 bulationis
847 2160 1100 2213 oppressa
1135 2153 1316 2198 contra
1359 2145 1524 2200 Deum
1557 2161 1661 2198 non
1686 2157 2005 2207 murmuret,
2050 2158 2126 2199 ne

544 2247 666 2305 post
692 2238 1029 2291 amissionem
1060 2253 1233 2291 rerum
1261 2240 1419 2291 etiam
1465 2236 1656 2291 animae
1691 2246 1984 2306 sequantur
2007 2238 2123 2290 dis-

546 2328 759 2395 pendia.
816 2327 956 2381 Nihil
1003 2327 1070 2379 de
1125 2328 1304 2395 pravis
1351 2327 1582 2390 actibus,
1633 2328 1705 2379 nil
1734 2341 1852 2379 cuin
1889 2339 2123 2393 peccato,

546 2418 866 2471 necessitate
890 2416 1039 2483 quasi
1073 2416 1316 2481 faciente,
1364 2416 1627 2470 festinetis
1678 2419 1986 2484 acquirere;
2033 2416 2126 2470 sed

547 2521 699 2570 spem
730 2505 781 2558 in
815 2506 1186 2574 Redemptoris
1215 2508 1380 2560 nostri
1429 2508 1797 2562 misericordia
1839 2507 2122 2573 habentes,

551 2596 644 2663 qni
675 2594 999 2649 confidentes
1024 2596 1075 2648 in
1118 2610 1307 2650 senon
1357 2597 1574 2661 deserit,
1626 2597 1978 2652 tolerabiliter
2007 2612 2128 2665 qua:

550 2686 848 2751 pertulistis
920 2687 1254 2741 incommoda
1302 2689 1580 2742 sustinete.
1638 2689 1842 2758 Erigite
1897 2689 2124 2744 animos.

552 2775 849 2830 Tribulatio
878 2777 1017 2830 vires
1048 2793 1152 2830 non
1207 2782 1493 2846 opprimat.
1540 2780 1777 2833 Adversa
1824 2780 2007 2834 saeculi
2040 2794 2128 2847 ps-

553 2869 736 2921 tientia
777 2877 1012 2934 superet.
1061 2869 1313 2938 Pompam
1343 2871 1519 2924 mundi
1551 2887 1705 2925 meus
1732 2885 1921 2925 secura
1949 2869 2127 2938 despi-

549 2961 676 3012 ciat.
710 2959 864 3014 Actio
902 2969 1077 3014 vestra
1125 2975 1183 3015 se
1210 2961 1274 3014 ad
1331 2977 1392 3014 ea
1421 2978 1537 3030 qua:
1585 2962 1675 3016 Dei
1725 2973 1850 3016 sunt
1879 2971 2124 3029 occupet.

2202 466 2436 535 pe‘ccatis
2466 467 2600 519 meis
2630 465 2966 530 facientibus,
3008 480 3069 518 ea
3110 480 3323 533 semper
3352 466 3509 518 audio
3541 479 3660 529 quae
3696 479 3793 516 me

2205 557 2427 623 paenitet
2469 555 2674 616 audire,
2706 556 2826 622 quia
2855 555 2904 607 in
2937 563 3079 607 tanta
3112 555 3368 607 tenuitate
3394 564 3554 623 atque
3583 553 3788 606 debili-

2206 652 2315 699 tate
2345 643 2519 695 adliuc
2545 642 2595 694 iti
2628 641 2778 694 vobis
2801 641 3037 695 referunt
3061 642 3308 711 podagra
3337 643 3550 695 dolores
3570 654 3789 694 excres-

2204 748 2348 789 cere.
2385 733 2488 789 Sed
2525 749 2621 787 oro
2652 733 3066 801 omnipotentem
3113 732 3394 786 Dominum
3425 731 3452 768 ι)
3499 742 3556 785 ut
3601 733 3787 784 omnia

2210 839 2333 891 quae
2379 824 2430 877 in
2473 833 2650 877 vestro
2698 837 2926 890 corpore
2969 831 3197 889 aguntur
3230 822 3296 875 ad
3336 822 3560 875 salutem
3590 822 3786 874 animm

2211 913 2543 983 dirigantur,
2583 922 2640 966 ut
2681 912 2885 980 ﬂagella
2930 912 3240 979 temporalia
3269 916 3523 964 aiternam
3551 911 3784 977 quietem

2209 1005 2364 1058 vobis
2404 1013 2736 1073 praeparent,
2779 1011 2834 1057 et
2877 1017 2972 1070 per
3011 1015 3107 1055 eos
3143 1000 3360 1054 dolores
3405 1000 3642 1067 quicum
3677 1000 3788 1050 fine

2208 1102 2354 1156 sunt,
2382 1093 2572 1162 gaudia
2602 1092 2753 1145 vobis
2779 1091 2898 1144 sine
2929 1091 3033 1143 line
3057 1089 3336 1143 concedat.
3379 1087 3492 1155 Ego
3519 1097 3699 1140 autem
3729 1085 3782 1136 in

2210 1189 2359 1235 tanto
2405 1183 2606 1251 gemitu
2647 1189 2704 1236 et
2746 1177 3183 1248 occupationibus
3230 1176 3371 1242 vivo,
3428 1184 3485 1228 ut
3537 1174 3606 1227 ad
3662 1173 3784 1226 dies

2218 1285 2354 1338 quos
2399 1286 2499 1340 ago
2546 1286 2633 1326 me
2681 1269 2990 1339 pervenisse
3039 1268 3328 1336 paeniteat,
3378 1265 3597 1331 solaque
3653 1262 3787 1317 mihi

2212 1363 2510 1416 consolatio
2569 1363 2638 1416 sit
2685 1359 2876 1414 mortis
2926 1358 3275 1425 exspectatio.
3347 1355 3501 1411 Unde
3559 1365 3681 1422 peto
3728 1364 3788 1405 ut

2216 1465 2314 1520 pro
2369 1465 2454 1504 me
2503 1449 2739 1504 debeatis
2788 1461 2984 1510 orare,
3041 1455 3302 1514 quatenus
3348 1445 3414 1497 de
3467 1442 3567 1496 hoc
3610 1440 3792 1494 carnis

2216 1554 2434 1594 carcere
2482 1538 2640 1592 citius
2689 1536 2917 1602 educar,
2957 1550 3026 1588 ne
3065 1535 3228 1588 tantis
3263 1532 3540 1588 doloribus
3585 1531 3792 1584 diutius

2217 1638 2490 1698 torquear.

2303 1721 2561 1773 Praeterea
2601 1718 2776 1772 indico
2816 1715 3096 1787 quemdam
3130 1715 3214 1768 hic
3244 1714 3457 1768 nomine
3485 1712 3791 1773 Beatorem,

2225 1808 2314 1877 qui
2357 1807 2507 1872 quasi
2545 1820 2565 1846 ο
2595 1821 2775 1860 comes
2817 1805 3138 1873 privatarum
3172 1804 3273 1857 dici
3308 1803 3437 1864 vult,
3472 1801 3698 1861 venisse,
3738 1806 3796 1850 et

2226 1899 2390 1952 multa
2436 1907 2622 1952 contra
2664 1910 2851 1950 omnes
2895 1910 3076 1960 agere,
3126 1893 3353 1948 maxime
3401 1901 3578 1943 autem
3606 1897 3795 1943 contra

2225 1987 2562 2043 excellentia:
2611 1997 2802 2040 vestra:
2859 1985 3146 2048 homines,
3200 1985 3284 2036 vel
3343 1981 3794 2035 nobilissimarum

2226 2079 2464 2147 neptium
2496 2088 2810 2140 vestrarum,
2845 2076 2996 2145 quasi
3035 2089 3120 2128 res
3157 2073 3397 2140 publicas
3421 2085 3684 2139 quaerens.
3730 2068 3798 2122 Et

2225 2185 2324 2225 nos
2364 2171 2577 2239 quidem
2623 2182 2876 2235 perverse
2922 2181 3043 2219 eum
3090 2178 3250 2234 agere
3278 2178 3383 2216 non
3415 2161 3795 2229 permittimus,

2227 2261 2320 2315 sed
2347 2275 2518 2328 neque
2582 2258 2898 2312 utilitatibus
2950 2256 3171 2325 publicis
3227 2265 3509 2322 possumus
3559 2249 3795 2304 obviare.

2229 2349 2340 2403 Vos
2383 2364 2509 2416 ergo
2552 2347 2688 2415 apud
2733 2345 2996 2415 piissimos
3047 2343 3330 2411 principes,
3375 2341 3513 2396 sicut
3555 2341 3796 2407 potestis,

2228 2439 2391 2507 agite,
2421 2447 2476 2491 ut
2505 2438 2553 2491 ei
2583 2451 2740 2506 agere
2787 2450 2944 2501 prava
2994 2433 3380 2487 contradicant.
3414 2428 3624 2499 1135
3660 2431 3790 2478 nam

2226 2542 2347 2583 cum
2403 2526 2545 2580 omni
2592 2527 2816 2593 strepitu
2867 2538 3039 2593 neque
3086 2523 3282 2576 utilitas
3341 2521 3547 2589 publica
3599 2519 3793 2584 agitur,

2230 2635 2404 2688 neque
2452 2618 2650 2686 aliquid
2701 2619 2877 2683 magni
2916 2626 3001 2671 est
3035 2615 3335 2684 compendii
3375 2612 3514 2680 quod
3555 2619 3801 2678 repetere

2228 2707 2458 2762 videtur.
2509 2707 2882 2760 Dulcissimum
2911 2706 3076 2759 lilium
3105 2720 3282 2759 meum
3313 2704 3564 2757 domuum
3590 2703 3798 2754 Strate-

2229 2798 2371 2866 gium
2397 2811 2512 2850 mea
2543 2807 2666 2864 peto
2693 2799 2809 2850 vice
2838 2796 3081 2860 salutari,
3109 2809 3266 2863 quem
3296 2793 3633 2860 omnipotens
3663 2791 3800 2843 Deus

2229 2888 2330 2941 sibi
2368 2888 2624 2956 vobisque
2661 2887 2879 2951 nutriat,
2924 2901 3117 2955 vosque
3156 2898 3365 2951 semper
3405 2882 3472 2935 de
3503 2897 3596 2933 sua
3625 2880 3795 2946 gratia

2229 2985 2284 3032 et
2323 2976 2391 3031 de
2435 2978 2543 3030 vita
2584 2977 2727 3030 illius
2771 2977 3098 3031 consoletur.
3149 2976 3225 3029 De
3274 2975 3579 3028 reversione
3623 2980 3801 3024 autem

552 3049 965 3105 Considerantes
991 3065 1149 3120 quam
1174 3051 1375 3105 nullum
1400 3055 1468 3104 sit
1498 3052 1747 3120 quidquid
1771 3052 1982 3104 casibus
2000 3053 2126 3104 sub-
2152 3055 2198 3117 ο
2231 3075 2408 3119 νεειτε
2455 3066 2580 3135 quid
2630 3067 2864 3122 scribere
2893 3065 3083 3129 debeo,
3113 3065 3200 3133 qui
3230 3073 3482 3133 quantum
3509 3077 3625 3116 eam
3655 3060 3797 3112 degi-

550 3137 716 3209 jacet,
747 3142 1005 3212 quidquid
1038 3144 1145 3198 line
1174 3144 1530 3198 concluditur.
1576 3145 1640 3197 Et
1686 3158 1780 3196 cor
1810 3158 1868 3196 se
1895 3153 2130 3197 vestrum

559 3231 696 3284 ultra
725 3247 879 3298 quam
905 3233 1504 3300 convenitnonaflligat,
1533 3233 1624 3287 sed
1643 3233 1854 3286 studeat
1874 3241 2133 3299 quatenus

557 3319 614 3374 in
645 3322 1023 3390 omnipotentis
1046 3323 1135 3378 Dei
1183 3325 1513 3392 protectione
1539 3323 1657 3390 jure
1685 3322 1936 3380 confidat.
1962 3324 2050 3389 qui
2081 3329 2136 3375 et

557 3427 662 3466 non
691 3413 863 3468 habita
879 3415 1061 3477 donat,
1076 3416 1268 3468 amissa
1291 3423 1519 3482 reparat,
1541 3422 1594 3468 et
1617 3424 1858 3481 reparata
1881 3413 2133 3468 custodit.

573 3502 765 3557 Potens
809 3513 891 3558 est
917 3506 1056 3558 enim
1104 3505 1149 3558 si
1181 3520 1275 3559 vos
1305 3505 1355 3557 iti
1388 3505 1756 3558 mandatorum
1803 3519 2020 3556 suorum
2053 3503 2136 3556 via

563 3594 837 3650 ambulare
864 3596 1200 3663 cognoverit,
1241 3604 1294 3649 et
1323 3596 1399 3648 sic
1444 3594 1587 3647 illata
1616 3593 1808 3646 damna
1859 3592 2138 3658 multiplici

561 3687 993 3753 compensatione
1022 3688 1242 3749 sarcire,
1285 3695 1336 3738 et
1361 3686 1523 3739 vitam
1550 3685 1704 3738 vobis
1732 3700 1852 3752 qua:
1884 3692 1993 3738 toto
2019 3699 2138 3738 ma-

561 3777 640 3845 gis
670 3777 857 3830 aduisu
890 3777 1114 3845 petenda
1157 3784 1258 3837 est,
1301 3785 1555 3826 aeternam
1587 3773 1904 3827 concedere.

1068 3865 1399 3920 EPISTULA
1459 3865 1620 3917 XXII.

950 3973 1016 4010 AD
1056 3971 1399 4010 RUSTIGIANAM
1439 3969 1746 4010 PATBICIAH.

566 4047 835 4100 Infirmam
861 4045 1000 4098 illius
1027 4046 1367 4099 valetudinem
1404 4062 1457 4098 se
1493 4047 1667 4098 dolere
1693 4045 1967 4112 signiﬁcat.
2004 4045 2140 4100 Suo-

636 4133 750 4168 rum
801 4118 1032 4168 doloraut
1081 4128 1349 4182 pertaesus.
1409 4126 1615 4177 exaptat
1667 4117 1816 4166 mori.
1861 4117 1989 4180 Agat
2030 4118 2141 4184 ipsa

635 4188 775 4251 apud
813 4189 975 4255 impp.
1027 4197 1081 4239 ut
1123 4185 1388 4239 Beatorem
1417 4201 1648 4252 perversa
1677 4185 1966 4236 molientem
1995 4201 2142 4237 coer-

633 4272 754 4309 cean
763 4267 801 4308 ι.

637 4347 926 4415 Gregorius
955 4356 977 4380 ⁸
1005 4347 1322 4401 Rusticiana:
1353 4344 1610 4414 patricia}.

2235 3154 2420 3208 derem
2443 3156 2612 3209 scitis.
2633 3156 2736 3210 Sed
2764 3156 2886 3209 dum
2912 3170 3190 3209 causarum
3212 3152 3560 3223 obligationes
3580 3151 3800 3219 aspicio,

2234 3245 2364 3300 mihi
2396 3246 2447 3299 in
2470 3246 2843 3316 desperatione
2867 3256 2972 3310 est,
3015 3254 3175 3314 atque
3205 3245 3325 3299 ideo
3356 3244 3662 3297 Creatorem
3691 3256 3804 3292 om-

2236 3337 2383 3391 nium
2413 3353 2597 3402 exoro,
2632 3350 2685 3391 ut
2715 3338 3020 3404 ubicunque
3049 3338 3202 3403 estis,
3241 3337 3538 3402 ubicunque
3581 3331 3804 3392 lueritis,

2235 3442 2346 3482 suae
2387 3443 2481 3481 vos
2514 3428 2747 3480 dextera:
2777 3428 3088 3482 extensione
3119 3434 3380 3497 protegat,
3412 3434 3571 3494 atque
3595 3438 3628 3475 a
3657 3422 3806 3474 malis

2237 3520 2485 3574 omnibus
2511 3531 2808 3574 conservet.

2754 3631 3074 3687 EPISTULA
3116 3631 3303 3685 XXIII.

2510 3739 2576 3776 AD
2615 3738 2929 3776 BONIFACIUM
2977 3739 3242 3777 NOTAIIIUII
3283 3735 3530 3775 CORSICiE.

2237 3812 2496 3868 Joannem
2533 3814 2778 3867 clericum
2817 3813 3047 3893 hortetur
3085 3825 3136 3866 ut
3179 3814 3394 3867 Romam
3435 3809 3809 3880 cognoscendus

2932 3895 3090 3936 veniat
3099 3920 3113 3934 .

2309 3973 2594 4042 Gregorius
2616 3983 2640 4008 ο
2671 3973 2940 4027 Bonifatio
2972 3973 3175 4026 notario
3202 3972 3455 4025 Coi-sicne.

2317 4065 2390 4117 Ea
2423 4079 2540 4131 qua:
2574 4064 2725 4118 nobis
2754 4063 3083 4132 experientia
3126 4072 3209 4116 tua
3241 4063 3306 4115 de
3334 4062 3559 4125 Joanne,
3608 4062 3810 4114 Raven-

2245 4167 2370 4210 nate
2414 4156 2632 4220 clerico,
2686 4155 2938 4208 indicavit
2987 4154 3184 4217 facere,
3244 4155 3441 4208 idcirco
3487 4153 3810 4215 distulimus,

2241 4246 2269 4285 δ
2302 4249 2424 4315 quia
2457 4248 2522 4299 de
2553 4247 2808 4314 qualitate
2857 4259 3098 4313 personae
3146 4247 3380 4298 absentis
3425 4245 3665 4311 judicm'e
3711 4259 3810 4296 non

2244 4353 2544 4407 possumus.
2593 4338 2698 4392 Sed
2743 4339 2959 4391 hortare
3001 4353 3122 4390 cum
3157 4347 3212 4389 ut
3239 4337 3304 4388 ad
3334 4351 3430 4388 nos
3463 4336 3644 4387 venire
3671 4335 3812 4386 festi-

637 4437 859 4504 Quoties
889 4439 956 4491 de
989 4439 1118 4492 urbe
1163 4439 1302 4507 regia
1336 4436 1400 4488 ad
1437 4450 1532 4488 nos
1569 4432 1759 4502 aliquis
1796 4432 1958 4497 venit,
1997 4447 2136 4488 curse
2167 4407 2219 4465 D
2243 4441 2355 4497 net,
2386 4440 2648 4498 quatenus
2695 4429 2747 4481 in
2790 4429 3040 4496 praiscnti
3074 4442 3252 4480 metes
3281 4437 3334 4479 et
3365 4441 3607 4493 persona:
3655 4424 3814 4486 i,sius

635 4572 664 4610 ι’
709 4575 764 4628 In
799 4575 964 4628 Vatie.
1000 4576 1062 4632 Α,
1114 4574 1174 4629 ll,
1237 4571 1296 4634 Ε,
1348 4569 1467 4621 huic
1513 4568 1749 4635 epistola:
1807 4566 2144 4628 prtemittitur

567 4662 735 4699 mense
753 4643 919 4706 -Feb.,
946 4644 1120 4694 indict.
1146 4642 1197 4695 6.
1228 4641 1573 4692 Consentiunt
1605 4639 1710 4688 diri
1738 4637 1824 4689 alii
1861 4637 1987 4706 Mss.

640 4715 821 4769 EPIsT.
863 4704 979 4766 XXI
1022 4709 1278 4783 [Αιηῖΐὶι.
1311 4719 1434 4783 -—_-_"
1474 4709 1562 4761 Sic
1595 4709 1782 4773 legitur
1826 4706 1882 4783 in
1931 4704 2132 4782 'l‘uron.

571 4785 832 4846 Colbert.,
865 4773 1071 4843 Νειτιιιῖ,
1104 4773 1326 4833 aliis-ite
1358 4781 1481 4833 Mss.
1531 4791 1666 4844 pene
1697 4775 1960 4846 itionibus,
1991 4785 2057 4846 _et
2088 4773 2140 4826 in

575 4866 678 4907 vel.
715 4843 852 4906 Edit.
889 4852 1084 4903 Veneta
1140 4851 1294 4910 15M,
1351 4843 1541 4907 I’nris.,
1601 4844 1763 4911 Lugd.
1801 4844 1851 4895 In
1891 4843 2137 4893 Vaticana

576 4933 749 4977 autem
781 4923 897 4987 Ed.,
922 4919 1334 4971 Puscaliconsuli
1357 4919 1565 4970 Sicilire.
1597 4913 1660 4987 Et
1683 4915 1893 4987 qu'dein
1924 4914 1974 4987 in
2000 4911 2135 4976 plur.

576 4994 699 5047 Mss.
737 5002 852 5056 post
886 4984 1237 5044 Consolantiw
1261 4990 1468 5041 additur
1515 4985 1880 5056 Siciliterlnio
1903 5053 1912 5056 _
1937 4984 2005 5056 in_
2037 4995 2140 5056 uno

577 5081 642 5116 ex
673 5049 908 5114 CtiIIieI'I.
950 5062 1154 5126 inti-ger
1185 5060 1370 5111 titulus
1413 5057 1634 5126 habetur
1663 5064 1716 5103 ut
1745 5053 1935 5126 inqlid.
1972 5049 2139 5114 Vatic.

657 5134 832 5184 Ειηετ.
886 5132 1027 5183 XXII
1068 5124 1182 5200 ἰΑι.
1232 5127 1363 5200 ‘26]._
1401 5157 1467 5165 —
1513 5125 1661 5200 “ulta
1701 5124 2024 5200 restituimth
2075 5135 2140 5173 ex

577 5203 808 5269 quinque
834 5201 1024 5263 Vatic.,
1053 5193 1296 5251 (inutilius
1314 5193 1480 5269 ξΝοτιιι
1513 5236 1526 5258 ,
1551 5194 1811 5253 Colbert.,
1838 5193 1990 5269 Heg?
2010 5204 2136 5252 etc.,

579 5260 630 5324 et
685 5260 748 5323 ex
797 5260 1183 5338 antiquioribus
1242 5267 1588 5338 editionibus,
1643 5271 1782 5338 utet
1826 5260 2142 5338 exnlonune

583 5341 834 5392 Iliacono.
870 5329 1003 5393 Mille
1042 5348 1217 5390 autem
1252 5339 1301 5388 in
1339 5329 1601 5404 plerisque
1643 5331 1824 5396 editiS,
1875 5329 2136 5404 Rusticiw.

584 5412 677 5461 Est
699 5420 871 5461 autem
906 5411 991 5460 illa
1022 5397 1351 5460 ltusticiaiia'
1382 5397 1598 5472 patricia
1642 5404 1704 5452 ait
1747 5414 1903 5467 quam
1935 5397 2141 5472 Grego-

587 5482 699 5530 rius
728 5480 903 5544 plures
928 5477 1076 5528 dedit
1105 5478 1355 5540 epistolas
1374 5469 1394 5539 ;’
1435 5476 1502 5525 de
1528 5489 1588 5525 ea
1619 5472 1738 5522 vide
1769 5469 2146 5544 qiuejliuinus

584 5538 739 5607 epist:
768 5547 831 5598 2|
864 5547 953 5597 lib.
980 5559 1040 5602 ιι.
1073 5538 1252 5597 indict.
1284 5545 1371 5607 10,
1409 5558 1548 5596 nunc
1583 5549 1738 5608 epist.
1762 5540 1850 5591 27.
1883 5538 2143 5590 thSsANV.

649 5611 679 5649 δ
714 5614 922 5677 Norm.,
953 5613 1041 5678 qui
1064 5613 1253 5665 omnia.
1283 5654 1294 5665 .
1323 5651 1337 5666 .
1361 5606 1378 5667 ν.
1414 5606 1629 5678 dirigat.
1674 5606 1913 5678 Flagella
1951 5614 2142 5673 ιειῖιροσ

2245 4566 2376 4618 ralia
2416 4573 2655 4616 a'ternam
2701 4563 2915 4629 quietem
2962 4558 3096 4611 vobis
3126 4567 3432 4623 prteporent.
3463 4557 3811 4629 Consentium

2243 4645 2472 4703 quatuor
2498 4650 2566 4685 ex
2604 4626 2849 4703 Vati—get
2883 4630 3196 4703 libente-usis
3227 4639 3467 4694 uterque,
3499 4626 3673 4694 quoad
3706 4628 3813 4679 lucc

2245 4700 2450 4766 ultima,
2481 4705 2686 4770 dirigat.
2721 4700 2994 4770 Flagella,
3012 4711 3106 4750 etc.

2317 4785 2339 4812 ο
2375 4775 2525 4826 Prius
2569 4765 2839 4824 mendose
2867 4769 3138 4833 legebatur
3179 4783 3344 4819 comes
3380 4766 3712 4836 privatorum.
3745 4765 3812 4836 Ile

2243 4843 2342 4896 liae
2389 4843 2650 4909 dignitate
2697 4843 2807 4907 lege
2851 4836 3244 4896 Cassiodoruin,
3282 4834 3388 4888 lib.
3425 4853 3469 4888 vi
3508 4838 3654 4899 Van,
3679 4851 3728 4909 e,
3759 4834 3811 4909 is,

2247 4914 2334 4965 ubi
2385 4905 2580 4965 dicitur
2629 4911 2712 4963 hic
2749 4905 2940 4961 't-omes
2992 4910 3310 4973 privatarum
3338 4921 3368 4959 a
3394 4909 3594 4974 privata
3626 4905 3813 4971 princi-

2248 4998 2369 5050 puni
2400 4981 2690 5034 sub~tantia
2723 4994 2876 5050 qutun
2903 4977 3253 5050 gubernabat.

2317 5054 2496 5104 EPIST.
2525 5050 2686 5103 XXIII
2720 5042 2826 5119 [AL
2847 5046 2970 5119 7‘27}.
2999 5074 3071 5119 -τ-
3097 5056 3118 5079 ἰ
3149 5045 3309 5119 Infra,
3358 5044 3515 5110 epist.
3642 5053 3690 5096 et

2247 5121 2551 5175 Benil'acius
2581 5112 3092 5181 Consitiiitiiiiiptiliiii
3128 5116 3385 5178 mittitur;
3417 5121 3473 5164 at
3503 5114 3646 5179 prius
3673 5112 3814 5163 ordi-

2249 5202 2402 5243 natur
2429 5193 2702 5242 diaconus.
2745 5187 2973 5240 Proinde
3009 5185 3093 5236 liic
3123 5184 3400 5250 legendum
3437 5200 3541 5234 non
3576 5195 3817 5246 putamus

2246 5259 2828 5323 Constant'impolitano,
2880 5256 2980 5308 etsi
3033 5255 3081 5306 in
3134 5255 3296 5305 I-Ldtlis
3341 5253 3586 5323 munibus
3616 5269 3677 5301 ac.
3708 5260 3818 5323 p'.i:-_

2249 5331 2426 5395 risque
2485 5319 2609 5382 Mss.
2660 5319 2935 5380 habeatur.
2994 5325 3106 5377 Non
3159 5325 3350 5390 legitur
3402 5325 3453 5376 in
3502 5319 3818 5374 Pl‘ﬂchIeHSI

2250 5399 2475 5464 aliisque
2501 5401 2684 5449 Norm.

2325 5466 2349 5500 ι)
2381 5458 2434 5518 In
2471 5468 2655 5520 iisdem
2694 5464 2978 5517 Codicibus
3007 5476 3059 5517 et
3101 5466 3151 5515 in
3195 5461 3360 5513 Irtbus
3406 5461 3600 5520 Vatic.,
3627 5459 3743 5524 quia
3771 5458 3823 5509 in

2251 5537 2447 5588 absenti
2472 5539 2553 5590 vel
2575 5538 2626 5587 in
2649 5539 2851 5587 absente
2895 5535 2959 5586 de
2993 5534 3237 5604 qualitate
3265 5546 3494 5600 personet
3529 5533 3652 5601 jud.
3679 5563 3696 5580 .
3727 5565 3739 5580 .
3764 5562 3779 5579 .
3808 5563 3823 5579 .

2253 5609 2340 5661 sed
2369 5607 2574 5659 hortare
2596 5614 2646 5656 ut
2679 5606 2745 5656 ad
2772 5620 2887 5657 nos.
