4026 6308
280 260 420 316 ΙίΤΙ

939 254 1413 312 EPISTOLARUM
1451 256 1580 315 LIB.
1623 259 1762 316 XIII.
1801 291 1874 304 —
1911 257 2158 315 INDICT.
2203 259 2289 316 VI.
2329 289 2398 302 —
2439 261 2655 318 EPIST.
2701 261 2886 317 XXVI.

3407 268 3540 322 1278

273 373 594 444 qualitatem
664 369 934 424 subtiliter
1005 370 1381 432 addiscentes,
1453 371 1579 440 quid
1643 371 1712 426 de
1771 372 1853 426 bis
1881 375 1933 435 Α
1960 381 2178 441 pereat;
2229 374 2325 428 sed
2365 383 2420 428 et
2464 375 2615 430 nobis
2660 392 2885 443 quaeque
2929 387 3046 433 acta
3095 378 3291 434 fuerint
3332 395 3540 435 renun-

271 480 394 534 qna:
437 464 569 531 petit
601 461 716 516 ﬁeri
756 460 953 514 debeat
992 460 1109 514 sine
1151 460 1423 516 dubietate
1461 460 1634 531 aliqua
1678 463 1856 533 dispo-

273 571 486 612 nam"
787 620 1114 676 EPISTOLA
1157 619 1342 680 χχιιι.

684 729 750 765 ΑΙ)
788 728 1013 765 ειινιτιιιι
1055 726 1441 766 ευιιυΙΑεοιιυιι.

275 806 506 861 Proculo
539 805 774 874 episcopo
804 819 862 855 ea
890 817 1003 869 quo:
1042 803 1433 874 perrabsen'iam
1472 820 1613 855 suam
1647 804 1854 874 {nerant

633 879 860 944 neglecta
890 873 1149 940 reparanti
1176 887 1320 941 apem
1358 873 1508 940 ferat.

343 964 634 1033 Gregorius
661 964 858 1018 Savino
886 960 1216 1016 subdiacono
1255 961 1576 1031 regionario.

343 1058 523 1123 Quare
563 1054 882 1109 venerabilis
912 1054 1075 1106 frater
1104 1061 1288 1106 noster
1309 1061 1335 1089 ι
1361 1053 1617 1107 Proculus
1645 1055 1855 1122 episco-

270 1165 374 1219 pns
405 1149 472 1202 ab
495 1148 734 1203 Ecclesia
765 1163 857 1201 sua
888 1146 978 1200 diu
1007 1143 1234 1199 abfuerit
1264 1145 1589 1212 experientia
1618 1155 1706 1199 tua
1739 1162 1846 1199 non

277 1244 507 1309 ignorat.
535 1239 615 1292 Ad
638 1252 793 1306 quam
819 1237 1069 1306 quoniam
1098 1235 1205 1288 Deo
1229 1235 1453 1302 propitio
1476 1235 1662 1288 habita
1688 1249 1848 1300 nunc,

265 1342 329 1384 ut
372 1329 626 1399 Oportuit,
667 1327 1046 1381 satisfactionis
1091 1327 1403 1395 purgatione
1451 1339 1700 1378 reversus
1747 1335 1847 1388 est,

268 1433 340 1472 ne
371 1417 508 1472 forte
535 1432 627 1484 per
650 1415 767 1484 ejus
791 1416 1090 1470 absentiam
1123 1415 1175 1469 in
1200 1416 1379 1483 aliquo
1411 1415 1663 1469 Ecclesiae
1687 1416 1851 1483 ipsius

266 1510 343 1564 sit
375 1509 616 1579 neglecta
661 1507 880 1571 utilitas,
932 1515 1025 1560 aut
1074 1506 1246 1574 aliqua
1299 1505 1407 1560 sint
1451 1505 1520 1558 de
1572 1505 1689 1574 ejus
1732 1505 1852 1574 jure

264 1603 563 1666 subtracta,
613 1613 862 1668 reparare
889 1612 952 1653 ea
982 1598 1066 1653 vel
1109 1599 1378 1667 corrigere
1413 1597 1647 1666 cupienti
1692 1597 1766 1651 illi
1797 1597 1848 1651 in

265 1694 520 1748 omnibus
540 1693 786 1761 aequitate
815 1698 1023 1745 servata
1053 1691 1290 1744 solatiari
1328 1698 1381 1744 te
1417 1689 1659 1743 volumus
1690 1699 1848 1759 atque

265 1801 614 1849 concurrere,
645 1794 720 1849 ut,
751 1792 837 1838 tua
868 1783 1215 1850 opitulatione
1241 1781 1513 1843 suﬂultus,
1542 1780 1592 1834 in
1620 1781 1702 1836 his
1730 1797 1848 1850 qua:

265 1879 340 1930 ab
367 1891 433 1929 eo
479 1874 683 1944 agenda
725 1881 870 1936 sunt,
922 1886 1020 1926 nec
1053 1869 1423 1927 difﬁcultatem
1453 1873 1680 1940 aliquam
1714 1888 1848 1940 qno-

267 1966 514 2019 rumdam
556 1963 932 2036 impedimento
969 1963 1250 2032 sustineat,
1307 1978 1408 2018 nec
1436 1962 1632 2017 diutius
1659 1962 1849 2018 debeat

265 2059 536 2113 laborare.

788 2123 1113 2180 EPISTOLA
1161 2123 1332 2182 XXV.

684 2233 750 2272 Αῐ)
788 2233 1012 2272 ελνιιιυιι
1052 2231 1432 2271 ευΒοιΑοοιιιιιι.

265 2311 482 2367 Maneat
552 2308 859 2362 Palumbum
925 2309 1220 2376 episcopum
1276 2317 1332 2361 ut
1383 2324 1462 2360 res
1503 2305 1849 2360 Ecclesiarum

345 2395 546 2503 ιιειῗωο
605 2381 922 2449 diligentius,
982 2379 1060 2433 sin
1113 2380 1285 2432 minus
1334 2389 1504 2447 partes
1547 2378 1688 2431 illius
1740 2380 1851 2452 ἔρρε

343 2470 441 2519 exp
467 2461 566 2502 eat.

348 2541 637 2610 Gregorius
661 2538 858 2594 Savino
884 2538 1214 2593 subdiicono
1241 2538 1564 2609 regionario.

349 2633 599 2688 Pervenit
639 2632 704 2685 ad
749 2647 848 2685 nos
895 2631 1397 2686 reverendissimum
1437 2634 1651 2687 fratrem
1681 2643 1736 2688 et
1759 2648 1851 2688 co-

264 2726 580 2794 episcopnm
605 2734 841 2779 nostrum
867 2731 890 2758 ιι
916 2723 1247 2789 Palumbum,
1271 2724 1412 2791 quod
1436 2725 1538 2777 dici
1563 2739 1724 2793 grave
1744 2733 1849 2790 est,

269 2815 527 2871 Ecclesia:
557 2831 667 2869 sua:
695 2814 778 2868 vel
810 2815 1180 2882 parocliiarum
1209 2828 1400 2868 causas
1429 2816 1635 2884 1235
1667 2825 1721 2869 et
1747 2815 1850 2867 uti-

267 2909 452 2963 litates
482 2908 772 2977 negligere,
807 2917 865 2960 ut
894 2921 999 2961 non
1031 2907 1202 2962 solum
1231 2921 1318 2960 res
1343 2907 1550 2974 aliquas
1581 2907 1664 2959 Vel
1695 2919 1851 2959 man-

266 2999 416 3068 cipia
444 3014 648 3060 earum,
679 2998 774 3051 sed
799 2998 960 3050 etiam
999 3007 1054 3052 et
1097 2997 1389 3052 ministeria
1431 2996 1571 3064 apud
1611 2996 1849 3050 diversos

1965 467 2098 521 tiare
2128 467 2342 530 festina,
2372 478 2428 522 ιιι
2456 483 2484 522 a
2515 468 2667 524 nobis
2693 470 2820 537 quid
2851 479 2970 538 post
2997 477 3098 526 hoc
3130 473 3305 528 facere
3334 474 3536 531 debeas

1960 557 2257 612 instruaris.
2285 555 2311 596 δ
2336 557 2461 612 Data
2494 574 2677 612 mense
2706 559 2898 625 Martii,
2933 560 3118 617 indict.
3155 563 3211 618 6.

2469 666 2798 721 EPISTOLA
2837 668 3026 722 XXVI.

2326 773 2393 810 ΑΙ)
2431 772 2738 811 Ακτιιειιιυιι
2780 773 3163 814 SUBDIAGONUII.

1957 846 2224 901 Prisc/rasit"
2244 848 2464 918 episcopi
2492 850 2853 918 negligentiam
2883 865 3057 901 coram
3096 850 3292 905 selectis
3319 849 3529 904 testibus

2564 920 2923 990 reprehendat.

2014 1006 2321 1080 Gregorius
2351 1007 2640 1061 Anthemio
2670 1008 3002 1061 subdiacono
3029 1008 3356 1077 Campaniae.

2029 1097 2282 1152 Pervenit
2308 1099 2372 1152 ad
2405 1113 2504 1152 nos
2534 1099 2752 1152 fratrem
2784 1108 2840 1152 et
2869 1100 3243 1166 coepiscOpnm
3291 1107 3534 1152 nostrum

1958 1187 2304 1242 Pascbasium
2337 1188 2407 1240 ita
2445 1187 2685 1241 desidem
2730 1187 3191 1257 negligentemqne
3231 1189 3282 1242 in
3324 1190 3539 1243 cunctis

1955 1276 2190 1331 existere
2218 1274 2416 1346 (Grat.,
2456 1277 2577 1330 dist.
2619 1274 2710 1340 84,
2755 1293 2803 1329 c.
2851 1277 2928 1344 Ι),
2971 1279 3106 1330 utin
3139 1278 3286 1330 nullo
3308 1278 3430 1344 quia
3457 1285 3539 1333 est

1955 1367 2239 1436 episcopus
2261 1376 2612 1436 agnoscatur;
2643 1368 2784 1421 adeo
2807 1375 2866 1420 ut
2888 1382 3058 1436 neque
3083 1369 3315 1422 Ecclesia
3346 1369 3534 1436 ipsius,

1956 1472 2128 1528 neque
2155 1458 2502 1522 monasteria,
2534 1468 2556 1492 η
2588 1458 2701 1512 sive
2730 1457 2847 1526 filii,
2877 1457 2959 1512 vel
2990 1459 3228 1526 oppressi
3253 1474 3534 1527 pauperes,

1954 1555 2069 1620 ejus
2111 1567 2234 1622 erga
2274 1566 2333 1606 se
2371 1552 2670 1606 dilectionis
2707 1551 2938 1606 studium
2982 1552 3241 1617 sentiant,
3287 1567 3388 1606 nec
3437 1553 3536 1607 ali-

1953 1658 2112 1712 quam
2152 1642 2572 1712 supplicantibus
2613 1643 2714 1698 sibi
2742 1644 2794 1697 in
2819 1643 3011 1710 quibus
3038 1643 3236 1711 justum
3267 1653 3350 1698 est
3376 1659 3532 1712 opem

1884 1726 2278 1787 Bdefensionis
2308 1731 2696 1799 accommodet,
2750 1739 2830 1797 et,
2876 1732 3017 1800 quod
3067 1732 3239 1785 adhuc
3291 1731 3398 1784 dici
3452 1741 3536 1784 est

1955 1823 2204 1894 gravius,
2255 1822 2479 1876 consilia
2529 1823 2828 1890 sapientum
2887 1832 2940 1876 et
2997 1831 3141 1876 recta
3191 1821 3530 1874 suadentium

1955 1915 2096 1969 nulla
2149 1915 2382 1984 patiatur
2430 1915 2639 1970 ratione
2687 1899 3016 1986 suscipere,‘_i
3040 1923 3096 1966 ut
3145 1913 3283 1982 quod
3334 1928 3427 1977 per
3474 1927 3534 1966 se

1879 2064 1884 2069 ,
1953 2003 2139 2072 nequit
2178 2005 2476 2067 attendere,
2514 2004 2582 2057 ab
2621 2003 2727 2056 alio
2771 1994 3167 2069 saltem’possit
3213 2000 3530 2063 addiscere;

1952 2095 2072 2160 sed,
2107 2096 2267 2150 rebus
2295 2110 2412 2164 qua:
2443 2094 2510 2148 ad
2540 2095 2770 2162 pastoris
2795 2108 2979 2147 curam
3015 2092 3278 2160 pertinent
3307 2072 3530 2157 prae-ter-

1953 2183 2154 2247 missis,
2201 2185 2267 2237 ad
2301 2182 2664 2238 fabricandum
2709 2198 2870 2236 naves
2905 2190 3017 2234 toto
3044 2196 3103 2235 se
3130 2180 3306 2233 studio
3333 2176 3535 2231 inutili-

1953 2284 2033 2328 ter
2058 2288 2336 2342 occnpare.
2375 2274 2548 2342 Unde,
2593 2275 2734 2328 sicut
2774 2273 2963 2334 fertur,
3015 2271 3236 2339 contigit
3281 2267 3533 2336 quadrin-

1953 2372 2144 2432 gentos
2171 2365 2320 2417 illum
2346 2372 2437 2417 aut
2463 2365 2690 2431 amplius
2711 2363 2822 2432 jam
2848 2361 3049 2415 solidos
3079 2359 3394 2428 perdidisse.
3423 2357 3535 2411 lloc

1954 2469 2169 2523 quoque
2214 2454 2333 2523 ejus
2389 2454 2562 2522 culpis
2611 2453 2937 2521 adjungitnr,
2987 2452 3128 2518 quod
3183 2452 3250 2503 ita
3297 2447 3537 2516 quotidie

1954 2546 2237 2616 despectus
2289 2560 2411 2599 cum
2460 2559 2567 2599 uno
2605 2555 2696 2597 aut
2733 2543 2940 2598 duobus
2978 2543 3190 2596 clericis
3228 2541 3420 2594 dicitur
3465 2539 3534 2593 ad

1955 2654 2102 2694 mare
2146 2638 2495 2704 descendere,
2549 2649 2605 2691 nt
2644 2647 2699 2692 et
2727 2638 2864 2707 apud
2912 2651 3037 2691 suos
3066 2636 3115 2688 in
3147 2633 3319 2687 fabula
3350 2633 3438 2696 sit,
3483 2641 3537 2684 et

1955 2731 2226 2786 extraneis
2255 2732 2334 2786 sic
2376 2733 2496 2786 vilis
2525 2747 2586 2786 ac
2614 2730 2958 2801 despicabilis
3003 2730 3264 2790 videatur,
3309 2735 3367 2778 nt
3405 2724 3536 2777 nihil

1957 2820 2238 2876 baberein
2267 2839 2326 2876 se
2348 2824 2668 2893 episcopalis
2699 2825 2779 2876 vel
2812 2822 2951 2892 genii
2983 2822 3067 2876 Vel
3103 2821 3419 2874 reverentiae
3443 2818 3538 2886 ju-

1955 2910 2184 2965 dicetur.
2225 2913 2376 2980 Quod
2421 2915 2468 2967 si
2515 2916 2584 2968 ita
2635 2923 2736 2976 est,
2783 2929 2887 2967 non
2929 2913 3043 2966 sine
3093 2913 3247 2980 culpa
3296 2920 3380 2963 tua
3411 2923 3534 2962 esse

1956 3013 2282 3068 cognoscas,
2333 3000 2361 3039 ι’
2411 3003 2502 3071 qui
2553 3017 2676 3057 eum
2726 3002 3012 3071 objurgare
3059 3013 3216 3069 atque
3260 3009 3535 3060 coercere,

266 3107 397 3147 esse
426 3090 636 3144 incaute
661 3090 910 3158 patiatur.
935 3088 1084 3154 Quod
1114 3088 1188 3141 ita
1224 3101 1345 3141 esse
1374 3086 1475 3140 hoc
1502 3087 1664 3140 etiam
1693 3087 1847 3140 nobis
1878 3088 1920 3148 C
1958 3091 2168 3160 1236
2197 3099 2251 3143 ut
2278 3091 2494 3158 dignum
2520 3101 2632 3154 est,
2653 3087 2924 3158 distulisti;
2948 3091 3078 3153 Quia
3103 3103 3231 3157 ergo
3248 3088 3348 3140 boc
3365 3095 3531 3140 totum

268 3200 341 3240 ex
369 3193 521 3253 parte
555 3182 729 3250 aliqua
761 3181 932 3234 innuit
959 3195 1023 3236 ac
1053 3179 1357 3243 conﬁrmat,
1392 3179 1530 3247 quod
1562 3181 1853 3249 Gregorius

273 3279 419 3334 lator
463 3273 829 3343 praesentium,
871 3272 961 3341 qui
986 3271 1122 3339 juris
1144 3285 1204 3325 se
1231 3270 1543 3325 Emolitana:
1576 3271 1851 3343 Ecclesiae,

270 3383 398 3438 qua:
428 3369 477 3420 in
501 3365 615 3433 ejus
643 3363 859 3418 dicecesi
882 3362 1171 3417 constituta
1200 3370 1301 3426 est,
1334 3375 1456 3415 esse
1486 3362 1753 3431 perhibet,
1783 3365 1850 3420 ab

270 3461 385 3515 alio
410 3473 469 3514 se
501 3457 758 3519 indebite,
790 3470 854 3509 eo
881 3462 1178 3523 praesente,
1211 3455 1452 3525 queritur
1481 3456 1700 3510 servitio
1725 3458 1854 3512 sub-

265 3553 467 3624 jugari.
497 3552 724 3619 Ideoque
761 3548 1088 3616 experientia
1131 3555 1222 3601 tua
1269 3547 1580 3616 praedictum
1630 3547 1845 3605 fratrem

273 3652 518 3698 nostrum
565 3641 774 3694 studeat
825 3652 1199 3704 commonere,
1253 3647 1313 3692 ut
1357 3652 1446 3692 res
1493 3639 1849 3696 Ecclesiarnm

271 3738 358 3791 vel
390 3735 760 3805 parocliiarttm
808 3745 1024 3786 suarum
1062 3734 1178 3786 sive
1213 3730 1529 3794 ministeria,
1559 3732 1852 3786 rationabi-

272 3828 399 3884 liter
439 3824 668 3877 vindicet
719 3831 883 3890 atque
927 3820 1214 3887 defendat,
1261 3829 1315 3875 et
1355 3820 1425 3874 ab
1462 3821 1581 3874 aliis
1620 3822 1851 3877 detineri

272 3923 422 3976 nullo
452 3921 610 3973 modo
639 3917 884 3986 patiatur.
919 3917 971 3970 Iit
1003 3931 1104 3986 qua
1139 3932 1199 3972 re
1228 3933 1295 3971 ne
1331 3933 1492 3986 quam
1523 3916 1660 3972 forte
1685 3934 1847 3974 excu-

270 4013 533 4069 sationem
565 4011 738 4064 Valeat
765 4009 1023 4076 invenire,
1058 4019 1145 4062 tua
1175 4009 1222 4063 ei
1253 4011 1497 4065 volumus
1520 4013 1664 4065 salva
1686 4013 1850 4080 tequi-

270 4113 381 4159 tate
425 4104 614 4157 adesse
658 4102 865 4154 solatia.
914 4100 1082 4164 Quem
1112 4099 1156 4153 si
1189 4099 1341 4163 forte,
1375 4110 1431 4154 ut
1461 4100 1715 4155 hactenus
1743 4117 1847 4154 ex-

269 4195 426 4262 sttit,
459 4192 654 4246 videris
683 4205 802 4244 esse
843 4189 1218 4259 negligentem,
1251 4203 1310 4243 ea
1345 4205 1462 4258 qua:
1504 4206 1623 4244 eum
1669 4191 1844 4246 facere

267 4293 579 4354 Oportuerat
606 4293 658 4337 te
684 4297 844 4352 agere
871 4282 1115 4335 volumus
1140 4289 1195 4335 et
1230 4281 1455 4346 implere
1485 4281 1536 4334 in
1572 4283 1844 4348 omnibus,

266 4387 530 4447 quatenus
572 4372 937 4426 Ecclesiarum
987 4372 1187 4424 utilitas
1229 4373 1371 4426 nulla
1417 4375 1701 4429 occasione
1743 4375 1843 4429 de-

1958 3196 2066 3235 non
2096 3182 2272 3234 solum
2302 3182 2474 3247 ipsum
2515 3180 2791 3249 reprobat,
2822 3180 2917 3234 sed
2947 3180 3106 3234 etiam
3133 3179 3198 3232 ad
3230 3178 3533 3230 sacerdota-

1955 3271 2021 3324 lis
2060 3269 2222 3324 officii
2263 3269 2532 3338 pertinere
2576 3269 2836 3339 probatur
2871 3268 3239 3338 opprobrium,
3290 3266 3533 3318 volumus

1954 3372 2013 3419 ut
2052 3379 2174 3419 eum
2214 3377 2394 3417 coram
2441 3362 2562 3417 aliis
2607 3362 2980 3416 sacerdotibus
3008 3361 3090 3414 vel
3117 3357 3432 3428 quibusdam
3463 3357 3531 3409 de

1955 3455 2082 3509 ﬁliis
2108 3455 2221 3509 suis
2251 3441 2524 3508 nobilibus.
2560 3452 2853 3508 contestari
2885 3467 2980 3520 pro
3008 3453 3105 3504 hac
3135 3466 3193 3503 re
3225 3428 3529 3518 debeasbet

1953 3548 2228 3601 adhortari
2258 3557 2335 3611 ut,
2365 3546 2493 3600 vitio
2532 3546 2763 3614 torporis
2801 3559 3054 3606 excusso,
3081 3543 3237 3597 deses
3266 3556 3386 3595 esse
3403 3527 3529 3592 inon

1953 3637 2163 3702 debeat,
2199 3638 2292 3693 sed
2325 3638 2377 3691 in
2408 3637 2659 3692 Ecclesiae
2698 3652 2810 3690 suae
2839 3651 2902 3690 ac
2930 3635 3372 3689 monasteriorum
3402 3646 3526 3683 cura

1952 3733 2020 3785 sit
2046 3732 2286 3800 vigilans,
2319 3742 2592 3801 paternam
2623 3732 2747 3786 filiis
2773 3734 2884 3788 suis
2913 3731 3226 3787 charitatem
3259 3727 3527 3790 exhibeat,

1951 3822 2004 3877 in
2028 3821 2390 3878 defensionem
2422 3839 2710 3894 pauperum
2741 3838 2859 3878 cum
2889 3820 3231 3886 discretione,
3259 3818 3309 3871 in
3335 3815 3526 3884 quibus

1946 3912 2151 3982 jnstitia
2203 3918 2476 3982 suaserit,
2524 3919 2593 3971 sit
2643 3926 2894 3978 erectus,
2947 3913 3168 3969 consilia
3222 3910 3524 3977 sapientum

1950 4004 2182 4059 libenter
2210 4009 2486 4074 suscipiat,
2519 4021 2782 4075 quatenus
2811 4017 2864 4062 et
2885 4007 3074 4061 civitas
3107 4005 3190 4058 illa
3223 4005 3338 4071 ejus
3367 4008 3526 4070 queat

1948 4089 2625 4170 sollicitudineconsolari,
2674 4107 2727 4152 et
2774 4099 2886 4164 ipse
2918 4098 3135 4151 desidiae
3183 4110 3293 4147 sua:
3339 4092 3525 4157 culpas

1948 4184 2124 4238 valeat
2152 4185 2481 4254 OperireJSi
2517 4201 2668 4251 vero,
2719 4186 2862 4256 quod
2910 4203 3014 4239 non
3065 4185 3354 4244 credimus,
3408 4189 3525 4248 posl

1948 4277 2085 4332 hanc
2113 4277 2536 4331 adhortationem
2569 4285 2803 4330 nostram
2846 4277 3002 4330 solito
3043 4275 3219 4328 adhuc
3248 4287 3396 4325 more
3430 4286 3525 4322 ne-

1947 4371 2151 4442 gligens
2187 4383 2307 4426 esse
2354 4369 2660 4434 tentavcrit,
2691 4369 2758 4420 ad
2790 4381 2890 4420 nos
2935 4374 3018 4420 est
3058 4363 3231 4417 modis
3275 4359 3523 4413 omnibus

336 4530 517 4584 Ertsr.
558 4526 727 4602 XXIV
756 4525 864 4602 (ᾼί.
893 4524 1006 4602 29‘).
1035 4553 1106 4564 --
1146 4533 1174 4602 ξι
1207 4526 1255 4602 Is
1282 4537 1398 4602 erat
1427 4531 1710 4602 episcopus
1741 4531 1837 4588 Ni-
1867 4542 1921 4602 Ῑ)
1945 4527 2060 4602 56,ί
2089 4530 2260 4602 epist._
2294 4529 2361 4583 15
2389 4526 2625 4602 ejusdem
2648 4524 2772 4602 libri
2804 4539 2854 4576 ιιι
2883 4541 2896 4588 ;
2928 4537 3045 4602 cap.
3078 4522 3170 4589 4⁸5,
3194 4516 3426 4602 epistola
3451 4518 3518 4569 47

265 4609 482 4661 coterm,
513 4616 576 4654 ex
604 4599 758 4663 epist.
788 4597 876 4650 48.
922 4595 1010 4650 lib.
1040 4611 1119 4659 tx,
1145 4597 1330 4653 indict.
1353 4598 1408 4650 2.

337 4670 513 4722 Ertsv.
563 4668 704 4723 XXV
745 4667 851 4739 [ΑΙ.
883 4664 996 4737 30].
1026 4693 1092 4706 ——
1122 4675 1147 4702 ⁸
1180 4667 1348 4721 Antea
1400 4668 1698 4735 Proculum,
1743 4673 1836 4727 sed

265 4752 393 4792 niss.
425 4753 515 4791 sex
556 4741 778 4791 Codices
822 4739 1032 4807 Optimae
1079 4746 1240 4807 note,
1290 4754 1425 4807 quos
1470 4742 1832 4807 constituimus

261 4810 454 4876 quibus
494 4809 692 4862 similes
723 4805 1015 4876 suntEdit.
1056 4805 1212 4869 1504,
1244 4805 1402 4871 1508,
1436 4805 1594 4872 1559,
1629 4821 1678 4863 et
1715 4814 1832 4866 alia:

260 4875 492 4946 antiqua:
538 4879 716 4946 Ινςτιηι
758 4875 1090 4930 Palumbum.
1136 4879 1356 4932 Videtur
1399 4890 1574 4932 autem
1623 4879 1831 4934 l’alnm-

261 4950 358 5001 bus
391 4964 508 5002 esse
531 4949 812 5018 epiStmptls
840 4950 1163 5012 Consentire,
1195 4950 1261 5002 de
1298 4963 1403 5018 quo
1442 4950 1498 5001 fit
1539 4951 1737 5003 mentio
1777 4953 1826 5005 in

259 5019 416 5086 epist.
449 5020 482 5071 4
518 5020 552 5071 Ι.
583 5033 673 5077 νιι,
699 5017 882 5070 indict.
909 5019 960 5083 ‘l,
991 5033 1128 5071 nunc
1163 5017 1325 5084 epiSl.
1349 5021 1382 5072 5
1420 5019 1515 5073 lib.
1545 5035 1658 5072 vm.
1692 5020 1828 5074 Gus-

258 5102 408 5143 smv.
443 5089 519 5158 ᾼιι
542 5086 806 5158 eumdem
825 5102 1045 5158 quoque
1059 5089 1241 5158 scribit
1269 5098 1484 5143 sanctus
1511 5090 1822 5158 Gregorius,

256 5161 414 5226 epist.
439 5155 506 5210 47
537 5157 630 5210 lib.
673 5171 744 5218 tv,
793 5154 978 5227 indict.
1019 5155 1090 5227 ‘2._
1117 5156 1381 5210 Laudatur
1430 5161 1542 5213 haec
1572 5154 1727 5227 epist.
1760 5163 1826 5216 ab

257 5222 561 5286 Hincmaro,
586 5226 842 5294 opusculo
871 5223 956 5287 55,
988 5238 1038 5277 c.
1066 5222 1152 5277 45.
1185 5228 1265 5279 Ab
1294 5227 1480 5280 eodem
1523 5222 1701 5284 multa:
1745 5235 1823 5283 ci-

259 5308 434 5350 tantur
479 5299 719 5364 epistola-
748 5294 914 5347 sancti
946 5295 1208 5362 Gregorii,
1241 5306 1298 5347 ut
1323 5298 1476 5348 tertia
1516 5299 1630 5351 libri
1666 5314 1737 5361 Ix,
1772 5304 1822 5354 iu

255 5369 630 5433 capitularibns
657 5365 826 5420 Caroli
859 5364 1028 5426 Calvi,
1061 5365 1140 5416 tit.
1178 5365 1207 5416 '.'
1236 5379 1354 5431 cap.
1388 5368 1592 5418 ultimo.
1626 5372 1821 5422 Octava

255 5438 491 5504 ejusdem
534 5438 680 5498 libri,
711 5437 761 5487 in
794 5450 978 5502 upusc.
1023 5435 1113 5499 55,
1143 5447 1192 5486 c.
1221 5433 1282 5486 l7
1309 5451 1320 5497 ;
1357 5435 1507 5496 ibid.,
1532 5437 1689 5501 epist.
1723 5441 1822 5490 1(ιὸ

255 5506 446 5558 laudati
479 5506 594 5557 libri
634 5507 778 5557 noni.
826 5505 1073 5564 E;u‘~tlem
1106 5505 1345 5570 opusculi
1378 5518 1498 5568 cap.
1530 5509 1597 5552 ιιι)
1625 5508 1821 5559 citatnr

255 5576 410 5640 epist.
448 5575 544 5628 107
577 5575 818 5642 ριςιηίιριὶ
849 5575 989 5626 libri.
1023 5576 1150 5640 (23p.
1182 5575 1272 5636 ‘22,
1304 5573 1533 5626 refertur
1561 5574 1718 5639 epist.
1747 5575 1817 5628 45
1848 5587 1852 5591 ‘

254 5647 368 5700 libri
403 5661 472 5711 st,
501 5648 563 5700 ad
596 5645 952 5700 'l'lteoctistatn
982 5643 1049 5699 dc
1087 5645 1280 5701 bwrcsi
1320 5642 1657 5709 infamatum;
1691 5658 1810 5712 cap.

1945 4589 2062 4654 libri
2116 4589 2190 4654 is.
2245 4599 2298 4652 In
2345 4589 2600 4665 opusculo
2648 4594 2875 4663 denique
2905 4589 3141 4665 _42,_s_eu
3193 4591 3244 4642 in
3293 4589 3517 4654 epistoa

1940 4669 2115 4724 Caroli
2162 4669 2307 4723 Calvi
2364 4662 2580 4722 nomine
2627 4662 2822 4732 scripta
2854 4663 2918 4716 ad
2962 4662 3248 4732 Adriannm
3302 4673 3513 4732 papam,

1939 4740 2220 4793 adducitur
2247 4755 2310 4791 ex
2343 4739 2499 4806 epist.
2535 4734 2635 4789 116
2663 4727 2782 4788 libri
2810 4748 2864 4786 ix
2891 4733 3100 4802 insigne
3128 4727 3510 4783 testimonium.

2007 4807 2034 4844 δ
2071 4810 2193 4862 llazc
2217 4809 2374 4861 nullis
2404 4811 2456 4861 in
2484 4808 2611 4861 Mss.
2645 4806 2961 4874 reperimus.

2013 4878 2192 4948 Ertsr.
2224 4877 2388 4931 XXVI
2421 4877 2528 4948 [AL
2569 4863 2828 4948 i’il].'——__li
2863 4874 2916 4948 |_n
2944 4870 3183 4948 Escusis,
3216 4863 3515 4948 ﬁlii'Ecele-

1935 4948 2045 5002 site.
2075 4947 2320 5002 Ultimatn
2347 4936 2528 5000 vocem
2561 4936 2658 5001 nec
2685 4947 2736 4999 in
2773 4944 3060 5005 Vaticanis,
3097 4955 3192 4992 nec
3217 4941 3266 4988 in
3299 4936 3507 4998 Nomm,

1933 5018 2194 5080 Colbert.,
2227 5027 2316 5069 ant
2345 5017 2461 5070 aliis
2491 5018 2614 5070 Mss.
2645 5017 2974 5083 reperimus;
3024 5012 3161 5085 unde
3206 5009 3374 5085 illam_
3396 5020 3510 5056 res-

1932 5089 2196 5157 puendum
2254 5086 2535 5150 duximus;
2585 5087 2628 5139 si
2680 5085 2776 5157 qui
2827 5083 3220 5157 tamenipsatu
3260 5083 3509 5157 Ietinere

1933 5145 2217 5224 voluerint,
2254 5172 2347 5225 per
2380 5171 2476 5209 nos
2507 5145 2652 5210 licet.
2683 5145 2779 5221 Qui
2826 5170 2953 5208 vero
2990 5145 3097 5205 sint
3125 5149 3220 5218 ﬁlii
3253 5145 3494 5199 Ecclesia:

1929 5229 2182 5282 docemus
2213 5231 2264 5280 in
2297 5227 2434 5280 notis
2463 5229 2524 5278 ad
2556 5229 2711 5290 epist.
2741 5225 2808 5279 56
2841 5226 2933 5277 lib.
2962 5238 3036 5275 ut.

2000 5297 2026 5336 δ
2061 5299 2197 5350 Dura
2230 5299 2388 5350 verba
2440 5284 2690 5365 episcopo
2736 5310 2764 5346 a
2807 5295 3133 5348 subdiacono
3179 5284 3497 5365 intimanda.

1927 5366 2034 5420 Nec
2065 5369 2259 5420 leviora
2305 5376 2428 5420 sunt
2463 5360 2579 5433 qua:
2624 5360 2920 5433 sequuntur
2946 5376 3127 5433 Coram
3156 5360 3274 5433 aliis
3301 5370 3501 5433 expro:

1931 5436 2152 5489 branda.
2198 5437 2442 5490 Scribant
2472 5432 2655 5488 Sancto
2686 5432 2962 5501 Gregorio,
2996 5432 3193 5506 dicam,
3238 5432 3372 5506 nunc
3402 5432 3495 5502 (ιιμι

1928 5507 2322 5572 Correptionein
2376 5507 2694 5572 improbant,
2748 5499 3176 5572 episcopalisqne
3224 5499 3498 5564 dignitatis

1927 5571 2099 5652 lgesae,’
2117 5578 2428 5652 acerrimum
2452 5571 2690 5652 ejusdem
2710 5574 2980 5646 dignitatis
3003 5571 3289 5635 vindicem,
3319 5579 3491 5627 reum,

1923 5644 1968 5696 si
2004 5644 2226 5712 possint,
2262 5655 2532 5714 peragunt.
2561 5648 2766 5701 Aucs'r.
