4026 6332
243 309 369 365 1281

915 309 1393 366 EPISTOLARUM
1435 310 1564 368 LIB.
1607 313 1739 366 XIII.
1765 341 1833 352 —
1861 311 2106 366 INDICT.
2151 312 2236 366 VI.
2277 341 2346 354 -ι
2387 315 2598 370 ΕΡ18Τ.
2644 316 2859 372 XXXII.

3358 322 3497 376 1283

241 429 338 472 tua:
369 415 669 471 sanctitatis
704 415 930 484 perpeti,
961 433 1080 485 qua:
1110 433 1207 472 nos
1233 416 1389 473 facile
1429 436 1534 472 non
1563 420 1812 473 duximus
1842 423 1890 480 Α
1916 429 1998 472 tur
2023 421 2153 484 cceli,
2186 431 2233 474 et
2276 423 2491 476 exsultet
2537 433 2668 477 terra
2701 425 2875 490 (Psal.
2904 443 3022 495 xcv,
3069 429 3188 498 11),
3223 432 3368 485 etde
3399 447 3492 486 ve-

241 498 524 564 credenda.
556 506 659 561 Sed
691 507 814 573 quia
850 505 962 559 lucc
996 507 1296 574 relinquere
1321 509 1437 563 sine
1468 510 1814 578 inquisitione

241 614 344 652 non
378 610 679 664 pOsBltﬂllIS,
715 595 865 647 fratri
896 605 949 648 et
977 596 1299 663 coepiscopo
1329 606 1515 651 nostro
1548 598 1818 651 Venantio

243 687 355 755 ejus
387 699 602 740 causam
635 684 1006 753 deputavimus
1036 686 1389 739 ventilandam
1416 726 1431 751 ,
1466 695 1523 740 ut
1551 687 1819 741 subtiliter

240 778 351 844 ipse
380 785 666 844 cngnoscat
689 814 704 837 ,
737 773 996 842 nobisque
1026 776 1313 829 renuntiet.
1344 775 1455 828 Tua
1488 777 1667 843 itaque
1710 776 1818 828 fra-

240 866 460 920 ternitas
489 865 734 918 eumdem
765 863 1073 931 episcopum
1102 877 1222 917 cum
1253 863 1538 918 defensore
1565 863 1818 917 Ecclesia:

239 968 346 1008 sua:
382 954 482 1009 sub
511 952 852 1007 festinatione
877 952 955 1006 ad
989 954 1296 1021 praedictum
1329 953 1546 1006 fratrem
1578 953 1804 1022 dirigat,

241 1056 296 1100 ut
319 1060 435 1111 nos,
469 1045 707 1116 ejusdem
755 1045 949 1112 negotii
991 1045 1200 1113 cognita
1253 1043 1494 1110 veritate,
1546 1045 1659 1098 suis
1706 1045 1820 1111 ipse

240 1137 479 1205 epistolis
507 1136 767 1190 certiores
797 1135 1006 1187 reddat.

755 1223 1089 1278 EPISTULA
1133 1221 1302 1276 XXXI

651 1333 716 1370 AD
757 1331 964 1369 PIIOCAM
1005 1329 1402 1368 IMPERATOREI.

243 1406 499 1461 Pessimas
540 1423 680 1475 reges
727 1408 794 1458 ad
844 1405 1020 1472 populi
1045 1412 1251 1474 peccata
1280 1403 1818 1475 puniienda,‘_optimos

310 1478 378 1529 ad
425 1472 746 1528 subditorum
792 1472 1194 1526 consolationem
1245 1474 1504 1526 constitui.
1558 1472 1818 1525 Hortatur

312 1555 368 1598 ut
392 1547 607 1615 afﬂicta:
631 1544 925 1612 reipublica:
950 1543 1236 1596 subveniat.

311 1633 618 1702 Gregorius.
633 1633 825 1686 Phocte
853 1638 1112 1700 Augusto.

311 1724 550 1788 a,Gloria
573 1725 625 1778 in
656 1725 882 1778 excelsis
916 1723 1045 1786 Deo,
1077 1723 1188 1790 qui,
1214 1721 1372 1790 juxta
1392 1718 1534 1798 quod
1561 1721 1816 1788 scriptum

237 1825 345 1880 est,
368 1816 612 1868 immutat
637 1823 871 1882 tempora
891 1856 904 1880 ,
929 1822 981 1865 et
1005 1812 1256 1865 transfert
1276 1793 1466 1880 regna;
1485 1819 1538 1864 et
1567 1814 1689 1878 quia
1721 1810 1818 1864 hoc

241 1909 448 1962 cunctis
494 1905 722 1958 innotuit
767 1902 908 1973 quod
941 1917 1033 1971 per
1063 1901 1374 1970 prophetam
1409 1915 1562 1953 suum
1610 1901 1819 1970 1239

237 1997 380 2066 loqui
407 1996 652 2065 dignatus
681 2005 793 2059 est,
819 1995 1002 2048 dieens
1037 2011 1049 2046 :
1087 1993 1223 2060 Quia
1258 1994 1554 2046 dominatur
1583 1994 1814 2046 excelsus

236 2089 289 2140 in
317 2102 470 2156 regno
490 2085 768 2152 hominum,
801 2094 848 2138 et
877 2085 958 2137 cui
983 2085 1194 2137 voluerit
1223 2085 1333 2150 ipse
1361 2083 1451 2134 dat
1485 2082 1619 2136 illud
1643 2083 1812 2150 (Dan.

236 2193 310 2244 tv,
339 2178 448 2246 14).
482 2177 536 2231 In
576 2176 956 2244 omnipotentis
1001 2175 1194 2245 quippe
1224 2177 1314 2229 Dei
1355 2176 1817 2243 incomprehensi-

238 2268 331 2322 bili
361 2267 760 2335 dispensatione
782 2266 982 2320 alterna
1011 2277 1134 2320 sunt
1165 2266 1286 2319 vitae
1311 2265 1548 2320 mortalis
1570 2267 1816 2319 modera-

235 2359 408 2422 mina,
443 2367 494 2410 et
521 2355 805 2425 aliquando
835 2371 953 2410 cum
1009 2356 1294 2409 multorum
1320 2365 1534 2423 peccata
1581 2356 1815 2410 ferienda

235 2457 389 2510 sunt,
436 2462 568 2501 unus
611 2447 831 2515 erigitur
862 2461 956 2514 per
985 2446 1134 2512 cujus
1167 2446 1422 2500 duritiam
1452 2447 1810 2501 tribulationis

228 2536 361 2604 jugo
389 2537 746 2603 subjectorum
777 2537 909 2588 colla
937 2535 1324 2604 deprimantur,
1357 2535 1498 2603 quod
1536 2537 1588 2587 in
1619 2544 1804 2589 nostra

232 2625 439 2678 diutius
482 2624 771 2678 afﬂictione
801 2625 1491 2702 probavittius,'_A|iquatido
1537 2640 1665 2678 vero
1691 2641 1812 2680 cunt

235 2715 544 2768 misericors
576 2716 718 2768 Deus
739 2711 765 2749 δ
791 2715 1070 2768 maerentia
1099 2716 1382 2769 multorum
1411 2715 1570 2769 corda
1600 2730 1693 2769 sua
1722 2717 1816 2770 de-

233 2806 407 2860 crevit
459 2807 821 2860 consolatione
869 2807 1148 2871 refovere,
1205 2821 1366 2860 unum
1426 2807 1490 2860 ad
1543 2809 1814 2875 regiminis

235 2898 454 2951 culmen
488 2899 749 2966 provehit,
799 2909 850 2952 et
898 2914 991 2965 per
1032 2900 1147 2966 ejus
1194 2897 1571 2952 misericordiae
1612 2899 1814 2953 viscera

229 2988 287 3044 in
339 3002 648 3043 cunctorum
699 2990 966 3042 mentibus
1013 2988 1384 3042 exsultationis
1424 3003 1535 3041 suae
1585 2989 1811 3057 gratiam

229 3078 489 3134 infundit.
525 3079 599 3130 De
644 3092 744 3144 qua
788 3077 1158 3130 exsultationis
1208 3078 1527 3131 abundantia
1570 3079 1810 3134 roborari

224 3182 336 3224 nos
361 3168 518 3220 citius
539 3165 829 3229 credimus,
863 3167 950 3233 qui
982 3165 1359 3234 benignitatem
1382 3175 1572 3221 vestrae
1597 3171 1806 3235 pietatis

222 3261 295 3316 ad
327 3259 602 3326 imperiale
631 3256 891 3326 fastigium
924 3256 1226 3326 pervenisse
1251 3256 1566 3324 gaudemus.
1597 3257 1802 3314 Lteten-

305 3389 486 3444 EPIST.
521 3386 690 3441 XXXI
715 3385 822 3458 [Αι.
854 3385 975 3457 58].
997 3415 1069 3429 --
1095 3394 1117 3458 9
1141 3385 1276 3458 Olim
1308 3388 1373 3458 in,
1396 3389 1555 3441 rebus
1593 3390 1729 3446 laetis
1758 3402 1813 3448 et

222 3461 523 3532 gratiarum
550 3457 843 3532 actionibus
867 3457 1107 3532 usurpari
1130 3457 1346 3532 solitum
1364 3457 1614 3532 hymnum
1631 3460 1812 3516 Gloria

224 3528 284 3585 in
328 3529 535 3582 excelsis
578 3528 701 3590 Deo,
726 3528 833 3595 jam
863 3528 1264 3581 observavimus
1296 3529 1384 3579 lib.
1420 3543 1472 3590 v,
1502 3529 1660 3596 epist.
1703 3532 1771 3584 59
1792 3572 1808 3596 ,

227 3608 362 3655 nota
393 3599 449 3650 d.
478 3599 765 3665 Antiquam
799 3613 998 3650 morem
1043 3613 1192 3650 suam
1223 3596 1534 3650 testilicandt
1571 3600 1806 3655 laetitiam

227 3669 392 3736 hujus
444 3669 624 3737 hymni
672 3669 1069 3730 decantatione,
1105 3681 1478 3736 perSeverasse
1523 3683 1689 3736 usque
1739 3672 1806 3724 ad

223 3738 408 3793 Caroli
439 3737 573 3806 ﬂag.
606 3747 860 3804 tempora,
888 3747 1031 3802 patet
1051 3753 1114 3791 ex
1137 3738 1416 3790 Anastasio
1439 3740 1488 3789 in
1519 3738 1694 3791 Leone
1721 3740 1801 3794 III.

227 3807 456 3870 Pariter,
487 3809 672 3873 inquit,
706 3822 757 3859 se
785 3807 1139 3875 amplectentes
1168 3821 1282 3859 cum
1312 3809 1548 3875 lacrymis
1570 3824 1624 3859 se
1651 3824 1804 3861 oscu-

224 3877 327 3931 ιιιιὶ
357 3885 471 3928 sunt
502 3877 633 3944 (Leo
655 3885 709 3928 et
737 3875 977 3936 Carolus)
1003 3887 1049 3929 et
1071 3877 1313 3942 praedicto
1341 3879 1582 3944 ponti/ica
1622 3876 1802 3933 Gloria

225 3951 282 4000 in
330 3945 557 4016 excelsis
604 3944 712 4016 Deo
757 3945 1043 4016 inchoante,
1077 3957 1198 4016 etc.
1252 3946 1447 3999 Verum
1482 3948 1634 4014 paulo
1682 3962 1803 4016 post

225 4016 390 4082 hujus
445 4013 624 4082 hymni
673 4015 788 4066 loco
817 4015 1085 4066 decantari
1118 4017 1280 4082 cmpit
1311 4017 1379 4067 Te
1413 4013 1575 4068 Deum
1622 4013 1806 4072 lauda-

225 4100 370 4136 mus.
405 4082 460 4136 Si
491 4084 702 4150 quidem
730 4085 1028 4152 Stephanus
1078 4099 1206 4151 papa
1238 4096 1491 4151 exceptus
1533 4097 1613 4139 est
1660 4088 1803 4142 [tlte-

226 4167 338 4207 ntis
369 4169 395 4202 a
423 4152 846 4225 Ludov_i_co_Pio,l
874 4155 1260 4225 prwcinentibus
1282 4171 1374 4225 pro
1404 4166 1545 4207 tanta
1577 4161 1805 4210 exsulta-

228 4225 374 4277 tione
409 4224 558 4275 variis
591 4221 835 4294 Ecclesia;
878 4224 1138 4276 ordinibus
1168 4225 1242 4277 'l‘e
1282 4221 1450 4278 Deum
1484 4228 1762 4280 laudatum
1785 4269 1801 4294 ,

226 4304 366 4355 etc.,
401 4294 526 4345 utin
558 4294 792 4360 ejusdem
819 4293 1070 4346 Ludovici
1097 4295 1169 4347 Pii
1200 4294 1310 4347 Vita
1338 4297 1547 4362 legitur.
1581 4298 1632 4349 ltt
1658 4293 1805 4352 more

226 4373 391 4416 etiam
425 4363 653 4429 positum
688 4373 800 4416 erat
827 4365 963 4431 apud
992 4363 1240 4426 (ἔκρουε,
1273 4366 1354 4417 his
1388 4367 1594 4430 verbis,
1626 4365 1805 4420 Gloria

224 4432 286 4482 iis
315 4432 521 4483 excelsis
552 4431 676 4501 Deo,
709 4441 811 4484 etc.
835 4472 850 4496 ,
881 4431 955 4484 nti
994 4432 1059 4484 ad
1097 4434 1292 4498 gratias
1332 4438 1585 4501 agendas,
1620 4446 1676 4488 ut
1713 4454 1806 4490 ex-

227 4514 423 4574 presse
447 4500 1038 4574 docet_Clirysustomus
1061 4501 1282 4574 _ltomil.,_
1305 4504 1339 4555 5
1371 4500 1419 4574 in
1453 4519 1572 4574 cap.
1603 4520 1617 4558 ι
1645 4505 1798 4574 epist.

224 4571 300 4642 ad
332 4569 540 4642 Qoloss.
576 4568 740 4620 Porro
770 4585 869 4635 qua
898 4570 1176 4642 occasione
1196 4571 1424 4642 epistola
1458 4568 1571 4625 huic
1605 4568 1802 4642 scripta

223 4637 628 4710 fuerit,_otn_nes
664 4649 877 4691 norunt.
930 4639 1390 4710 Insuperiortbus
1437 4637 1794 4710 Edttionibus,

224 4706 410 4779 igitur
431 4705 548 4760 libri
573 4719 648 4772 χι,
682 4721 820 4760 nunc
851 4707 1197 4779 xttt,__legitur_
1235 4711 1332 4760 sub
1361 4710 1512 4762 titulo
1539 4712 1694 4779 epist.
1729 4716 1754 4764 1
1781 4705 1796 4764 Ξ

223 4773 312 4826 De
344 4774 516 4828 Phoca
537 4784 797 4841 coronato,
830 4787 933 4830 etc.
967 4773 1158 4830 Verum
1187 4777 1285 4830 hoc
1310 4780 1372 4830 ad
1398 4773 1594 4832 calcem
1618 4796 1804 4834 aman-

222 4845 463 4918 dandum
497 4849 826 4918 censuimus.
883 4845 1203 4918 Gregorium
1245 4857 1472 4918 arguunt
1527 4850 1800 4914 nonnulli,

220 4915 380 4981 quasi
403 4915 749 4986 tleblauricio
779 4918 1029 4986 iniquius,
1059 4919 1125 4969 de
1150 4915 1324 4970 Phoca
1346 4917 1640 4972 adulatorie
1668 4920 1802 4972 scri-

223 4986 416 5051 pserit.
451 4981 670 5047 Verum,
701 4995 754 5038 ut
779 4981 1046 5041 taceamus
1072 4986 1350 5040 adversum
1381 4988 1432 5040 itt
1460 4990 1635 5040 multis
1659 4987 1796 5042 Gre-

263 5065 384 5105 or.o
425 5053 586 5123 fuisse
620 5054 947 5118 Mauricium.
980 5071 1172 5123 nempe
1200 5057 1251 5109 itt
1282 5061 1643 5111 controversia
1676 5074 1798 5112 cum

261 5137 433 5176 uanne
459 5122 1039 5191 Constantitwpolitano
1062 5122 1377 5180 tecumenici
1403 5127 1610 5183 titulum
1646 5144 1800 5180 usur-

219 5203 406 5266 pante,
461 5191 513 5244 in
559 5193 779 5266 Maximi
818 5195 1110 5266 Salonitani
1161 5197 1518 5266 ordinatione,
1570 5199 1622 5250 in
1672 5211 1802 5266 pace

218 5276 348 5333 cum
382 5263 739 5328 Langobardis
771 5264 992 5315 ineunda
1014 5303 1029 5328 ,
1063 5265 1248 5318 indict.
1281 5265 1366 5324 15,
1415 5269 1571 5333 epist.
1615 5263 1712 5332 40;
1746 5277 1801 5320 ut

216 5329 386 5402 etiam
417 5342 685 5384 taceamus
717 5334 1045 5402 immanitate
1069 5333 1257 5401 insigni
1289 5329 1532 5402 fmdaque
1563 5329 1799 5390 avarbia:

217 5400 348 5453 labe
373 5415 496 5466 prae.
518 5401 655 5454 laras
684 5402 920 5456 Mauricii
950 5401 1100 5455 dotes
1125 5400 1249 5454 tunc
1287 5400 1476 5457 saltem
1517 5405 1676 5458 fuisse
1704 5407 1802 5460 de-

213 5472 502 5542 forniatas,
536 5485 653 5522 cum
687 5471 951 5537 ingentem
979 5472 1306 5537 captiVorum
1339 5489 1616 5525 numerum
1645 5477 1799 5542 jugu-

211 5539 322 5593 lari
353 5541 742 5610 inaluit,_quam
778 5544 1057 5610 perexigua
1112 5545 1329 5607 pecunia
1368 5544 1419 5594 in
1467 5539 1796 5610 singulorum

213 5611 454 5678 pretium
479 5624 506 5659 a
531 5608 780 5676 Cbagano
813 5608 985 5663 taxata
1020 5613 1134 5664 illos
1162 5611 1455 5675 redimere;
1485 5608 1688 5665 eertum
1713 5624 1798 5667 est

209 5682 490 5735 esarcltos
518 5679 570 5734 in
610 5679 828 5747 Italiam,
861 5695 917 5737 ut
945 5681 1198 5754 reliquias
1227 5682 1336 5736 illic
1364 5682 1572 5752 imperii
1596 5686 1797 5738 achr-

1920 511 2044 564 stris
2071 512 2311 580 benignis
2354 515 2559 568 actibus
2589 517 2867 573 universus
2913 520 3218 588 reipublicae
3267 527 3493 589 papulus

1923 615 2236 670 nuncusque
2272 603 2620 660 vehementer
2649 606 2876 661 afflictus
2909 606 3209 666 hilarescat.
3249 611 3495 680 Campi-i-

1921 700 2137 744 mantur
2175 691 2305 760 jugo
2352 694 2730 750 dominationis
2781 707 2970 752 vestras
2999 703 3239 768 superba:
3289 713 3494 757 mentes

1920 779 2172 834 hostium.
2205 783 2536 840 Releventur
2577 798 2753 841 vestra
2785 789 3147 844 misericordia
3181 794 3396 845 contriti
3431 808 3490 847 ac

1919 869 2157 937 depressi
2199 874 2359 926 animi
2399 875 2785 942 subjectorum.
2845 880 3023 933 Virtus
3050 882 3282 935 caelestis
3311 885 3495 950 gratia:

1919 959 2144 1014 inimicis
2170 963 2432 1018 terribiles
2463 978 2557 1018 vos
2604 965 2780 1030 faciat,
2838 969 3005 1035 pietas
3055 969 3286 1024 subditis
3335 972 3485 1024 beni-

1918 1066 2074 1118 gnos.
2120 1051 2369 1117 Quiescat
2416 1052 2744 1112 felicissimis
2784 1061 3110 1128 temporibus
3137 1063 3331 1115 vestris
3378 1066 3495 1116 uni-

1922 1155 2076 1194 versa
2107 1143 2426 1210 respublica,
2455 1147 2656 1214 prolata
2680 1148 2778 1200 sub
2808 1164 3085 1203 causarum
3111 1151 3338 1220 imagine
3363 1167 3496 1220 pra:-

1920 1229 1986 1284 da
2019 1231 2180 1297 pacis.
2211 1232 2435 1287 Cessent
2485 1243 2928 1292 testamentorum
2982 1239 3188 1294 insidiae
3208 1280 3224 1302 ,
3255 1241 3498 1294 donatio-

1922 1334 2049 1374 num
2097 1322 2281 1389 gratiae
2332 1323 2589 1378 violenter
2640 1335 2860 1381 exactae.
2920 1328 3121 1382 Redeat
3171 1332 3379 1384 cunctis
3430 1333 3482 1384 in

1920 1411 2083 1465 rebus
2126 1412 2354 1481 propriis
2406 1427 2590 1467 secura
2646 1416 2952 1482 possessio,
3012 1426 3070 1470 ut
3119 1418 3235 1471 sine
3289 1420 3483 1473 timore

1923 1501 2119 1555 habere
2167 1514 2226 1554 se
2269 1501 2535 1570 gaudeant
2570 1519 2686 1571 quae
2716 1519 2819 1560 non
2849 1515 2973 1560 sunt
2999 1507 3079 1560 eis
3107 1507 3377 1563 fraudibus
3399 1523 3494 1559 ac-

1923 1594 2138 1660 quisita.
2183 1592 2523 1648 Reformetur
2545 1594 2655 1663 jam
2694 1597 2916 1664 singulis
2962 1598 3062 1651 sub
3100 1597 3229 1666 jngo
3281 1599 3493 1665 imperii

1925 1681 1996 1749 pii
2024 1682 2243 1735 libertas
2275 1698 2390 1737 sua.
2432 1697 2450 1721 υ
2478 1683 2588 1737 Iloc
2620 1699 2847 1754 namque
2895 1688 3032 1740 inter
3081 1702 3231 1754 reges
3257 1688 3492 1755 gentium

1851 1773 1896 1831 B
1921 1785 1974 1828 et
1997 1775 2306 1843 reipublicae
2332 1776 2682 1844 imperatores
2705 1777 2884 1842 distat,
2909 1779 3047 1846 quod
3074 1793 3225 1848 reges
3249 1780 3488 1846 gentium

1918 1864 2117 1917 domini
2139 1878 2412 1919 servorum
2439 1875 2581 1933 sunt,
2633 1867 2980 1935 imperatores
3028 1882 3155 1921 vero
3188 1869 3493 1936 reipublica:

1905 1945 2118 2006 'domini
2173 1954 2481 2008 liberorum.
2535 1956 2640 2011 Sed
2693 1957 2880 2010 melius
2928 1957 3040 2010 btec
3085 1958 3286 2011 orando
3338 1973 3492 2026 quam

1915 2042 2252 2110 suggerendo
2281 2043 2526 2099 dicimus.
2560 2044 2911 2114 Omnipotens
2939 2047 3077 2100 Deus
3107 2047 3158 2100 in
3186 2055 3374 2102 cuncta
3405 2063 3496 2100 co-

1916 2133 2171 2199 gitatione
2213 2143 2262 2186 et
2295 2149 2457 2201 opere
2504 2131 2597 2189 cor
2643 2146 2834 2189 vestrze
2885 2135 3098 2205 pietatis
3147 2151 3257 2189 suae
3310 2136 3494 2204 gratim

1916 2237 2075 2275 manu
2125 2232 2337 2289 teneat,
2380 2233 2436 2278 et
2481 2225 2866 2294 qtttequejuste
2892 2240 3150 2293 ,qnaaque
3205 2224 3496 2278 clementer

1917 2313 2122 2379 agenda
2153 2322 2295 2376 sunt,
2328 2313 2648 2366 inbabitator
2679 2316 2835 2367 vestri
2870 2314 3096 2381 pectoris
3132 2313 3359 2381 Spiritus
3382 2328 3495 2365 san-

1919 2409 2036 2453 ctus
2067 2401 2293 2470 benigne
2317 2401 2581 2469 disponat,
2608 2399 2634 2437 ἀ
2659 2413 2713 2455 ut
2741 2414 2793 2455 et
2817 2403 3092 2469 temporali
3121 2416 3282 2469 regno
3321 2414 3492 2453 vestra

1917 2491 2195 2544 clementia
2239 2490 2573 2553 sublime-tur,
2618 2501 2672 2544 et
2720 2501 2838 2557 post
2889 2492 3174 2542 multorum
3234 2503 3494 2541 annormn

1915 2584 2181 2638 curricula
2220 2582 2288 2636 ad
2316 2581 2552 2636 coelestia
2585 2597 2746 2652 regna
2788 2583 3074 2657 pertingat.
3099 2577 3144 2618 ’τ
3171 2581 3290 2634 Dat.
3317 2593 3497 2633 incuso

1915 2669 2081 2738 Junii,
2130 2670 2416 2726 indictione
2439 2670 2496 2725 6.

2407 2783 2737 2838 EPISTOLA
2778 2782 2991 2836 XXXII.

2356 2893 2420 2929 ΑΒ
2461 2891 2715 2930 EUSEBIAII
2755 2889 3065 2928 PATBICIAM.

1923 2987 2168 3042 Hortatur
2193 2993 2245 3038 ut
2275 2984 2388 3052 plus
2417 2999 2476 3035 ea
2521 2997 2632 3047 quin
2662 2982 2846 3033 animle
2893 2997 3046 3048 quam
3073 2996 3186 3049 qua:
3212 2987 3330 3034 sunt
3371 2994 3488 3031 cor-

2510 3055 2645 3119 poris
2685 3055 2887 3120 coyitet.

1987 3171 2276 3236 Gregorius
2307 3175 2333 3204 ι
2365 3165 2607 3221 Eusebia:
2639 3165 2896 3234 patriciat.

1982 3263 2050 3318 Et
2075 3261 2119 3316 si
2148 3266 2399 3328 occopata
2429 3271 2578 3311 mens
2618 3265 2791 3311 vestra
2817 3255 2846 3293 ι»
2884 3254 3082 3309 divitiis
3104 3295 3118 3322 ,
3146 3263 3237 3308 aut
3266 3255 3492 3309 fortasse

1916 3407 2008 3446 sus
2041 3391 2417 3460 Langobardos
2449 3399 2762 3454 tutarentur,
2794 3389 2983 3444 missos
3010 3405 3101 3456 per
3122 3389 3485 3458 impotentiam

1916 3473 1969 3515 rt
1997 3464 2270 3514 avaritiam
2318 3462 2513 3528 majora
2545 3476 2700 3526 quam
2752 3462 2930 3514 hostes
2979 3460 3074 3528 ipsi
3105 3461 3295 3512 dam-la
3336 3461 3481 3513 Italis

1912 3533 2176 3584 attulisse.
2219 3532 2532 3596 Adjacentes
2562 3546 2772 3598 quoque
2814 3531 2972 3582 Italia:
3014 3532 3209 3582 insulas
3251 3532 3488 3582 exaCtio-

1913 3601 2069 3653 nibus
2119 3601 2291 3668 nimiis
2342 3615 2624 3668 Oppressas
2672 3601 2911 3667 queritur
2954 3599 3237 3665 Gregmius
3283 3599 3376 3668 lib.
3429 3614 3482 3660 v,

1912 3671 2072 3739 epist.
2103 3667 2192 3720 41.
2227 3667 2390 3736 Igitur
2417 3669 2580 3737 inagis
2601 3685 2752 3739 atqua
2778 3684 2998 3737 sperans
3022 3681 3280 3735 tempora,
3307 3667 3387 3720 hic
3414 3670 3480 3720 ad

1914 3737 2146 3791 Phocam
2179 3739 2361 3789 scribit
2392 3755 2403 3790 :
2442 3737 2736 3792 Ilelevent'ur
2764 3749 2924 3793 vestra
2977 3738 3321 3791 misericordia
3354 3753 3474 3788 con-

1910 3809 2017 3860 triti
2056 3823 2114 3858 ac
2156 3808 2379 3871 depressi
2421 3810 2579 3859 animi
2620 3812 2977 3877 subiectorum.
3008 3809 3173 3877 Epist.
3208 3822 3334 3859 vero
3365 3806 3432 3857 58
3465 3824 3476 3858 :

1909 3877 2127 3929 Domino
2150 3876 2324 3947 laudes
2355 3877 2592 3930 debemus
2615 3918 2630 3940 ,
2677 3876 2832 3946 quod,
2856 3876 3190 3947 remotojugo
3240 3878 3480 3937 tristitiw,

1908 3947 1976 3998 ad
2003 3945 2246 3998 libertatis
2287 3954 2513 4016 tempora
2534 3949 2632 4016 sub
2665 3945 2918 4016 imperiali
2948 3945 3266 4015 benignitatis
3308 3958 3484 3998 vestra:

1911 4017 2095 4084 pietate
2136 4014 2778 4086 pervenitttus._Deuiqne,
2823 4022 2978 4085 epist.
3010 4014 3076 4069 59
3105 4034 3116 4068 :
3148 4017 3251 4068 Duo
3298 4016 3487 4086 gratim

1911 4087 2149 4138 debemus
2175 4085 2309 4152 quod
2339 4095 2440 4135 tam
2469 4084 2598 4134 dura
2640 4089 2775 4152 longi
2807 4084 3048 4150 temporis
3072 4084 3488 4154 pondera'ccrt'i-

1912 4156 2050 4208 cibus
2097 4155 2282 4207 nostris
2309 4163 2478 4204 amota
2506 4161 2656 4212 sunt,
2702 4164 2750 4203 et
2797 4156 3071 4218 imperialis
3102 4157 3336 4206 culminis
3379 4156 3490 4207 lene

1911 4227 2060 4278 rediit
2081 4227 2287 4294 jugum.
2320 4223 2524 4294 Quippe
2556 4221 2769 4294 inipsis
2789 4225 3015 4294 imperii
3047 4224 3350 4289 primordiis
3377 4227 3486 4277 cle-

1911 4290 2166 4348 mentiam
2193 4297 2241 4346 in
2273 4293 2511 4346 subditos
2531 4305 2595 4343 ac
2617 4290 2986 4343 liberalitatem
3020 4307 3280 4343 summam
3313 4304 3493 4344 osten-

1912 4364 2072 4419 debat
2103 4364 2306 4416 Pbocas
2334 4380 2348 4428 ;
2380 4364 2499 4415 ficte
2521 4361 2757 4429 quidem,
2791 4362 3036 4412 nimirum
3057 4371 3112 4411 ut
3132 4362 3484 4413 exncerbatns

1916 4450 1985 4487 ex
2017 4434 2316 4487 decessoris
2345 4437 2423 4485 sui
2458 4441 2565 4484 tum
2598 4437 2821 4482 avarit'a
2870 4438 2976 4480 tum
3021 4430 3352 4481 immanitate
3382 4430 3484 4480 sibi

1913 4505 2223 4557 eoncdiarct
2252 4506 2478 4555 animos.
2509 4508 2575 4554 At
2604 4514 2708 4553 non
2749 4499 3017 4551 divinabat
3047 4508 3259 4550 sanctus
3285 4498 3487 4564 Grego-

1909 4575 2022 4629 rius
2048 4587 2226 4626 mores
2246 4578 2362 4639 ejus
2385 4570 2529 4624 brevi
2554 4577 2784 4622 mutatos
2811 4570 2873 4620 iri
2900 4569 2950 4619 in
2976 4569 3147 4639 pejus,
3173 4576 3224 4620 et
3252 4568 3483 4620 Pltocant

1907 4644 2244 4711 postmodum
2270 4638 2518 4694 obscenis
2543 4656 2601 4692 se
2622 4639 2926 4711 libidinibus
2951 4638 3368 4711 mancipaturum
3424 4650 3488 4711 ac

1904 4705 2225 4779 optimorum
2258 4713 2488 4764 virorum
2517 4724 2708 4764 cruore
2752 4709 3087 4779 satiaturnm.
3138 4705 3246 4758 ltno
3275 4706 3484 4759 etiamsi

1907 4778 2141 4834 futurum
2170 4781 2221 4832 id
2250 4782 2589 4849 praevideret,
2610 4779 2676 4849 de
2702 4778 2954 4849 praesenti
2973 4790 3157 4849 rerum
3185 4785 3347 4840 statu,
3377 4791 3482 4828 non

1905 4851 1971 4903 de
2000 4851 2180 4902 futuro
2199 4889 2214 4912 ,
2242 4847 2352 4903 suis
2383 4852 2434 4902 in
2464 4848 2701 4916 epistolis
2730 4847 2872 4914 loqui
2901 4847 3103 4900 debuit.

1975 4919 2000 4953 λι
2032 4918 2256 4988 Vulgati,
2292 4919 2465 4972 invitis
2501 4914 2661 4982 Mss"
2690 4919 3009 4988 maerentium
3037 4915 3227 4988 corda,
3257 4914 3484 4988 suade-

1906 4989 2062 5041 crevit
2103 4985 2373 5040 collatione
2403 4990 2650 5056 refouere.
2683 4988 2844 5040 Multa
2873 4987 2975 5039 alia
2996 5025 3011 5050 ,
3068 4985 3480 5056 praelucentibus

1906 5057 2056 5122 Mss.,
2085 5058 2182 5110 hac
2205 5057 2256 5109 itt
2278 5054 2502 5124 epistola
2528 5058 2880 5119 mutavimus;
2910 5067 2963 5108 at
2986 5070 3106 5108 cum
3133 5054 3326 5108 leviora
3350 5055 3480 5116 sint,

1907 5129 1975 5181 de
2007 5130 2088 5179 his
2119 5142 2338 5181 monere
2367 5142 2543 5191 Opera:
2576 5127 2803 5192 pretiutn
2837 5141 2943 5178 non
2966 5129 3235 5178 duximus.

1982 5210 2002 5234 ε
2035 5197 2262 5263 ldipsum
2318 5210 2478 5263 supra
2527 5191 2826 5249 notavmtus
2848 5235 2862 5258 ,
2895 5195 2988 5248 lib.
3022 5209 3149 5261 vnt,
3179 5195 3336 5262 epist.
3392 5191 3482 5256 51,

1909 5281 2048 5320 nunc
2080 5266 2171 5318 lib.
2208 5283 2261 5319 χ.
2289 5265 2554 5319 GUSSANV.

1978 5334 2004 5371 ἀ
2031 5338 2102 5387 Ita
2133 5335 2336 5398 Norm.,
2365 5333 2656 5401 praesertim
2687 5341 2741 5387 et
2769 5332 2969 5386 Turon.
3002 5331 3056 5384 In
3090 5331 3324 5401 Vulgatis
3351 5330 3484 5398 legi-

1912 5414 2016 5470 tur,
2052 5415 2105 5457 ut
2135 5407 2199 5458 de
2243 5407 2506 5474 temporali
2537 5419 2690 5472 regno
2719 5416 2880 5455 vestra
2917 5401 3182 5455 clementia
3212 5413 3322 5470 post
3351 5403 3485 5452 ntul-

1906 5484 2074 5527 torum
2102 5492 2350 5528 annorum
2370 5477 2646 5538 curricula,
2672 5484 2776 5527 etc.

1980 5554 2002 5581 °
2033 5544 2230 5599 Nullibi
2261 5547 2311 5599 id
2346 5546 2567 5614 legimus
2618 5555 2969 5612 praeterquam
3014 5542 3068 5614 in
3100 5540 3308 5593 duobus
3358 5539 3482 5592 Col-

1903 5613 2066 5680 bert.,
2099 5617 2188 5670 ubi
2221 5613 2417 5672 tamen
2429 5617 2696 5687 pertinere
2727 5614 2937 5670 videtur
2961 5613 3027 5668 ad
3059 5614 3222 5682 epist.
3252 5624 3480 5678 sequen-

1903 5691 2008 5736 ιυω
2017 5722 2029 5736 .
