3956 6302
525 305 664 362 1283

1718 294 1963 351 SANCTI
2000 293 2325 349 GREGORII
2368 294 2583 351 MAGNI

3649 300 3803 355 125‘

533 419 693 487 regias
732 414 963 472 civitatis
1004 409 1343 468 tumultuosis
1387 408 1845 478 implicationibus
1896 406 2106 477 1240
2135 410 2181 468 Α
2210 407 2437 475 primum
2467 408 2657 474 cmpit,
2684 409 2727 463 si
2757 416 2967 478 posset,
2998 409 3332 464 suasionibus
3366 411 3403 464 'a
3442 411 3592 465 bono
3638 428 3805 466 revo-

535 525 631 562 nos
658 524 752 577 per
773 504 1024 574 epistolas
1050 517 1174 557 suas
1189 502 1405 556 visitare
1436 498 1725 569 postponit,
1756 508 1993 550 nostrum
2019 504 2103 549 est

533 612 707 654 tamen
723 600 879 652 etiam
904 610 1088 649 aversa
1116 594 1340 647 filiorum
1367 592 1524 645 corda
1540 588 1681 641 dulci
1705 588 1962 640 cliaritate
1989 601 2107 654 pro-

536 690 705 755 sequi,
737 702 904 755 eaque
934 687 999 738 ad
1055 684 1336 751 benignum
1388 680 1620 733 animum
1671 688 1726 732 et
1773 676 2107 729 admonendo

537 790 587 831 et
615 780 815 832 orando
842 791 1115 831 revocare.
1150 773 1299 827 Unde
1330 786 1468 824 nunc
1495 769 1734 823 debitum
1767 766 2102 820 salutationis

536 865 824 935 alloquium
873 866 1118 928 solvens,
1176 862 1358 912 hortor
1402 869 1460 911 ut
1510 857 1822 910 excellentia
1876 863 2106 907 vestraa

540 958 770 1009 civitatis
802 955 943 1008 illius
972 952 1253 1021 supei'lluis
1278 948 1586 1002 tumultibus
1614 946 1849 998 animum
1879 953 2108 1009 avertat,

540 1052 763 1116 plusque
792 1063 853 1101 ea
878 1062 994 1114 qua:
1026 1046 1216 1097 anima:
1243 1056 1399 1110 quam
1433 1055 1549 1107 qua:
1579 1044 1704 1092 sunt
1749 1036 1989 1104 corporis
2018 1050 2109 1089 co-

539 1140 689 1204 gitet.
717 1136 1043 1191 Transitoria
1070 1149 1189 1188 esse
1218 1131 1393 1184 omnia
1429 1130 1737 1198 perpendat.
1772 1128 1991 1180 Venturi
2022 1126 2111 1195 ju-

538 1229 671 1281 dii-is
725 1241 946 1280 examen
1003 1223 1332 1277 tremendum
1392 1235 1511 1273 cum
1569 1228 1710 1271 metu
1756 1226 1817 1287 et
1863 1217 2112 1286 lacrytnis

541 1316 779 1385 quotidie
821 1316 935 1368 sine
964 1312 1260 1367 cessatione
1302 1311 1636 1376 consideret,
1670 1309 1923 1375 illumque
1947 1308 2109 1371 diem,

547 1408 596 1460 in
630 1420 733 1474 quo
764 1402 1119 1472 perturhaiida
1151 1410 1274 1454 sunt
1303 1403 1501 1464 omnia,
1533 1417 1652 1455 cum
1686 1401 1876 1453 timore
1909 1399 1973 1451 ad
2002 1399 2114 1451 ani-

545 1511 687 1548 mum
717 1495 953 1556 reducat,
986 1500 1042 1542 nt
1087 1492 1215 1544 iram
1266 1492 1459 1558 judicis
1509 1491 1559 1542 in
1593 1491 1705 1557 ipso
1732 1489 1839 1556 jam
1889 1488 1976 1541 die
2007 1502 2111 1541 non

546 1588 747 1637 timeat.
774 1582 1121 1649 Omnipotens
1151 1590 1325 1633 autem
1363 1579 1502 1633 Dens
1535 1581 1647 1631 hinc
1676 1578 1865 1630 vestris
1910 1576 2114 1645 cogita-

547 1680 778 1731 tionibus
806 1677 1127 1743 aspiiatione
1170 1676 1249 1728 sui
1280 1676 1497 1742 spiritus
1529 1674 1806 1737 infundat,
1840 1685 2036 1737 vosque
2062 1679 2115 1723 et

2208 510 2333 549 care
2376 498 2667 564 preposito.
2722 500 2872 565 Quod
2924 500 3048 553 dum
3102 503 3357 568 perlicere
3404 503 3516 556 Deo
3568 514 3805 555 auctore

2208 588 2431 642 minime
2475 590 2761 655 valuisset,
2816 592 3134 645 seditionem
3180 592 3256 645 illi
3309 608 3530 646 suorum
3596 594 3801 645 civium

2208 677 2443 731 excitare
2485 694 2587 733 non
2642 681 2834 735 timuit.
2866 682 3069 747 Quanta
3104 699 3232 736 vero
3284 685 3574 751 prmdictus
3630 685 3802 738 frter

2209 778 2260 821 et
2292 770 2641 837 COI‘pISCOpllS
2695 782 2877 825 noster
2927 772 3193 827 Firminus
3239 789 3308 826 ex
3356 775 3544 828 eadem
3590 774 3802 828 immis-

2208 858 2356 911 sione
2406 862 2711 925 pertulerit,
2747 862 2951 927 plenius
3000 863 3104 916 illic
3135 879 3196 916 ac
3242 865 3483 917 veracius
3536 879 3570 917 e
3618 865 3799 917 vicino

2208 953 2450 1019 poteritis
2472 968 2779 1019 agnoscere.
2812 954 3037 1007 Direciis
3086 955 3263 1021 itaque
3311 956 3655 1009 excelientize
3712 972 3799 1010 ve-

2210 1054 2332 1095 stra:
2372 1043 2699 1109 jussionibus
2752 1044 2832 1097 liis
2873 1044 2961 1113 qui
3006 1046 3056 1098 in
3106 1045 3271 1098 Istrire
3304 1046 3547 1113 partibus
3585 1045 3795 1115 1241

2212 1133 2385 1186 locum
2414 1142 2645 1185 vestrum
2695 1149 2873 1203 agere.
2918 1135 3028 1189 Deo
3075 1145 3311 1199 aui-tore,
3354 1146 3685 1200 noscuntur,
3730 1137 3802 1189 di-

2216 1225 2453 1277 strictius
2477 1223 2750 1291 jubetote,
2802 1236 3066 1292 quatenus
3114 1236 3167 1279 et
3195 1228 3543 1295 saepedictiim
3578 1228 3799 1282 fratrem

2214 1325 2448 1367 nostrum
2492 1315 2560 1367 ab
2609 1315 2768 1369 illatis
2806 1316 3038 1371 debeant
3085 1316 3364 1371 defensare
3408 1319 3707 1385 molestiis,
3749 1330 3802 1373 et

2214 1403 2449 1472 quietem
2482 1404 2625 1459 illius
2660 1405 2841 1459 multis
2871 1407 2935 1458 ad
2971 1407 3281 1459 imitandum
3318 1407 3655 1475 profuturam
3686 1423 3802 1460 mo-

2216 1495 2299 1548 dis
2346 1496 2590 1548 omnibus
2632 1511 2947 1561 procurare;
3001 1506 3055 1550 ut
3106 1498 3217 1550 ha'c
3247 1506 3418 1550 vestra
3462 1496 3706 1564 provisio
3745 1506 3800 1549 et

2215 1599 2593 1638 conversurum
2642 1588 2710 1639 sit
2737 1595 2915 1653 Optata
2966 1587 3260 1653 securitas,
3310 1595 3364 1640 et
3403 1588 3624 1640 occasio
3678 1596 3798 1654 apta

2218 1677 2572 1743 sequentium.
2617 1677 2999 1731 Escellentiam
3040 1693 3111 1746 qu
3152 1688 3369 1745 propter
3414 1688 3658 1731 vestram
3706 1694 3796 1745 pa-

549 1770 635 1822 liic
663 1783 783 1822 cum
814 1767 1143 1821 nobilissimo
1168 1766 1394 1833 conjuge
1423 1778 1476 1819 et
1508 1764 1789 1831 tranquille
1834 1764 2033 1825 vivere,
2064 1769 2117 1814 et
2152 1761 2193 1818 Β
2220 1775 2371 1822 terno
2411 1768 2701 1823 salutantes
2748 1769 2937 1823 affectu
2960 1812 2974 1836 ,
3017 1771 3245 1838 petimus
3290 1780 3347 1823 ut
3390 1770 3489 1823 zeli
3533 1773 3700 1825 vestri
3746 1773 3797 1822 in

546 1862 615 1912 de
643 1858 826 1912 doiiiiii
874 1857 1167 1925 cStrategii
1223 1860 1390 1911 salute
1434 1857 1665 1925 gaudere
1713 1855 1906 1919 faciat,
1957 1864 2115 1922 atque

549 1957 668 2016 post
697 1948 848 2015 longa
873 1954 1111 2015 tempora
1138 1945 1204 1999 ad
1231 1954 1429 1999 aeterna
1462 1943 1673 2012 przemia
1694 1944 1970 2012 pervenire
1988 1956 2119 1996 con-

544 2041 698 2094 cedat
718 2037 767 2094 ά.

1020 2124 1349 2180 EPISTOLA
1390 2124 1632 2178 XXXIII.

948 2255 1016 2293 ΑΒ
1066 2255 1377 2296 ειΑκΑϐυυκ
1427 2253 1730 2292 ειλκευυκ.

557 2351 622 2404 Ut
655 2348 947 2402 Firminum
978 2352 1265 2418 episcOpum
1293 2353 1359 2403 ad
1403 2350 1642 2404 Ecclesia:
1681 2352 1923 2404 unitatem
1960 2367 2125 2404 rever-

623 2436 756 2482 sum,
787 2437 815 2471 α
844 2419 1019 2471 Severi
1072 2422 1313 2472 molestiis
1360 2422 1597 2487 defendat
1644 2422 1896 2473 hortatur.
1941 2420 2126 2473 Serva-

623 2500 792 2539 turum
838 2490 1042 2552 triginta
1068 2489 1263 2540 dierum
1301 2489 1534 2541 inducias
1578 2488 1846 2555 Cillanein,
1888 2500 1939 2543 at
1970 2488 2127 2543 Pisa-

635 2575 726 2609 nos
768 2560 953 2626 pacisci
999 2558 1235 2610 noluisse.

636 2667 922 2738 Gregorius
944 2668 1238 2737 Smaragdo
1282 2670 1504 2738 patricio
1524 2678 1579 2725 et
1608 2671 1857 2726 exarcho.

632 2779 770 2833 Olim
800 2780 1063 2843 novimus,
1098 2779 1546 2834 excellentissime
1578 2780 1668 2844 Illi,
1700 2796 1804 2847 quo
1836 2780 2125 2846 desiderio,

564 2885 735 2936 quave
759 2871 1106 2923 conversione
1134 2870 1315 2935 animi,
1350 2884 1446 2937 pro
1472 2880 1494 2904 ³
1517 2871 1791 2925 adunanda
1818 2870 1911 2924 Dei
1944 2872 2129 2924 Eccle-

562 2962 636 3011 sia
686 2958 737 3012 iu
771 2959 935 3012 [striae
988 2958 1237 3012 videlicet
1286 2959 1545 3026 partibus,
1594 2962 1710 3013 zelo
1761 2960 2131 3027 Redemptoris

566 3048 753 3111 nostri,
802 3062 984 3101 amore
1009 3057 1222 3101 interna:
1253 3048 1534 3114 mercedis,
1566 3049 1725 3101 studii
1773 3048 1933 3101 vestri
1960 3047 2134 3103 fervor

2220 1857 2321 1911 hac
2362 1873 2522 1912 causa
2575 1859 2698 1913 olim
2743 1858 2963 1913 exliibiti
3010 1874 3151 1913 nunc
3194 1859 3568 1914 vehemeitius
3623 1860 3800 1913 fervor

2221 1947 2538 2012 incandeat;
2564 1938 2823 2017 tantoque
2853 1963 2946 2011 vos
2986 1963 3173 2003 con‘ra
3200 1949 3379 2003 hostes
3431 1948 3522 2002 Dei
3558 1948 3800 2001 vindices

2222 2037 2632 2106 defensoresque
2663 2039 2969 2107 reperiant,
2990 2048 3190 2107 quanto
3216 2039 3355 2108 apud
3392 2039 3559 2093 Deum
3595 2038 3799 2106 pietio-

2222 2129 2330 2184 sior
2364 2138 2447 2183 est
2473 2132 2663 2183 animae
2690 2146 2846 2199 quam
2893 2131 3136 2185 defensio
3166 2133 3432 2200 corporis.
3465 2134 3655 2186 Armet
3699 2146 3798 2185 vos

2222 2228 2404 2273 contra
2432 2220 2615 2274 devios
2643 2221 2754 2289 ipsa
2780 2236 2896 2289 quae
2929 2222 2979 2274 in
3010 2222 3155 2275 vobis
3188 2222 3310 2275 fidei
3339 2223 3477 2289 viget
3502 2220 3796 2284 rectitudo,

2225 2314 2620 2381 redintegretur
2665 2314 2857 2367 vestris
2900 2314 3227 2383 temporibus
3273 2314 3411 2380 quod
3465 2314 3517 2366 in
3563 2314 3670 2366 illis
3717 2320 3799 2364 est

2227 2403 2463 2469 partibus
2489 2404 2712 2458 scissum
2758 2418 2953 2472 corpus
3004 2404 3281 2459 Ecclesia.
3334 2403 3548 2457 Habetis
3600 2403 3653 2455 in
3700 2402 3800 2455 hac

2228 2504 2388 2546 causa
2418 2493 2793 2547 retributorem
2841 2495 3006 2548 vestri
3038 2496 3241 2563 Operis,
3270 2493 3601 2548 rectitudinis
3622 2507 3688 2545 ac
3716 2492 3803 2545 in-

2230 2579 2489 2647 tegritatis
2532 2591 2827 2636 auctorem.
2874 2581 2951 2635 De
2989 2583 3165 2636 divina
3199 2597 3425 2650 namque
3457 2581 3804 2635 miseratione

2228 2671 2547 2725 confidimus
2577 2672 2717 2740 quod
2752 2682 2900 2728 tanto
2927 2675 3229 2728 exteriores
3278 2674 3461 2726 hostes
3512 2672 3681 2725 nostri
3708 2686 3803 2723 va-

2230 2766 2481 2822 lentiores
2507 2782 2597 2821 vos
2618 2777 2805 2822 contra
2835 2784 2893 2822 se
2924 2770 3212 2838 reperient,
3238 2778 3436 2837 quanto
3466 2781 3562 2820 vos
3592 2766 3800 2818 inimici

2241 2867 2403 2910 recta:
2426 2856 2548 2911 fidei
2573 2857 2751 2912 divino
2777 2859 2829 2912 in
2855 2872 2914 2913 se
2936 2858 3202 2914 senserint
3229 2874 3412 2912 amore
3442 2857 3733 2912 terribiles.

2305 2948 2569 3004 Praeterea
2596 2949 2727 3004 duas
2750 2958 2772 2987 ⁸
2796 2950 2861 3004 ad
2887 2948 3139 3005 Cillanem
3170 2951 3420 3018 epistolas
3454 2950 3719 3011 misimus,
3761 2947 3810 3001 si

2242 3050 2425 3103 pacein
2451 3054 2568 3106 qua:
2613 3041 2679 3094 ab
2707 3042 3019 3095 excellentia
3050 3052 3221 3095 vestra
3268 3042 3320 3096 iii
3369 3042 3579 3108 triginta
3618 3039 3810 3093 diebus

566 3139 845 3193 exstiterit.
872 3139 1022 3205 Quod
1053 3154 1171 3192 cum
1195 3140 1265 3193 ita
1296 3140 1387 3205 sit,
1408 3153 1469 3192 ea
1496 3155 1611 3207 qua:
1636 3138 1788 3193 nobis
1813 3140 1878 3194 de
1908 3141 2014 3194 illis
2042 3156 2130 3193 nu.
2159 3116 2204 3179 C
2236 3126 2369 3182 facta
2398 3137 2479 3183 est
2505 3130 2831 3195 custodiret;
2856 3141 2905 3184 et
2932 3132 3205 3199 rescripsit
3228 3146 3344 3185 eam
3368 3145 3426 3184 se
3447 3138 3805 3192 servaturum,

571 3245 663 3298 per
692 3238 816 3283 sunt
857 3229 1091 3297 partibus
1114 3230 1373 3292 nuntiata,
1420 3228 1485 3282 ad
1515 3239 1745 3282 vestram
1791 3245 1895 3282 non
1925 3227 2134 3283 destiti-

576 3334 692 3371 iiins
723 3318 960 3386 perferre
997 3320 1260 3371 notitiam.
1297 3320 1563 3371 Firminus
1589 3319 1850 3387 siquidem
1893 3318 2051 3373 frater
2080 3329 2135 3374 et

575 3413 923 3479 COCplSCOpUS
952 3418 1155 3475 noster,
1177 3407 1204 3445 δ
1247 3409 1573 3477 Tregestinzn
1617 3411 1836 3463 antistes
1862 3408 2133 3475 Ecclesiae,

567 3510 693 3552 ante
719 3499 1006 3553 adventum
1036 3510 1223 3553 vestra:
1245 3499 1573 3552 excellentiae
1596 3499 1793 3552 salubri
1816 3500 2039 3554 consilio
2068 3500 2135 3552 ab

569 3589 874 3655 schismate,
905 3602 1009 3654 quo
1038 3589 1156 3640 IllIl-l
1175 3596 1342 3654 serat,
1372 3588 1711 3655 resipiscens,
1744 3601 1901 3656 atque
1926 3589 1988 3640 ad
2022 3590 2137 3640 uni-

570 3690 729 3734 tatem
774 3680 960 3732 matris
1001 3679 1252 3732 Ecclesiae
1282 3677 1514 3740 rediens,
1550 3678 1745 3731 nostris
1789 3687 1869 3731 est
1896 3679 2136 3746 epistolis

568 3772 932 3834 confirmatus,
965 3780 1224 3838 quatenus
1254 3768 1303 3820 in
1332 3783 1457 3823 vero
1484 3783 1640 3836 quem
1667 3781 1985 3838 cognoverat
2015 3772 2135 3825 sinu

573 3861 757 3913 matris
790 3858 1059 3922 Ecclesiaa,
1092 3857 1403 3911 fortitudine
1448 3858 1609 3909 animi
1655 3861 1788 3911 fixus
1831 3874 1892 3913 ac
1936 3862 2138 3915 stabilis

573 3958 924 4016 permaneret.
965 3948 1081 4011 ατο
1125 3948 1304 4000 audito
1349 3947 1607 4013 Severus,
1646 3958 1671 3994 ε
1712 3948 1998 4004 Gradensis
2028 3954 2137 4019 epi-

573 4054 808 4109 scopus,
851 4038 1093 4105 eiusdem
1140 4048 1298 4107 caput
1341 4038 1674 4104 scliisiiiatis,
1711 4038 1734 4076 ιι
1762 4056 1883 4094 eum
1915 4042 2141 4098 diversis

648 4194 825 4252 EPIST.
848 4190 1037 4249 XXXII
1070 4191 1173 4263 [AL
1207 4191 1317 4262 59].
1347 4202 1457 4234 -η
1484 4196 1702 4251 Videtur
1719 4197 1875 4251 fuisse
1890 4198 1991 4251 filia
2009 4198 2145 4254 Rus-

576 4264 779 4318 ticiana:
812 4265 1066 4332 patriciae,
1090 4279 1151 4316 ex
1183 4265 1338 4329 epist.
1370 4265 1434 4317 εί
1460 4308 1474 4331 ,
1508 4282 1645 4320 nunc
1673 4270 1763 4328 27,
1807 4268 1899 4319 lib.
1934 4283 1970 4321 tt
1999 4311 2011 4326 .
2046 4271 2130 4322 iti-

2238 3218 2284 3272 si
2316 3230 2491 3275 tanien
2514 3220 2616 3287 ipsi
2643 3236 2672 3273 a
2720 3222 3025 3288 reipublicae
3055 3223 3294 3289 partibus
3330 3223 3489 3277 fuerit
3517 3220 3808 3275 custodita.

2240 3308 2492 3362 Ilomines
2518 3321 2694 3363 autem
2726 3312 2843 3366 illos
2871 3328 3005 3382 quos
3030 3323 3269 3368 tenuerat
3289 3330 3473 3369 omnes
3499 3328 3617 3367 cum
3648 3311 3811 3365 rebus

2237 3400 2347 3452 suis
2374 3398 2653 3453 relaxavit.
2684 3401 2789 3456 Sed
2836 3403 2901 3457 de
2928 3403 3117 3459 occisﬁs
3163 3404 3469 3458 hominibus
3512 3404 3623 3457 suis
3660 3401 3814 3455 valde

2243 3489 2407 3553 dolet,
2434 3500 2591 3560 atque
2620 3492 2686 3547 de
2710 3495 2857 3549 vobis
2887 3494 3232 3551 vehementer
3255 3505 3533 3563 suspectus
3564 3504 3667 3557 est,
3695 3493 3813 3561 quia

2242 3583 2308 3646 si,
2340 3586 2479 3651 quod
2516 3585 2657 3638 Deus
2684 3595 2905 3654 avertat,
2937 3588 3105 3640 locum
3146 3590 3425 3651 invenerit,
3457 3588 3615 3641 etiam
3647 3587 3699 3637 in
3730 3598 3816 3651 pa-

2250 3686 2311 3725 ce
2340 3688 2459 3725 euin
2495 3689 2597 3727 non
2621 3684 2703 3728 est
2749 3677 2964 3731 dubium
3009 3694 3375 3733 excessurum.
3423 3676 3441 3715 ί
3477 3680 3555 3730 Ad
3596 3675 3817 3729 Pisanos

2246 3772 2421 3814 autem
2455 3762 2721 3818 hominem
2754 3778 2993 3821 nostrum
3023 3768 3219 3821 dudum
3268 3770 3479 3835 qualem
3510 3769 3815 3826 debuimus,

2244 3858 2301 3904 et
2328 3852 2597 3919 quomodo
2645 3853 2945 3919 debuimus,
2995 3857 3416 3921 transmisimus;
3449 3856 3542 3910 sed
3575 3857 3818 3907 obtinere

2248 3939 2319 3991 nil
2346 3944 2534 4008 potuit.
2569 3942 2718 3996 Unde
2742 3952 2796 3998 et
2828 3956 2851 3982 δι
2882 3947 3161 4001 dromones
3198 3962 3381 4001 eorum
3412 3949 3522 4016 jam
3556 3950 3726 4015 parati
3755 3944 3817 3998 ad

2245 4030 2623 4097 egrediendum
2652 4036 2875 4089 nuntiati
2904 4049 3046 4091 sunt.

2327 4216 2350 4281 9
2384 4208 2683 4265 Patriarcha
2714 4212 3067 4280 Aquileiensis
3099 4220 3215 4280 post
3258 4212 3462 4265 Heliam
3486 4253 3500 4273 ,
3545 4213 3611 4265 ad
3664 4227 3815 4281 quem

2245 4274 2484 4339 Pelagius
2531 4280 2569 4332 ll
2619 4274 2849 4348 scripsit.
2890 4274 3110 4335 Incensa
3148 4292 3323 4336 autem
3372 4298 3399 4334 a
3447 4274 3813 4345 Laiigiiliardis

578 4335 836 4413 dilflonw;
868 4340 1022 4413 νρξξι-
1055 4332 1123 4386 44
1149 4333 1520 4413 Ξὲ¹)ξ.¹¹¹ο“¹¹υης
1548 4336 1625 4413 ili
1648 4339 1736 4389 lib.
1772 4353 1840 4413 I_V.
1873 4338 2136 4413 iiUSSANV.
2172 4347 2217 4404 ι)
2252 4332 2504 4408 Αιιιιῇρὶδ.
2536 4332 3111 4405 seil'eiiirtranstulitad
3142 4332 3485 4405 Gradens'ein—
3503 4332 3815 4413 [Sci-legam,

645 4402 670 4438 δ
696 4402 1009 4458 Rhemensis
1051 4415 1105 4455 et
1149 4402 1315 4458 Vatic.
1352 4405 1423 4468 D,
1473 4408 1650 4458 divinis
1699 4407 2012 4472 actionibus,
2054 4420 2139 4461 aut

580 4472 815 4541 fortasse,
848 4474 987 4542 quod
1016 4473 1172 4525 etiam
1198 4473 1419 4539 legimus
1448 4476 1498 4527 in
1527 4488 1631 4527 vet.
1665 4476 1762 4528 Eii.

654 4553 674 4578 ο
707 4544 838 4597 Puto
888 4546 1053 4596 filium
1099 4542 1257 4594 luisse
1298 4545 1613 4610 supradictae
1656 4546 1927 4611 Eusebiae,
1960 4548 2143 4611 sicque

579 4623 826 4680 nepotem
861 4611 1212 4673 Rusticianus;
1244 4615 1383 4679 quod
1424 4618 1616 4682 colligo
1657 4630 1718 4667 ex
1764 4616 1921 4679 epist.
1953 4616 2022 4666 ‘25
2050 4619 2140 4671 lib.

578 4698 677 4747 vti,
730 4697 868 4736 nunc
893 4683 961 4735 2:!
993 4682 1083 4734 lib.
1128 4695 1242 4745 viti,
1282 4682 1476 4751 inilict.
1526 4685 1588 4747 l;
1637 4683 1794 4751 epist.
1840 4683 1908 4736 58
1939 4686 2025 4737 lib.
2058 4702 2143 4751 ix,

577 4766 717 4804 nunc
745 4751 813 4803 44
838 4754 927 4808 lib.
959 4766 1047 4815 XI;
1077 4751 1233 4817 epist.
1265 4750 1335 4803 26
1365 4752 1457 4806 lib.
1510 4768 1582 4820 XI,
1629 4750 1766 4807 nunc
1790 4753 1859 4805 22
1904 4754 1994 4809 lib.
2025 4750 2138 4809 xm.

578 4819 838 4873 Gussmv.

627 4837 838 4875 USSANV.

648 4890 673 4926 ιι
699 4890 885 4945 Posset
910 4890 1028 4943 addi
1058 4906 1223 4943 mense
1248 4888 1407 4942 Junio
1428 4935 1440 4953 ,
1473 4890 1653 4959 indici.
1687 4889 1739 4956 6,
1784 4893 2042 4959 siquidem
2076 4895 2143 4949 ita

579 4960 768 5027 legitur
818 4962 969 5013 initio
998 4962 1235 5025 cpi~tola2
1282 4962 1435 5023 hujus
1490 4958 1541 5011 in
1595 4962 1760 5015 tribus
1801 4958 1925 5014 Mss.
1974 4964 2140 5017 Vatic.

650 5031 827 5085 Ertsr.
854 5098 857 5099 ν
881 5027 1097 5082 XXXIII
1144 5026 1252 5099 [ΑΙ.
1300 5028 1413 5095 401.
1463 5057 1533 5067 -
1565 5040 1588 5065 η
1615 5032 1684 5082 lia
1714 5033 1903 5084 melius
1939 5033 2105 5085 Vatic.
2126 5074 2140 5095 ,

580 5102 783 5164 Norm.,
834 5098 1090 5161 Colbert.,
1147 5098 1361 5163 ltliem.,
1406 5109 1535 5163 etc.,
1588 5116 1742 5168 quain
1790 5101 2006 5165 Escusi,
2054 5103 2144 5155 ubi

577 5172 766 5235 legitur
797 5187 885 5235 pro
914 5170 1225 5232 adiuvantia.

652 5241 675 5274 δ
702 5240 1032 5305 Tergestum,
1066 5243 1215 5305 vulgo
1248 5237 1459 5298 Trieste,
1493 5238 1615 5290 urbs
1661 5240 1825 5291 Istrire
1857 5240 1908 5291 in
1939 5240 2144 5293 Carne.

582 5324 696 5360 rnm
720 5311 948 5360 confinio
973 5312 1099 5371 sita;
1135 5308 1184 5359 iii
1210 5310 1392 5360 intimo
1416 5322 1623 5359 recessu
1651 5309 1796 5361 sinus
1822 5309 2143 5376 Tcrgeslini,

583 5377 735 5443 (iotfo
767 5378 817 5429 di
861 5377 1051 5429 Trieste
1082 5378 1148 5431 ah
1169 5393 1227 5430 ea
1260 5379 1404 5430 dicti.
1432 5378 1644 5429 Portum
1680 5382 1835 5431 lialii-t
1874 5394 2141 5446 cap.iceiit,

585 5458 769 5508 estque
797 5448 1108 5513 episcnpzilis
1157 5448 1255 5498 Sub
1304 5450 1598 5515 patriarcha
1643 5448 2003 5513 Aqiiilciensi,
2035 5451 2145 5501 sive

590 5514 827 5567 Utiiietisi
876 5514 1313 5586 arcliiepiscoiiu.
1346 5517 1605 5570 Gussnv.
1656 5517 1900 5581 Legimus
1957 5518 2143 5586 'l'rege-

577 5598 712 5636 sitim
743 5586 792 5636 iii
823 5585 1053 5649 quinque
1079 5584 1265 5648 Vatic.,
1297 5596 1347 5637 et
1376 5586 1426 5641 iii
1454 5587 1697 5643 omnibus
1720 5586 1928 5653 Nomm,
1964 5584 2068 5643 initi
2093 5595 2147 5641 ct

578 5654 632 5707 iii
662 5664 767 5707 vet.
797 5654 916 5705 Ed”
946 5668 1080 5720 quos
1108 5658 1255 5720 sequi
1283 5657 1542 5723 cogimur.

2244 4417 2700 4491 schismaticortitn
2747 4426 2795 4475 in
2826 4421 2931 4491 illis
2974 4424 3207 4491 partibus
3236 4439 3282 4488 pi
3300 4424 3499 4490 iiiceps.
3538 4421 3672 4476 Vide
3704 4436 3817 4490 qu:

2243 4484 2476 4558 diximus
2499 4492 2563 4541 ad
2595 4493 2752 4558 epiSi.
2780 4490 2843 4544 16
2875 4484 3024 4544 lib.'i.
3057 4484 3317 4545 Gusssav.

2318 4555 2342 4591 ἀ
2371 4556 2422 4610 In
2449 4555 2687 4624 Excnsis,
2717 4578 2831 4613 cum
2883 4564 3089 4613 diversis
3139 4564 3480 4628 prumiurum,
3514 4570 3647 4625 etc.,
3678 4570 3818 4614 certe

2244 4624 2683 4683 dissentientibus
2711 4634 2898 4684 saltem
2933 4624 3197 4695 plerisque
3230 4633 3352 4684 Mss.

2322 4697 2438 4749 cIta
2473 4701 2522 4749 in
2554 4702 2800 4752 omnibus
2854 4701 3060 4762 Norm.,
3093 4704 3317 4760 Turon..
3362 4700 3607 4754 Colbert.
3664 4710 3719 4754 et
3771 4701 3815 4750 in

2246 4764 2453 4838 duobus
2482 4768 2654 4823 Vatic.
2688 4770 2744 4822 In
2772 4770 2889 4823 aliis
2937 4770 3124 4838 legitur
3165 4770 3535 4823 Varacinallem
3580 4771 3666 4823 vel
3722 4769 3816 4818 γα.

2245 4835 2607 4901 succiuonem;
2638 4840 2794 4892 nnllis
2834 4835 3009 4893 autem
3042 4846 3092 4893 in
3123 4840 3249 4896 Mss.
3284 4856 3578 4909 reperimus
3632 4839 3816 4906 Tilqni-

2247 4920 2389 4969 nam,
2418 4916 2471 4957 tit
2502 4920 2583 4960 e~t
2614 4911 2662 4960 in
2697 4910 2935 4962 Excusis.

2325 4974 2344 5012 ί
2380 4977 2535 5037 Pisae,
2563 4979 2717 5047 vulgo
2749 4978 2901 5044 Pisa,
2935 4977 3059 5031 urbs
3108 4980 3335 5034 celeiris
3386 4980 3637 5043 Etrurim,
3685 4992 3819 5032 nunc

2246 5046 2731 5114 arcliiepiscopalis.

2321 5126 2346 5161 κ
2375 5118 2445 5167 De
2472 5123 2566 5169 hac
2592 5133 2719 5172 viwce
2747 5132 2928 5184 supra,
2962 5119 3118 5186 epist.
3143 5119 3207 5170 '57
3243 5120 3333 5171 lib.
3364 5119 3493 5172 olim
3527 5133 3652 5179 viii,
3688 5131 3817 5169 nunc

2248 5186 2339 5237 lib.
2372 5203 2423 5240 ι.
2452 5187 2689 5239 Liburna!
2728 5204 2936 5254 quoque
2967 5200 3056 5240 aut
3088 5189 3371 5241 Liburnicis:
3400 5190 3559 5240 iiii-ue
3589 5200 3713 5240 sunt
3744 5190 3817 5237 ha:

2248 5270 2407 5310 naves
2438 5272 2466 5309 a
2497 5257 2743 5311 Liburnis
2774 5259 2964 5327 Illyiici
3003 5262 3226 5325 p0puli’s.
3264 5261 3528 5322 lloratius,
3558 5260 3716 5326 epod.
3750 5258 3771 5308 l
3805 5272 3815 5305 :

2462 5369 2560 5418 Ililv
2587 5370 2814 5419 Liburn's
2842 5377 2971 5421 inter
2998 5374 3090 5420 alla
3115 5374 3325 5434 navium,

2462 5437 2552 5480 Am
2571 5445 2647 5492 ce,
2678 5437 3055 5495 propugnacula.

2249 5540 2711 5594 Di'omnnariorum
2756 5544 3015 5613 remigum
3047 5541 3285 5597 meminit
3309 5539 3700 5607 Cassiodorus,
3726 5538 3817 5591 Va.

2249 5628 2375 5666 riar.
2402 5614 2492 5666 lib.
2523 5627 2594 5679 tv,
2628 5614 2781 5681 epist.
2819 5614 2904 5667 15.
