3956 6354
149 341 292 395 ⁸ΙΞ85

635 452 958 506 EPISTULA
1001 452 1240 506 XXXIV.

525 559 590 596 AI)
629 558 796 596 PANTA
806 557 1010 595 LEONEI
1049 557 1338 598 NOTLRIUM.

156 636 306 702 Quod
327 634 394 686 ad
426 637 621 704 justam
650 648 942 704 mensuram
981 633 1205 704 modium
1231 649 1329 704 quo
1365 629 1607 704 Ecclesia:
1633 644 1719 680 co-

221 707 329 759 loni
359 698 607 771 frumenta
637 703 823 754 dabant
855 702 1099 771 redegerit
1130 698 1323 753 laudat.
1342 698 1387 771 γ]
1395 702 1506 751 nbet
1552 713 1724 771 perce-

220 768 367 844 ptam
391 790 452 824 ex
477 773 666 844 iniusto
695 773 860 844 modio
891 768 1156 839 pecuniam
1183 770 1374 823 colonis
1410 768 1726 838 pauperiori-

223 841 318 896 bus
358 853 545 895 secreto
576 841 836 894 distribui.

226 931 514 1002 Gregorius
542 929 845 983 Pantaleoni
869 929 1097 982 notario.

232 1020 568 1090 Experientia
593 1030 678 1073 tua
703 1019 842 1088 quod
870 1019 952 1072 vel
973 1019 1129 1087 quale
1150 1015 1286 1086 apud
1309 1013 1726 1070 sacratissimum

159 1129 357 1180 corpus
380 1111 519 1166 beati
552 1110 694 1165 Petri
743 1109 965 1179 apostoli
1011 1106 1385 1179 jusjurandum
1442 1104 1730 1174 praebuerit

161 1220 368 1259 memor
394 1215 496 1257 est.
529 1202 674 1256 Unde
695 1217 792 1256 nos
814 1216 1023 1271 quoque
1048 1200 1222 1256 securi
1263 1197 1609 1254 discussionis
1636 1195 1729 1249 tibi

161 1294 461 1349 causamin
491 1293 810 1361 patrimonio
858 1293 1022 1360 partis
1068 1293 1417 1364 Syracusana:
1460 1288 1729 1343 commisi-

161 1400 299 1438 mus.
332 1385 551 1452 Oportet
580 1397 707 1449 ergo
741 1391 792 1436 te
820 1382 974 1436 fidem
1007 1390 1173 1447 tuam,
1221 1391 1271 1434 et
1311 1378 1547 1448 ejusdem
1590 1375 1729 1430 beati

167 1474 308 1529 t'ctri
337 1472 560 1540 apostoli
615 1472 861 1525 timorem
894 1486 1104 1539 semper
1133 1479 1256 1524 ante
1295 1470 1477 1524 oculos
1510 1467 1728 1530 habere,

161 1575 325 1632 atque
350 1564 418 1617 ita
454 1577 631 1630 agere,
661 1571 712 1613 ut
741 1575 910 1629 neque
940 1561 1008 1613 ab
1052 1560 1355 1613 hominibus
1385 1558 1435 1611 in
1487 1557 1732 1626 praesenti

165 1654 295 1716 vita,
322 1667 492 1717 neque
517 1652 584 1705 ab
610 1658 978 1720 omnipotente
1009 1649 1118 1703 Deo
1160 1649 1216 1702 in
1259 1657 1500 1702 extremo
1533 1646 1732 1715 judicio

162 1746 341 1797 valeas
370 1740 705 1811 reprehendi.
741 1739 947 1810 1242
978 1749 1004 1777 ⁸
1050 1739 1256 1795 Salerio
1287 1739 1547 1808 siquidem
1577 1737 1731 1791 char-

161 1834 358 1889 tnlario
410 1843 593 1887 nostro
630 1840 900 1894 narrante,
935 1832 1278 1898 cognovimus
1325 1831 1448 1900 quia
1489 1830 1726 1884 modium

159 1944 269 1999 quo
292 1928 467 1982 coloni
513 1927 763 1981 Ecclesia:
791 1925 1052 1979 frumenta
1098 1925 1226 1981 dare
1272 1924 1729 1993 compellebantur

161 2021 346 2088 viginti
376 2019 605 2087 quinque
632 2018 984 2072 sextariorum
1015 2016 1305 2072 inveneris.
1336 2016 1486 2083 Quod
1511 2016 1728 2070 omnino

159 2111 423 2165 exsecrati
453 2122 633 2164 sumus
651 2150 667 2174 ,
699 2115 859 2175 atque
887 2106 1126 2162 eamdem
1152 2107 1495 2162 discussionis
1515 2121 1727 2162 causam

161 2215 212 2256 te
239 2203 389 2256 tarde
407 2201 594 2255 fecisse
617 2200 900 2253 doluimus.
923 2197 1056 2264 Quia
1079 2213 1206 2267 ergo
1221 2197 1466 2253 eumdem
1492 2197 1728 2252 modium

161 2304 212 2348 te
246 2291 469 2362 fregisse
497 2304 549 2346 et
597 2291 799 2360 justum
853 2290 1043 2345 fecisse
1089 2305 1508 2356 commemoras,
1563 2288 1732 2358 gavisi

161 2399 368 2440 sumus.
417 2384 519 2438 Sed
568 2384 688 2454 quia
741 2381 1026 2452 praedictus
1074 2382 1430 2436 chartularius
1470 2396 1729 2435 summam

161 2474 317 2527 nobis
337 2487 547 2542 quoque
576 2471 812 2526 indicare
837 2469 1061 2533 atuduit,
1088 2484 1208 2539 quae
1223 2470 1290 2524 de
1312 2469 1584 2524 fraudibus
1609 2485 1733 2524 con-

162 2563 446 2616 ductorum
497 2561 634 2630 apud
665 2561 1044 2629 experientiam
1076 2571 1216 2618 tuam
1258 2560 1370 2629 jam
1419 2560 1485 2615 de
1526 2559 1735 2615 duobus

161 2652 443 2708 territoriis
469 2661 551 2706 est
572 2651 816 2718 collecta,
849 2653 986 2707 sicut
1008 2662 1059 2708 te
1082 2652 1319 2707 studiose
1348 2650 1539 2706 fecisse
1564 2649 1732 2705 fracto

163 2744 363 2812 injusto
390 2744 565 2796 modio
593 2744 904 2812 gaudemus,
948 2744 1070 2814 quia
1125 2744 1178 2798 in
1210 2743 1386 2797 futuro
1412 2742 1564 2797 nobis
1601 2755 1732 2810 pro-

161 2835 435 2902 spicimus,
467 2834 535 2887 ita
567 2835 723 2888 etiam
748 2836 814 2888 de
845 2835 1072 2903 peccatis
1105 2834 1388 2903 praeteritis
1409 2834 1727 2903 cogitamus,

163 2939 232 2977 ne
259 2924 301 2976 si
332 2936 392 2976 ea
414 2936 532 2990 quae
553 2921 912 2977 fraudulenter
931 2923 1280 2978 conductores
1301 2937 1332 2976 a
1360 2922 1571 2978 rusticis
1598 2924 1725 2979 abs-

168 3014 399 3068 tulerunt
435 3015 500 3066 ad
544 3029 642 3067 nos
687 3016 1036 3083 perveniunt,
1084 3026 1300 3085 peccata
1345 3031 1464 3085 qua:
1502 3016 1570 3070 ab
1601 3016 1730 3085 ipsis

164 3115 460 3174 perpetrata
495 3104 699 3158 suntad
729 3119 826 3159 nos
852 3108 1146 3162 trahantur.
1196 3106 1262 3160 Et
1313 3106 1432 3161 ideo
1483 3107 1728 3161 volumus

159 3209 283 3248 cum
304 3195 446 3247 omni
462 3194 585 3262 title,
599 3195 739 3248 omni
765 3196 1009 3265 puritate,
1039 3195 1376 3251 considerato
1401 3197 1588 3250 timore
1608 3211 1728 3251 om-

106 3328 111 3333 .
163 3285 453 3352 nipotentis
487 3285 596 3350 Dei,
652 3285 870 3339 reducta
919 3285 986 3339 ad
1039 3287 1351 3339 memoriam
1399 3285 1732 3342 districtione

161 3371 304 3425 beati
338 3369 476 3425 Petri
507 3373 753 3439 apostoli,
784 3388 880 3441 per
905 3387 1331 3442 unamquamque
1370 3389 1599 3428 massam
1643 3389 1733 3428 co-

158 3463 319 3515 lonos
346 3477 602 3530 pauperes
629 3473 681 3518 et
712 3463 1010 3533 indigentes
1058 3464 1440 3531 experientiam
1471 3473 1614 3518 tuam
1639 3463 1734 3519 de-

158 3552 422 3616 scribere,
449 3561 610 3620 atqne
631 3568 694 3606 ex
725 3551 802 3608 eis
831 3554 1066 3622 pecuniis
1095 3568 1213 3622 quae
1241 3553 1294 3607 in
1319 3553 1589 3607 fraudibus
1610 3563 1734 3608 sunt

155 3644 216 3696 in
229 3650 418 3708 venue,
443 3655 650 3708 vaccas,
673 3656 800 3696 oves
838 3657 1132 3711 porcosquc
1179 3657 1512 3712 comparare,
1544 3653 1598 3697 et
1625 3644 1734 3697 sin-

154 3732 301 3802 gulis
332 3733 535 3786 colonis
570 3733 885 3802 pauperibus
910 3748 971 3787 ea
999 3733 1338 3788 distribuere.
1376 3733 1529 3801 Quod
1561 3733 1736 3789 facere

157 3838 218 3880 te
247 3840 368 3879 eum
396 3827 619 3879 consilio
664 3825 759 3877 viri
807 3825 1235 3879 reverendissimi
1285 3826 1466 3879 domni
1517 3824 1736 3880 Joannis

157 3915 432 3984 episc0pi,
466 3927 622 3983 atque
642 3914 860 3968 Adriani
892 3914 1197 3968 chartularii
1233 3918 1400 3968 nostri
1431 3925 1484 3969 et
1513 3917 1736 3968 rectoris

158 4007 436 4062 volumus.
462 4005 517 4059 Si
547 4014 720 4058 autem
755 4019 974 4059 necesse
999 4012 1213 4072 propter
1241 4005 1521 4058 consilium
1553 4006 1730 4072 fuerit,

155 4098 328 4152 etiam
361 4097 492 4149 filius
520 4104 700 4149 noster
726 4094 954 4149 domnus
1000 4094 1237 4149 Julianus
1266 4095 1424 4149 debet
1471 4095 1734 4163 adhiberi,

156 4189 239 4242 ita
269 4195 325 4240 ut
355 4186 527 4239 nullus
553 4187 1001 4254 aliusagnoscat,
1058 4186 1151 4239 sed
1201 4187 1419 4238 omnino
1473 4197 1738 4240 secretum

154 4278 256 4332 sit.
291 4277 394 4330 Vos
421 4291 548 4346 ergo
578 4279 714 4331 inter
742 4291 835 4330 vos
866 4286 1182 4345 pertractate
1203 4285 1378 4330 utrum
1410 4277 1460 4331 in
1490 4293 1623 4333 auro
1650 4287 1742 4333 aut

155 4378 317 4422 certe
344 4365 372 4404 δ
405 4367 458 4420 in
492 4366 731 4434 pecuniis
773 4366 973 4421 eisdem
1005 4366 1208 4420 colonis
1261 4367 1578 4434 pauperibus
1624 4367 1739 4423 dari

155 4459 356 4512 eadem
385 4458 706 4511 continentia
747 4457 957 4510 debeat.
1014 4456 1278 4524 Quidquid
1337 4470 1464 4509 vero
1501 4471 1740 4510 commu-

759 338 1236 395 EPISTOLARUM
1277 334 1402 390 LIB.
1444 333 1579 390 XIII.
1610 362 1680 374 ——
1710 327 1950 385 INDIC'I‘.
1997 327 2082 384 VI.
2121 357 2190 367 —
2229 327 2443 385 EPIST.
2484 328 2723 386 XXXVI.

3263 329 3399 388 ηερ

1751 448 1802 507 Α
1830 441 2067 509 gentium
2097 448 2342 504 testatur,
2367 440 2537 495 habeo
2563 442 2764 507 omnia,
2794 452 2849 498 et
2877 443 3121 509 abundo;
3155 459 3253 498 nec
3306 459 3402 513 pe-

1824 534 2031 596 cunias,
2057 532 2147 586 sed
2172 531 2473 586 mercedem
2512 545 2694 600 quaero
2721 532 2942 602 (Philip.
3000 537 3096 602 tv).
3156 533 3230 588 Ita
3275 549 3405 603 ergo

1826 641 1945 694 age,
1978 633 2033 677 ut
2055 624 2107 676 in
2137 621 2224 676 die
2250 621 2436 690 judicii
2461 621 2527 676 de
2551 636 2708 675 causa
2739 630 2760 659 ε
2801 623 3060 677 mercedis
3098 639 3215 690 quae
3243 639 3406 691 expe-

1827 715 2032 768 rientia:
2060 721 2165 766 tua:
2194 713 2479 766 commissa
2503 717 2586 764 est
2623 708 2752 762 mihi
2785 707 3018 764 fructum
3047 726 3203 778 quem
3243 713 3402 766 fece-

1831 802 1906 857 ris
1935 801 2208 856 ostendas.
2240 798 2392 865 Quod
2413 798 2458 852 si
2491 813 2639 865 pure,
2681 798 2909 852 fideliter
2933 808 2988 852 et
3038 809 3256 855 strenue
3283 818 3405 870 ege-

1828 894 1923 959 ris,
1955 904 2010 948 et
2039 892 2125 946 hic
2157 892 2281 945 illud
2310 892 2361 945 in
2391 890 2510 943 filiis
2533 887 2635 944 tuis
2684 891 2931 958 recipies,
2983 900 3038 946 et
3066 895 3400 958 postmodum

1830 982 2242 1038 retributionem
2279 979 2570 1050 plenariam
2600 979 2656 1034 in
2684 980 2871 1034 Merui
2917 979 3112 1050 judieis
3158 989 3402 1040 examine

1830 1074 2075 1130 habebis.

2325 1140 2654 1196 EPISTOLA
2691 1139 2910 1195 XXXV.

2232 1248 2298 1286 AD
2335 1247 2577 1287 CATULI‘H
2617 1249 2685 1286 ΕΤ
2728 1248 2994 1288 ROMANUM.

1835 1323 2075 1394 Optatum
2104 1321 2418 1390 defensorem
2457 1321 2507 1374 in
2538 1323 2829 1394 antovendis
2853 1339 2884 1373 a
2913 1329 3228 1377 sacerdotum
3259 1341 3394 1380 con-

2070 1394 2298 1444 tubernio
2322 1392 2577 1444 extraneis
2610 1391 2905 1444 mulieribus
2935 1394 3158 1462 adjuvet.

1904 1483 2189 1552 Gregorius
2213 1491 2237 1517 ⁸
2267 1482 2478 1548 Catulo,
2510 1482 2568 1535 Re
2593 1497 2769 1548 mano,
2798 1494 2850 1536 et
2875 1483 3154 1545 Vintarith.

1905 1574 2151 1628 Pervenit
2200 1572 2265 1626 ad
2319 1587 2414 1626 nos
2471 1572 2608 1640 quod
2656 1572 2743 1641 qui
2794 1582 2915 1625 sunt
2944 1573 2994 1626 in
3035 1587 3185 1627 sacro
3215 1576 3402 1630 ordine

1831 1663 2100 1717 constituti
2125 1663 2176 1715 in
2207 1661 2478 1716 territorio
2508 1659 2536 1698 δ
2563 1659 2794 1714 Nursino
2820 1676 2939 1714 cum
2965 1663 3271 1718 mulieribus
3300 1683 3398 1720 ex-

1834 1752 2028 1806 traneis
2054 1751 2311 1805 habitent.
2339 1751 2486 1816 Quod
2515 1751 2636 1818 quia
2674 1760 2695 1787 ο
2723 1766 2884 1819 grave
2931 1761 2984 1806 et
3016 1754 3221 1824 1243
3252 1759 3401 1811 valde

1830 1841 2081 1896 indecens
2102 1850 2204 1907 est,
2231 1841 2423 1910 Optato
2451 1839 2713 1894 defensori
2746 1844 3090 1910 praecepimus
3114 1857 3166 1897 ut
3192 1861 3282 1900 eos
3308 1849 3402 1901 de-

1829 1932 1952 1987 beat
1995 1930 2290 1994 adhortari,
2338 1937 2619 1999 quatenus,
2675 1929 2720 1983 si
2769 1931 2840 1982 ita
2869 1940 2971 1998 est,
3007 1932 3181 1987 nullus
3211 1948 3394 1989 eorum

1830 2037 1949 2077 cum
1974 2025 2243 2075 extraneis
2266 2020 2576 2075 mulieribus
2598 2019 2666 2073 de
2689 2028 2886 2075 caetero
2911 2022 3101 2075 audeat
3133 2023 3396 2079 habitare.

1829 2113 1980 2184 Quod
2006 2113 2050 2166 si
2082 2114 2217 2166 forte
2261 2109 2685 2164 adhortationem
2733 2111 2847 2179 ejus
2896 2113 3247 2180 neglexerint,
3299 2118 3398 2169 hoc

1829 2218 2040 2273 quoque
2068 2203 2116 2256 ei
2147 2203 2490 2270 injunximus,
2519 2209 2576 2254 ut
2615 2200 2680 2254 ad
2711 2203 2949 2255 notitiam
2996 2204 3170 2256 fratris
3196 2215 3249 2257 et
3276 2219 3398 2259 coe-

1829 2293 2034 2362 piscotni
2086 2294 2251 2347 nostri
2300 2291 2626 2360 Chrysanthi
2684 2291 2810 2344 illud
2867 2292 3157 2360 perducere
3185 2294 3395 2361 debeat,

1830 2387 2119 2440 dummodo
2149 2401 2242 2455 per
2269 2384 2415 2438 illum
2447 2384 2697 2451 corrigat,
2728 2391 2819 2436 aut
2861 2398 2981 2437 cum
3011 2384 3127 2453 ejus
3156 2388 3398 2439 auctori-

1831 2485 1940 2530 tate
1971 2475 2254 2544 praadicttts
2304 2474 2552 2527 defensor
2590 2473 2801 2525 studeat
2833 2474 3138 2527 emendare.
3190 2475 3252 2527 Et
3282 2476 3400 2529 ideo

1829 2561 2138 2634 magnitudo
2167 2569 2347 2615 vestra
2369 2561 2424 2615 in
2453 2560 2555 2614 hoc
2581 2559 2831 2627 capitulo,
2879 2561 3016 2614 sicut
3061 2576 3177 2616 eam
3204 2564 3402 2617 conde-

1831 2663 1935 2718 cet,
1959 2661 2261 2717 concurrat,
2283 2661 2440 2720 atque
2485 2651 2732 2706 eumdem
2770 2650 2998 2718 desnper
3043 2651 3256 2707 fratrem
3311 2656 3402 2706 ha-

1831 2747 1954 2801 beat
1982 2745 2036 2798 in
2059 2743 2305 2797 omnibus
2333 2740 2784 2806 commendatum,
2830 2751 2888 2795 ut
2915 2741 3063 2795 vobis
3104 2744 3402 2796 solatianti-

1832 2837 1929 2890 bus
1959 2843 2014 2890 et
2033 2849 2154 2904 qua:
2173 2833 2221 2888 ei
2251 2833 2485 2902 injuncta
2510 2831 2933 2886 suntsalubriter
2957 2834 3193 2899 expleat,
3242 2845 3296 2888 et
3345 2836 3398 2889 in

1829 2927 1952 2983 aliis
1980 2937 2167 2983 contra
2199 2925 2458 2979 rationem
2492 2923 2733 2978 laborare
2760 2937 2862 2976 non
2892 2924 3082 2976 valeat.

2304 3035 2632 3091 EPISTULA
2669 3035 2904 3089 XXXVI.

2007 3145 2074 3182 AD
2125 3140 2500 3182 CIIRYBANTHUH
2542 3139 2879 3178 SPOLETANUII
2919 3140 3220 3183 εριεεονωι.

1785 3189 1804 3211 ⁸
1836 3217 2135 3274 Ilabitantes
2187 3234 2301 3270 cum
2334 3216 2588 3269 extraneis
2621 3215 2917 3269 mulieribus
2950 3215 3201 3271 Nursinos
3239 3235 3408 3272 sacer-

2411 3288 2550 3337 dotes
2573 3294 2815 3337 coerceat.

1904 3375 2189 3445 Gregorins
2212 3373 2548 3445 Chrysantho
2577 3373 2827 3440 episcopo
2856 3372 3166 3443 Spoletano.

1910 3468 1982 3520 Ex
2015 3463 2365 3535 quorumdam
2418 3462 2674 3516 relatione
2721 3465 3064 3531 cognovimus
3103 3463 3404 3523 sacerdotes

1841 3555 2098 3612 territmii
2129 3555 2341 3609 Nursini
2371 3569 2490 3608 cum
2523 3553 2834 3608 mulieribus
2859 3556 3124 3608 extraneis
3164 3570 3401 3610 comma-

1836 3662 1985 3701 nere.
2020 3645 2122 3699 Pro
2145 3660 2246 3713 qua
2278 3658 2336 3699 re
2365 3643 2519 3697 valde
2544 3657 2641 3697 nos
2668 3642 2975 3698 fraternitas
3007 3653 3093 3696 tua
3124 3645 3408 3698 contrista-

1838 3747 1920 3792 tos
1952 3745 2222 3805 agnoscat,
2255 3750 2372 3804 quae
2400 3734 2597 3788 dudum
2648 3733 2792 3797 talia,
2835 3734 2880 3787 si
2927 3742 3103 3788 tamen
3135 3735 3404 3804 cognovit,

1839 3827 2054 3880 minime
2109 3840 2258 3894 passa
2306 3835 2387 3879 est
2435 3838 2703 3878 coercere.
2761 3823 2866 3876 Sed
2917 3826 3165 3892 quoniam
3218 3828 3412 3894 Uplalo

1841 3916 2176 3984 pracipimus
2199 3914 2463 3970 defensori
2494 3925 2554 3967 ut
2585 3913 2700 3966 haec
2728 3913 2919 3966 debeat
2947 3913 3120 3967 modis
3165 3915 3410 3970 omnibus

1840 4007 2147 4071 emendare,
2176 4014 2229 4060 et
2250 4005 2295 4058 si
2323 4005 2602 4073 quisquam
2633 4018 2699 4057 ex
2728 4004 2807 4058 eis
2839 4005 2890 4057 in
2922 4002 3014 4058 tali
3034 4003 3264 4072 capitulo
3286 4020 3415 4058 con-

1842 4108 2019 4152 tumax
2060 4096 2285 4150 voluerit
2316 4109 2590 4163 apparere,
2643 4095 2709 4147 ad
2753 4094 3097 4148 fraternitatis
3137 4105 3240 4149 tua:
3284 4111 3406 4150 eum

1841 4187 2032 4242 debeat
2061 4199 2285 4240 evocare
2312 4184 2591 4253 judicium,
2625 4183 2744 4238 ideo
2788 4185 3052 4237 sanctitati
3087 4193 3189 4237 tua:
3220 4200 3408 4240 neces-

1841 4280 1985 4334 sario
2018 4277 2266 4330 duximus
2290 4275 2630 4328 scribendum
2656 4283 2711 4325 ut
2740 4273 2786 4326 si
2807 4288 2939 4342 quos
2961 4273 3026 4328 de
3043 4275 3411 4330 sacerdotibus

1841 4371 1906 4425 ad
1935 4381 2077 4422 tuam
2106 4365 2381 4421 dimcesim
2411 4363 2796 4430 pertinentibus
2826 4377 2948 4416 cum
2992 4362 3260 4416 extraneis
3287 4379 3416 4434 cog-

1844 4460 2053 4512 noverit
2082 4455 2341 4515 habitare,
2372 4451 2456 4505 vel
2483 4459 2628 4504 certe
2658 4449 2724 4503 de
2751 4450 2941 4517 quibus
2975 4449 3270 4503 antedictus
3299 4451 3418 4519 0p-

159 4551 313 4602 niter
337 4549 564 4613 steterit,
596 4548 741 4616 prius
771 4547 1210 4615 descriptionem,
1238 4547 1376 4599 sicut
1400 4545 1528 4612 d.xi,
1554 4544 1734 4612 facito,
1765 4516 1819 4578 ι)
1845 4557 1984 4603 tatus
2013 4557 2114 4599 tua;
2153 4544 2533 4598 renuntiaverit
2561 4542 2824 4595 sanctitati
2853 4540 2873 4562 '
2921 4556 3169 4610 procaces
3200 4541 3419 4597 invene-

158 4651 224 4691 et
254 4638 591 4706 postmodum
620 4638 838 4706 singulis
860 4637 1008 4704 juxta
1032 4637 1342 4706 qualitatem
1376 4651 1488 4689 sua:
1515 4650 1740 4703 pauper-

159 4727 296 4781 tatis
349 4727 671 4782 distribuere
721 4727 896 4782 stude.
944 4727 1058 4795 Ego
1106 4725 1272 4793 enim,
1303 4726 1440 4780 sicut
1492 4726 1742 4794 Magister

243 4862 423 4915 Eetsr.
454 4860 666 4914 XXXIV
693 4859 798 4930 [Αι.
822 4858 933 4930 41].
961 4888 1032 4899 -
1060 4867 1086 4895 ⁸
1118 4858 1283 4930 Prius
1311 4859 1580 4926 legebatur
1626 4859 1732 4913 να-

155 4934 320 4995 lerio,
351 4932 487 4996 quod
513 4929 714 4984 mutare
755 4929 1045 4999 coegerunt
1085 4931 1209 4984 Mss.
1247 4929 1450 4994 Nortn.,
1500 4930 1733 4997 Anglic"

161 5005 372 5062 Vatic.,
403 4999 659 5063 Colbert.,
692 5012 796 5054 etc.
829 5003 1028 5052 Modius
1072 5000 1140 5052 de
1180 5014 1286 5067 quo
1339 4999 1424 5051 hic
1465 5001 1733 5053 sexdecim

156 5072 520 5129 sextariorum
549 5079 748 5123 tantum
779 5084 896 5123 esse
922 5070 1122 5122 debuit.
1153 5069 1281 5122 Vide
1313 5079 1462 5122 notas
1485 5071 1548 5121 ad
1577 5070 1733 5134 epist.

154 5139 241 5195 44
271 5140 363 5192 lib.
391 5153 426 5190 ι.
462 5139 589 5191 Ηίιιο
620 5149 761 5207 patet
799 5149 990 5203 quanta
1020 5139 1161 5192 fraus
1190 5139 1256 5190 ab
1287 5139 1535 5192 Ecclesiae
1587 5149 1734 5191 acto-

158 5213 320 5266 ribus
342 5211 492 5270 facta,
523 5225 676 5275 quam
698 5209 816 5278 jure
837 5219 1143 5262 exsecratur
1168 5223 1379 5278 sanctus
1408 5208 1661 5275 pontifex.

243 5279 270 5316 δ
304 5278 435 5330 Tres
460 5279 624 5330 Vatic.
650 5276 712 5342 A,
743 5279 802 5339 lt,
834 5279 894 5341 F,
941 5279 993 5330 in
1042 5276 1270 5345 peculiis.
1301 5277 1528 5330 l’ecunia
1557 5287 1734 5330 autem

157 5349 370 5404 dicitur
415 5346 665 5414 quidquid
704 5349 886 5400 habent
931 5349 1156 5400 homines
1186 5348 1238 5398 in
1292 5357 1460 5408 terra;
1513 5347 1737 5398 onmium

156 5432 389 5489 quorum
415 5420 606 5468 domini
631 5431 744 5469 sum
767 5419 979 5489 pecunia
1001 5428 1233 5479 vocatur;
1251 5432 1568 5489 serumque,
1594 5431 1736 5489 ager,

158 5485 346 5548 arbor,
375 5502 543 5550 pecus,
573 5488 814 5552 quidquid
843 5487 1022 5538 horum
1047 5495 1149 5549 est,
1191 5486 1400 5554 βασιληία
1423 5485 1625 5548 dicitur,
1660 5486 1738 5537 itt-

158 5558 289 5627 quit
316 5557 663 5623 Augusdnus,
689 5558 781 5609 lib.
830 5557 897 5609 de
939 5556 1151 5624 Discipl.
1180 5556 1400 5618 (λιι-ιω.9
1432 5570 1480 5608 c.
1516 5555 1566 5620 l,
1597 5555 1737 5622 quod

161 5629 403 5683 refertur
423 5640 578 5677 causa
616 5627 660 5688 Ι⁹
683 5641 736 5693 q.
768 5627 823 5690 3,
855 5641 904 5678 c.
940 5627 992 5677 ti.

246 5707 269 5732 ε
327 5698 423 5748 llic
473 5692 1028 5763 nterces’accipientla
1069 5695 1274 5751 videtur
1324 5708 1419 5762 pro
1462 5692 1740 5748 beneficio.

1845 4637 1935 4698 rit.
1962 4633 2320 4688 admoniti0ne
2341 4630 2658 4686 sacerdotali
2705 4631 2996 4697 praemissa,
3025 4641 3099 4698 et,
3131 4632 3174 4686 si
3219 4647 3304 4689 res
3349 4634 3418 4686 ita

1844 4724 2102 4794 exegerit,
2130 4724 2287 4778 etiam
2316 4721 2626 4775 canonicam
2660 4720 2916 4777 adhibens
2957 4723 3312 4794 disciplinam,
3345 4725 3413 4779 de

1839 4859 1970 4913 Vide
1996 4858 2086 4912 lib.
2116 4873 2192 4919 Ill,
2225 4858 2379 4923 epist.
2411 4859 2464 4919 3,
2489 4868 2665 4909 notam
2689 4857 2741 4911 d.

1910 4932 2083 4982 Eptsr.
2119 4928 2308 4981 XXXV
2335 4927 2450 4998 [ΑΙ.
2485 4924 2598 4994 42].
2622 4956 2692 4998 :—
2719 4935 2745 4963 ι
2778 4926 2832 4978 In
2887 4928 3092 4990 Anglic.
3144 4939 3196 4983 et
3228 4931 3411 4988 Nnrm,

1839 5008 2045 5052 tantum
2089 4999 2274 5064 legitur
2306 4995 2484 5048 Cittnlo
2528 5006 2574 5047 et
2625 4995 2876 5049 Romano.
2909 4998 3134 5051 Additur
3171 5000 3416 5057 Wint/ta-

1837 5071 1939 5121 rith
1967 5071 2017 5121 in
2047 5083 2276 5135 qumque
2309 5067 2498 5135 Vatic.,
2528 5065 2718 5119 Rhem.
2757 5077 2809 5119 et
2837 5067 3066 5121 Colbert.
3094 5080 3195 5123 vet.
3238 5073 3291 5125 ln
3324 5088 3413 5126 se~

1835 5140 2010 5191 cundo
2035 5133 2349 5198 e’Colbertq
2385 5133 2668 5187 Cartulario
2703 5135 2959 5188 Romano.
2993 5137 3044 5189 In
3076 5141 3254 5205 tertio,
3287 5142 3416 5194 Car-

1838 5208 2045 5273 tulario,
2073 5207 2327 5267 Romano,
2370 5214 2416 5256 et
2451 5205 2797 5258 Wmthareth.
2849 5205 2902 5258 In
2935 5218 3143 5273 quarto,
3203 5210 3412 5274 Catulo.

1843 5278 2093 5340 Romano,
2126 5286 2172 5328 et
2223 5275 2512 5328 Wirtarith.
2547 5275 2596 5327 In
2642 5283 2826 5341 quinto
2855 5275 3037 5326 Catulo
3080 5287 3124 5329 et
3159 5279 3414 5336 Romano.

1841 5347 1976 5400 Editi
2008 5355 2228 5408 recent.,
2259 5360 2355 5414 pro
2392 5344 2724 5414 Wintharith,
2753 5345 2944 5397 habent
2974 5343 3190 5414 Victori.

1913 5417 1937 5453 ι)
1970 5417 2043 5489 De
2059 5412 2410 5489 ﬂNursia'vtde
2440 5425 2615 5466 notam
2640 5412 2668 5464 ὑ
2694 5414 2756 5489 ad
2787 5427 2906 5489 c_ap_.
2935 5415 2956 5465 I
2986 5413 3107 5467 libri
3134 5432 3184 5468 ιι
3209 5417 3413 5489 Dialog.

1916 5496 1938 5524 ο
1977 5487 2030 5539 In
2054 5488 2259 5548 Norm.,
2282 5487 2521 5550 ignavum
2549 5481 2768 5550 etivalde
2801 5482 3057 5536 indecens.
3193 5491 3196 5494 ’

1918 5558 2096 5609 ICPIa’T.
2122 5554 2336 5607 XXXVI
2367 5555 2474 5624 [Αιᾼ.
2524 5549 2637 5622 45].
2688 5579 2757 5624 έ-
2798 5559 2825 5588 ⁸
2881 5554 2936 5605 ltt
2991 5555 3201 5619 Norm.,
3258 5558 3415 5624 Reg,

1846 5626 1999 5683 Colit.
2032 5636 2085 5680 et
2107 5628 2240 5695 plur.
2273 5622 2392 5678 aliis
2423 5622 2572 5688 Μέθη
2601 5622 2865 5678 omittitur
2887 5639 3129 5693 procaces
3153 5622 3420 5681 invenerit.
