3956 6310
576 316 712 373 1287

1773 298 2011 355 S.\NC'I‘I
2050 295 2369 351 GREGOIIII
2407 294 2621 351 MAGNI

3692 287 3845 343 i288

575 443 772 488 caztero
796 425 1080 482 emendare
1103 421 1337 486 festinet,
1367 418 1489 487 quia
1518 431 1614 472 nos
1638 416 1819 470 audire
1846 415 1966 470 talia
1999 415 2139 468 nulla
2171 411 2219 469 A
2248 408 2580 476 disponente,
2611 408 2674 461 ad
2708 406 2915 461 culmen
2964 404 3169 474 imperii
3216 402 3521 472 pervenisse
3551 418 3839 472 cognove-

578 521 805 590 pitimur
837 516 1060 569 ratione.
1099 512 1202 568 Sed
1257 520 1309 565 et
1340 510 1705 578 presbyterum
1754 522 1910 574 quem
1964 507 2147 558 dicunt

580 616 695 668 sine
720 612 810 665 Dei
843 617 1084 673 respectu:
1118 605 1354 673 plurimis
1384 600 1659 655 violentias
1682 600 1938 667 irrogare,
1964 598 2147 650 admo-

584 718 709 757 nere
740 716 860 755 eum
905 698 987 751 vel
1021 698 1290 761 increpare
1336 706 1430 758 pro
1479 691 1667 743 talibus
1710 687 2013 741 fraternitas
2061 696 2147 739 tua

583 793 808 846 studeat.
841 790 940 855 Qui
998 788 1043 841 si
1092 795 1142 838 te
1189 784 1370 835 audire
1416 781 1662 843 noluerit,
1706 794 1735 832 a
1778 777 2150 831 communione

583 898 705 937 eum
738 880 1024 947 suspende.
1059 886 1113 928 ut
1143 875 1223 929 vel
1248 875 1326 926 sic
1358 872 1572 939 incipiat
1602 885 1629 923 a
1662 871 1834 937 pravis
1864 883 1922 923 se
1946 869 2151 922 actibus

588 987 885 1029 removere.
912 966 939 1004 ὶι
974 968 1153 1021 Mense
1182 964 1325 1027 Julii,
1361 962 1644 1016 indictione
1676 962 1729 1013 6.

1052 1072 1381 1129 EPISTULA
1423 1069 1684 1124 XXXVII.

798 1183 866 1223 AD
900 1181 1133 1221 JOANNEM
1173 1176 1577 1215 PANURHITANUI
1637 1172 1939 1212 EPISCOPUI.

1087 1252 1240 1305 Pollii
1254 1268 1393 1304 usum
1413 1250 1657 1303 concedit.

664 1349 951 1417 Gregorius
979 1344 1168 1399 Joannt
1199 1344 1448 1410 episcopo
1482 1338 1872 1393 Panormitano.

664 1439 983 1507 Apostoliete
1012 1435 1152 1489 sedis
1190 1432 1554 1485 benevolentia
1593 1428 1883 1497 provocati,
1919 1424 2160 1480 fraterni-

594 1532 687 1586 tati
722 1540 845 1593 tute,
879 1541 1033 1595 quam
1062 1525 1451 1578 Panormitana:
1476 1520 1721 1573 Ecclesirc
1745 1527 1772 1554 ι
1816 1517 2161 1583 speculatoris

594 1629 803 1676 constat
826 1617 1123 1685 suscepisse
1149 1614 1404 1677 officium,
1451 1611 1591 1679 pallii
1642 1625 1789 1662 usum
1824 1607 2161 1676 praevidimus

597 1712 1017 1772 concedendum,
1045 1707 1146 1759 illis
1178 1705 1419 1758 videlicet
1453 1701 1661 1771 1244
1704 1699 2045 1765 temporibus,
2080 1708 2161 1750 at-

597 1820 699 1872 que
722 1817 785 1855 eo
813 1800 1019 1861 ordine,
1050 1806 1105 1849 ut
1131 1795 1263 1848 alios
1292 1808 1503 1862 quoque
1548 1791 1734 1844 insula:
1763 1789 1956 1842 Siciliae
1984 1801 2160 1841 sacer-

598 1895 753 1948 dotes
782 1892 863 1943 vel
908 1891 1219 1943 decessores
1274 1894 1392 1937 tuos
1440 1898 1567 1937 usos
1613 1897 1732 1937 esse
1780 1896 1882 1933 non
1916 1879 2158 1947 ambigis.

593 1983 724 2036 Illud
756 1991 930 2034 autem
955 1978 1323 2038 admonemus,
1374 1982 1431 2027 ut
1480 1974 1783 2041 apostolica:
1829 1971 1970 2024 sedis
2014 1985 2164 2022 reve—

598 2074 763 2130 rentia
816 2072 1010 2126 nullius
1066 2066 1477 2136 praesumptione
1517 2064 1786 2128 turbetur.
1832 2063 1979 2115 Tunc
2025 2062 2163 2114 enim

594 2175 764 2219 status
795 2162 1151 2215 membrorum
1185 2159 1388 2224 integer
1431 2164 1638 2217 manet,
1673 2151 1698 2189 ι)
1749 2152 1791 2205 si
1840 2161 1994 2219 caput
2044 2151 2165 2204 ﬁdei

598 2255 741 2307 nulla
773 2253 943 2319 pulset
973 2249 1183 2315 injuria,
1210 2257 1261 2299 et
1297 2256 1317 2282 ε
1352 2259 1613 2298 canonum
1642 2250 1851 2295 maneat
1892 2240 2167 2292 incolumis

600 2355 757 2410 atque
786 2342 1107 2394 intemerata
1136 2351 1349 2403 semper
1374 2335 1676 2393 auctoritas,
1707 2341 1761 2384 ut
1790 2333 1927 2383 sicut
1955 2346 1983 2381 a
2016 2330 2166 2382 nobis

600 2429 965 2502 hujuscemodi
990 2428 1196 2482 decoris
1227 2441 1376 2479 usum
1402 2425 1466 2476 ad
1497 2422 1840 2477 sacerdotalis
1885 2420 2041 2472 ofﬁcii
2074 2419 2169 2471 Ito-

602 2540 787 2578 norem
806 2522 1075 2588 acoepisse
1106 2530 1155 2572 te
1179 2517 1397 2587 gaudes,
1434 2516 1506 2568 ita
1555 2514 1715 2567 etiam
1760 2526 1966 2565 morum
2011 2518 2168 2577 atque

599 2624 809 2669 actuum
836 2613 1095 2679 probitate
1124 2616 1426 2674 susceptum
1472 2605 1731 2657 adornare
1759 2599 2048 2655 contendas
2078 2597 2170 2651 of-

601 2703 800 2756 ficium.
833 2702 920 2754 Sic
941 2698 1135 2752 etenim
1161 2697 1367 2748 alterno
1393 2694 1500 2747 eris
1548 2692 1770 2745 invicem
1802 2693 1995 2743 decore
2036 2704 2168 2742 con-

600 2794 833 2861 spicuus,
860 2793 904 2842 si
930 2790 991 2841 ad
1016 2785 1377 2855 hujuscemodi
1408 2782 1650 2851 corporis
1698 2781 1934 2835 habitum
1976 2780 2170 2834 mentis

600 2897 810 2953 quoque
839 2889 941 2934 tuae
969 2881 1105 2935 bona
1136 2876 1484 2931 concordent.

1060 2965 1396 3020 EPISTULA
1433 2962 1721 3017 XXXVIII.

1008 3074 1075 3111 ΔΙ)
1115 3071 1320 3109 Ριιοοιυι
1360 3068 1757 3107 IMPERATOBEM.

604 3153 817 3208 Diaconi
847 3152 925 3205 sui
958 3151 1230 3203 absentiam
1255 3150 1510 3215 ingeniose
1530 3154 1752 3199 excusat.
1780 3142 1938 3195 Mittit
1966 3140 2169 3211 Bonifa-
2198 3130 2247 3193 (ἶ

705 3225 859 3276 ciunt.
887 3224 1135 3275 Adversus
1160 3216 1522 3286 Langobardos
1539 3216 1786 3269 auxilium
1809 3215 2067 3281 implorat.

679 3321 703 3349 ⁸
720 3311 1004 3380 Gregorius
1028 3310 1218 3361 Phoca:
1248 3311 1503 3375 Augusto.

671 3402 1023 3456 Considerare
1048 3415 1166 3451 cum
1197 3398 1401 3467 gaudiis
1429 3405 1482 3449 et
1508 3395 1711 3464 magnis
1742 3395 2035 3447 actionibus
2057 3409 2177 3461 gra-

605 3496 795 3549 tiarum
828 3494 953 3547 libet
983 3500 1206 3560 quantas
1239 3488 1589 3557 Omnipotenti
1624 3488 1845 3539 Domino
1876 3486 2057 3538 laudes
2086 3486 2178 3537 de-

604 3584 813 3647 bemus,
849 3582 1008 3650 quod,
1040 3589 1244 3633 remoto
1270 3579 1398 3647 jugo
1428 3577 1655 3632 tristitia:
1677 3578 1740 3628 ad
1767 3576 2025 3628 libertatis
2046 3586 2177 3628 tetn-

604 3691 754 3744 pora,
788 3675 886 3727 sub
931 3672 1190 3739 imperiali
1246 3670 1587 3737 benignitatis
1617 3678 1804 3721 vestra:
1838 3669 2030 3733 pietate
2062 3680 2179 3733 per-

606 3764 870 3817 venimus.
906 3762 1036 3814 Nam
1067 3760 1205 3827 quod
1236 3773 1547 3826 permanere
1572 3757 1621 3809 in
1669 3756 1883 3824 palatio,
1907 3756 2055 3821 juxta
2085 3770 2179 3808 an-

614 3856 811 3919 tiquam
859 3848 1319 3913 consuetudinem,
1362 3848 1663 3913 apostolica:
1712 3846 1856 3899 sedis
1899 3847 2177 3898 diaconum

612 3949 789 3994 vestra
819 3938 1077 3991 serenitas
1105 3951 1207 3988 non
1238 3936 1454 4001 invenit,
1486 3949 1589 3986 non
1622 3935 1721 3987 hoc
1750 3950 1880 3987 mea:
1903 3935 2177 4004 negligen-

608 4030 717 4090 tiae,
749 4027 841 4080 sed
868 4025 1188 4093 gravissimce
1218 4024 1551 4077 necessitatis
1573 4022 1689 4087 fuit,
1717 4022 1835 4090 quia
1856 4022 1980 4075 dum
2024 4023 2179 4076 mini-

608 4118 703 4170 stri
728 4130 911 4168 omnes
938 4114 1090 4181 hujus
1112 4122 1305 4166 nostra:
1336 4112 1585 4165 Ecclesia:
1632 4122 1734 4162 tam
1767 4113 1989 4164 contrita
2029 4126 2183 4179 aspe-

610 4221 774 4275 raque
803 4214 1037 4271 tempora
1068 4219 1188 4256 cum
1218 4202 1499 4255 formidine
1528 4201 1855 4256 declinarent
1893 4212 2051 4269 atque
2092 4218 2179 4255 re-

612 4298 882 4366 fugerent,
915 4296 1042 4347 nulli
1092 4309 1274 4347 eorum
1324 4302 1528 4360 poterat
1558 4292 1753 4359 imponi
1800 4300 1855 4344 ut
1897 4291 1963 4344 ad
1996 4294 2178 4346 urbem

617 4389 815 4457 regiam
847 4389 897 4438 in
929 4386 1119 4454 palatio
1159 4398 1533 4454 permansuros
1561 4383 1860 4436 accederet.
1905 4382 2009 4435 Sed
2044 4395 2184 4449 post-

2247 508 2389 560 runt,
2421 498 2521 565 ipsi
2553 513 2763 565 quoque
2794 497 3049 552 suadente
3080 496 3257 548 laetitia
3283 494 3309 532 δ
3361 495 3423 547 ad
3456 504 3635 547 vestra
3665 495 3841 545 vesti-

2248 593 2330 659 gia
2358 591 2536 644 venire
2578 590 2845 653 festinant,
2896 591 2981 657 qui
3024 590 3171 657 prius
3201 588 3321 641 illuc
3368 588 3628 640 accedere
3676 588 3836 640 valde

2251 683 2554 735 timuerant.
2580 682 2682 736 Sed
2713 683 2831 749 quia
2856 695 3038 735 eorum
3061 679 3275 749 quidam
3305 679 3373 732 ita
3397 689 3677 732 senectute
3707 690 3834 731 sunt

2250 770 2477 833 debles,
2520 782 2577 823 ut
2609 771 2841 825 laborem
2872 770 3009 824 ferre
3040 770 3122 821 vix
3180 769 3403 836 possint,
3454 769 3672 836 quidam
3706 783 3833 821 vero

2252 859 2617 913 ecclesiasticis
2645 859 2791 912 curis
2816 859 3157 912 vehementer
3177 857 3533 925 implicant-tr,
3558 866 3617 910 et
3644 867 3665 893 ε
3699 858 3833 909 Inlul’

2256 948 2621 1016 praesentium,
2665 947 2752 1015 qui
2800 949 2999 1015 primus
3046 946 3282 999 omnium
3320 946 3669 999 defensqutn
3716 946 3828 1011 fut,

2256 1040 2391 1093 bene
2419 1038 2546 1091 mihi
2580 1054 2641 1091 ex
2690 1038 2845 1106 longa
2890 1037 3198 1091 assiduitate
3229 1049 3534 1105 compertus
3564 1048 3673 1111 est,
3705 1041 3829 1097 vita,

2259 1128 2382 1191 fide,
2406 1144 2467 1183 ac
2510 1129 2746 1182 moribus
2795 1129 3134 1196 approbatus,
3190 1128 3329 1183 hunc
3381 1142 3563 1197 aptum
3622 1129 3833 1196 pictatis

2259 1226 2447 1270 vestra:
2497 1216 2735 1285 vestigiis
2765 1231 2885 1271 esse
2924 1216 3179 1284 judicavi.
3233 1216 3384 1271 Unde
3434 1233 3583 1282 eum,
3618 1231 3833 1271 aucwre

2261 1305 2387 1369 Deo,
2417 1304 2693 1359 diaconum
2723 1304 2844 1372 feci,
2906 1316 2959 1361 et
3002 1308 3100 1361 sub
3148 1307 3418 1361 celeritate
3467 1309 3832 1361 transmittere

2261 1396 2457 1460 studui,
2477 1397 2563 1464 qui
2589 1405 2772 1450 cuncta
2792 1412 2909 1465 quae.
2932 1398 2983 1450 in
3014 1396 3093 1450 his
3118 1399 3351 1466 partibus
3373 1409 3628 1466 aguntur,
3657 1399 3839 1452 invene

2263 1498 2319 1543 to
2344 1500 2640 1557 opportuno
2674 1500 2930 1558 tempore,
2963 1492 3133 1544 valeat
3161 1491 3459 1544 clementia:
3491 1502 3693 1544 vestra:
3719 1509 3836 1560 sug-

2264 1567 2468 1650 gerere.
2494 1581 2519 1618 ἀ
2547 1582 2640 1637 Cui
2675 1598 2804 1651 rogo
2835 1593 2890 1636 ut
2927 1584 3185 1636 serenitas
3216 1594 3389 1637 vestra
3422 1585 3541 1651 pias
3571 1601 3737 1639 aures
3767 1588 3839 1639 iu-

2265 1674 2465 1727 clinare
2492 1675 2756 1742 dignetur,
2791 1684 2848 1726 ut
2880 1682 3024 1727 tanto
3052 1676 3202 1727 nobis
3225 1676 3400 1729 valeat
3428 1677 3665 1730 celerius
3690 1679 3839 1731 misr-

2194 1774 2240 1831 B
2271 1765 2372 1817 reri
2399 1774 2598 1831 quanto
2623 1764 2957 1818 afflictionem
3002 1774 3237 1818 nostram
3292 1764 3469 1819 verius
3500 1782 3568 1821 ex
3601 1769 3722 1835 ejus
3766 1786 3838 1821 re-

2267 1853 2464 1907 latione
2493 1855 2819 1921 cognoverit.
2840 1855 3079 1919 Qualiter
3108 1856 3250 1909 enim
3295 1856 3629 1923 quotidianis
3660 1859 3840 1926 gladiis

2266 1946 2551 2012 etquantis
2602 1945 3064 2013 Langobardorum
3116 1946 3508 1999 incursionibus
3561 1961 3694 1999 ecce
3734 1948 3835 2014 jani

2268 2050 2365 2105 per
2399 2036 2607 2102 triginta
2640 2037 2872 2102 quinque
2919 2050 3175 2088 annorum
3227 2036 3615 2105 Icugitudinem
3649 2041 3842 2106 premi-

2268 2144 2407 2191 mur,
2433 2127 2589 2181 nullis
2621 2129 2836 2195 explere
2871 2127 3075 2197 1245
3115 2129 3467 2197 suggestionis
3496 2131 3725 2185 vocibus
3754 2146 3837 2181 va-

2269 2220 2456 2273 lemus.
2488 2219 2591 2272 Sed
2636 2218 2686 2270 in
2716 2219 3074 2285 omnipotente
3106 2217 3328 2270 Domino
3364 2218 3698 2272 confidimus
3726 2222 3837 2287 quia

2270 2325 2330 2362 ea
2356 2325 2469 2376 quae
2492 2308 3042 2377 cmpitconsolationis
3063 2324 3171 2360 sua:
3202 2308 3356 2360 nobis
3390 2310 3529 2361 bona
3561 2311 3835 2376 perﬁciet;

2271 2411 2325 2455 et
2371 2402 2459 2469 qui
2490 2400 2762 2453 suscitavit
2810 2400 2864 2452 in
2897 2399 3159 2467 republiczt
3218 2400 3331 2465 pios
3378 2399 3655 2462 dominos,
3685 2405 3839 2454 etiam

2272 2494 2572 2559 exstinguet
2616 2492 2858 2545 crudeles
2887 2491 3149 2544 inimicos.
3181 2491 3373 2544 Sancta
3406 2493 3589 2559 itaque
3613 2491 3842 2545 Trinitas

2272 2582 2430 2635 vitam
2458 2591 2687 2634 vestram
2722 2596 2814 2649 per
2842 2591 3077 2647 tempora
3104 2584 3254 2650 longa
3279 2590 3433 2635 custo
3456 2584 3569 2645 iiat,
3594 2590 3650 2635 ut
3676 2582 3746 2634 de
3770 2584 3847 2633 bo-

2274 2687 2341 2724 no
2366 2682 2559 2725 vestrae
2584 2672 2821 2741 pietatis,
2867 2673 3006 2740 quod
3048 2672 3195 2726 tarde
3238 2673 3593 2739 suscepimus,
3651 2674 3844 2727 diutius

2273 2762 2614 2831 gaudeamus.
2644 2760 2821 2830 (Joan.
2855 2763 3024 2827 Diac.,
3055 2764 3142 2817 lib.
3169 2777 3240 2828 tv,
3266 2779 3313 2817 c.
3344 2764 3455 2832 21.)

2748 2873 3075 2928 EPISTULA
3118 2871 3361 2927 XXXIX.

2649 2980 2716 3017 AD
2756 2978 3019 3017 ιεοΝτιΑιι
3058 2976 3466 3016 IHPERATBICEI.

2283 3052 2586 3107 Gratulatur
2621 3055 2685 3106 de
2720 3055 2903 3121 adepto
2950 3055 3181 3121 imperio.
3224 3052 3465 3104 Divinam
3498 3052 3578 3105 illi
3614 3064 3847 3120 precatur

2444 3126 2679 3193 gratiam.
2714 3125 2996 3177 Romanam
3021 3122 3299 3175 Ecclesium
3328 3124 3675 3177 commendat.

2351 3212 2635 3282 Gregorius
2666 3213 2898 3268 Leontia:
2925 3213 3192 3280 Augustae.

2350 3305 2477 3371 Quae
2509 3306 2683 3373 lingua
2714 3305 2897 3372 loqui,
2941 3304 3058 3373 quis
3094 3304 3304 3357 animus
3343 3303 3580 3372 cogitare
3620 3304 3849 3358 sufficiat

2278 3409 2501 3466 quantas
2532 3395 2599 3449 de
2630 3396 2915 3449 serenitate
2943 3394 3103 3449 vestri
3134 3395 3339 3462 imperii
3367 3394 3720 3462 omnipotenti
3745 3396 3850 3447 Deo

2277 3488 2477 3555 gratias
2509 3486 2783 3546 debemus,
2815 3484 2953 3553 quod
2981 3494 3083 3537 tam
3115 3484 3244 3537 dura
3274 3484 3412 3553 longi
3439 3484 3700 3552 temporis
3722 3501 3849 3552 pon-

2279 3578 2403 3631 dera
2434 3576 2729 3631 cervicibus
2754 3576 2951 3629 nostris
2970 3583 3145 3628 amota
3168 3584 3307 3637 sunt,
3340 3582 3394 3627 et
3423 3574 3725 3641 imperialis
3747 3578 3849 3627 cui.

2280 3667 2443 3721 minis
2479 3674 2502 3700 α
2536 3667 2653 3719 lene
2676 3664 2857 3734 jugum
2899 3664 3057 3718 rediit
3098 3664 3239 3733 quod
3284 3664 3442 3716 libeat
3482 3671 3702 3732 portare
3734 3667 3851 3718 sub.

2275 3758 2470 3828 jectts?
2494 3757 2762 3811 Reddatur
2783 3771 2910 3825 ergo
2928 3754 3163 3809 Creatori
3186 3756 3421 3809 omnium
3446 3756 3511 3807 ab
3533 3756 3850 3825 hymnidicis

2280 3847 2591 3915 angelorum
2620 3845 2797 3899 choris
2822 3845 2989 3913 gloria
3020 3845 3071 3897 in
3100 3844 3255 3911 caelo,
3292 3844 3629 3913 persolvatur
3655 3846 3729 3897 ab
3758 3846 3847 3896 Ito-

2280 3940 2512 3993 minibus
2540 3939 2827 4007 gratiarum
2852 3939 2990 3991 actio
3021 3938 3072 3990 in
3104 3946 3243 3991 terra
3271 3980 3284 4003 ,
3313 3939 3436 4004 quia
3468 3937 3721 3991 universa
3755 3956 3847 3991 res-

2283 4031 2489 4098 publica
2516 4072 2531 4097 ,
2564 4046 2680 4097 qua:
2710 4030 2869 4082 multa
2904 4028 3148 4082 maeroris
3191 4028 3409 4096 pertulit
3448 4028 3669 4081 vulnera
3695 4069 3711 4091 ,
3747 4029 3844 4096 jztn

2284 4134 2426 4173 nunc
2475 4118 2858 4172 consolationis
2906 4128 3099 4171 vestra:
3142 4117 3339 4169 invenit
3386 4116 3643 4170 fomenta.
3707 4117 3845 4171 Unde

2284 4207 2439 4262 nobis
2487 4222 2706 4262 necesse
2754 4217 2835 4261 est
2878 4209 3253 4274 omnipotente
3295 4206 3389 4260 Dei
3433 4208 3844 4262 misericordiane

2288 4300 2492 4354 enixius
2521 4314 2777 4362 exorare,
2810 4306 2867 4352 ut
2910 4313 3002 4351 cor
3040 4306 3227 4352 vestra:
3256 4296 3465 4365 pietatis
3505 4312 3603 4350 sua
3647 4313 3847 4362 sempir

2287 4390 2506 4444 dextera
2540 4398 2753 4454 teneat,
2794 4389 3012 4457 ejusque
3038 4388 3386 4457 cogitationes
3414 4388 3651 4441 caelestis
3679 4390 3846 4455 gratia:

615 4497 772 4550 quant
808 4487 1036 4531 vestram
1065 4476 1423 4542 clementiam,
1448 4473 1825 4541 omnipotentis
1872 4475 1960 4529 Dei
2010 4481 2177 4546 gratia
2208 4476 2260 4535 D
2286 4496 2389 4550 0pc
2436 4481 2747 4549 dispenset,
2788 4488 3046 4547 quatenus
3088 4475 3439 4544 tranquillitas
3487 4488 3661 4529 veStra
3714 4488 3845 4529 tanto

679 4618 706 4656 δ
738 4619 794 4671 In
825 4615 1070 4667 omnibus
1101 4612 1226 4664 Mss.
1264 4609 1375 4664 hmo
1399 4609 1786 4682 desiderantur,
1822 4620 2170 4682 praeterquam

609 4690 659 4743 in
689 4688 947 4746 Colbert.,
978 4684 1061 4735 ubi
1092 4682 1156 4733 ad
1178 4682 1450 4746 epistolam
1479 4695 1593 4747 seq.
1621 4680 1865 4732 videntur
1889 4680 2173 4746 pertinere.

612 4760 799 4813 Utrum
844 4764 1019 4807 tamen
1060 4753 1353 4803 habeantur
1382 4751 1431 4800 in
1486 4748 1772 4808 Vaticanis,
1825 4766 2015 4813 necne,
2071 4770 2175 4807 non

614 4830 745 4883 satis
773 4823 1083 4889 intelligitur
1126 4835 1189 4871 ex
1223 4820 1486 4871 variarum
1532 4818 1815 4873 lectionum
1862 4820 2178 4878 collectione

612 4912 731 4969 qua:
756 4896 822 4949 ad
845 4890 1223 4969 ttus‘pe'rve‘n'it‘.

688 4969 866 5019 EPIST.
894 4955 1132 5016 XXXVII
1159 4958 1263 5029 [AL
1306 4955 1415 5028 44].
1460 4986 1531 4996 .-
1559 4965 1585 4994 ι
1622 4957 1820 5030 Aliud“
1858 4957 1923 5011 ad
1950 4958 2182 5030 episcopi

618 5051 829 5096 nomen,
857 5032 994 5102 quod
1028 5028 1211 5102 Graec
1239 5030 1568 5102 inspectorem
1598 5028 1877 5102 significat.

689 5108 713 5145 δ
744 5096 985 5169 Intelligit
1015 5100 1193 5169 sedem
1225 5096 1590 5169 apostolicam,
1611 5097 1969 5169 cuiprtcsidet
1992 5098 2185 5169 Roma-

615 5193 713 5232 nus
746 5166 973 5241 pontilex
1000 5168 1171 5223 sancti
1203 5166 1341 5220 I’etri
1370 5181 1667 5220 successor.
1701 5166 1830 5219 Vide
1859 5168 2042 5222 Matth.
2069 5185 2180 5225 xvr.

620 5248 877 5300 GUSSANV.

690 5326 711 5352 ε
742 5315 846 5366 Leo
871 5315 905 5377 I,
927 5311 1080 5377 epist.
1111 5308 1200 5370 9:2,
1254 5304 1335 5377 ad
1362 5306 1642 5359 Maximum
1693 5306 1964 5369 Antincb.,
2017 5321 2067 5359 c.
2096 5309 2129 5361 4
2162 5323 2178 5362 :

553 5414 561 5421 -
622 5386 878 5441 Universw
908 5381 1047 5448 pacis
1093 5376 1437 5444 tranquillitas
1481 5392 1580 5448 non
1610 5377 1756 5428 aliter
1781 5378 2021 5427 custodiri
2047 5387 2183 5441 pote-

616 5460 711 5518 rit,
742 5455 836 5504 nisi
857 5446 948 5504 sint
978 5448 1254 5500 canonibus
1300 5446 1575 5498 reverentia
1611 5448 1906 5499 intemerata
1940 5458 2181 5500 servetur.

620 5528 876 5583 Susswv.

687 5598 861 5649 Ertsr.
897 5586 1156 5641 XXXVIII
1189 5585 1293 5654 [ΑΙ.
1316 5584 1421 5653 45].
1454 5613 1525 5623 -—
1555 5596 1577 5621 θ
1617 5585 1903 5655 Epistulam
1939 5586 2075 5641 hanc
2099 5600 2184 5643 τε-

621 5665 720 5721 fert
749 5660 1065 5718 Amalarius,
1095 5656 1187 5711 lib.
1221 5671 1267 5709 tv
1296 5656 1359 5709 de
1381 5656 1585 5712 Eccles.
1617 5657 1745 5723 Οἴτη
1772 5670 1821 5709 c.
1853 5656 1942 5710 ‘25.

2346 4615 2375 4656 δ
2407 4616 2590 4671 Modus
2645 4615 2891 4682 loquendi
2944 4630 3184 4683 magnam
3234 4622 3340 4667 tum
3369 4612 3527 4665 animi
3574 4613 3844 4668 demissio-

2279 4702 2401 4742 nem
2446 4696 2553 4739 tum
2589 4688 2986 4739 venerationem
3040 4683 3651 4753 sigttiticans.uSattctus
3684 4685 3842 4735 Pauli-

2282 4773 2402 4820 ltus,
2426 4756 2581 4823 epist.
2605 4755 2708 4819 25,
2756 4756 2820 4807 ad
2858 4751 3131 4816 Severum,
3168 4769 3287 4820 pag.
3312 4751 3428 4823 ΔΜ’]
3462 4770 3473 4801 :
3529 4753 3669 4823 Dum
3712 4758 3845 4817 pales

2284 4820 2688 4889 lambo'divinos,
2725 4825 2915 4889 piarem
2944 4824 3098 4875 castis
3144 4823 3277 4874 labia
3305 4820 3573 4873 immunda
3618 4824 3843 4891 vestigiis.

2283 4895 2431 4949 Isaia:
2460 4911 2544 4954 ιχ,
2582 4896 2645 4947 14
2672 4911 2684 4944 :
2719 4894 3013 4945 Adorabunt
3039 4895 3245 4961 vestigia
3276 4893 3480 4959 pedum.

2364 4974 2387 5001 ο
2420 4963 2736 5025 Bonifacius,
2768 4964 2834 5016 de
2862 4977 2965 5026 quo
2996 4964 3049 5012 fit
3073 4958 3271 5014 mentio
3297 4962 3451 5026 epist.
3481 4958 3572 5022 49,
3608 4975 3745 5012 nunc
3766 4959 3843 5016 η,

2291 5034 2356 5088 ad
2403 5049 2559 5101 quem
2590 5033 2748 5086 etiam
2788 5031 2994 5097 scripsit
3040 5033 3192 5096 epist.
3241 5028 3274 5079 5
3321 5031 3412 5080 lib.
3466 5045 3561 5101 xtt,
3615 5046 3753 5082 nunc
3798 5032 3841 5084 I.

2293 5105 2381 5156 lib.
2422 5098 2544 5155 'xtv.
2597 5102 2642 5155 Is
2695 5101 2790 5154 fuit
2839 5109 3022 5166 postea
3073 5114 3311 5153 summus
3356 5098 3595 5166 pontifex
3632 5141 3646 5161 ,
3692 5102 3844 5152 dicuts

2290 5173 2611 5226 Bonifacius.
2643 5170 2901 5224 GUsSAM’.
3070 5188 3075 5191 ·

2360 5242 2385 5280 d
2417 5242 2569 5295 I’rtus
2599 5240 2865 5306 legebatur
2894 5247 3098 5306 prapter
3119 5237 3255 5304 quod
3284 5252 3422 5304 rogo.
3451 5235 3507 5287 In
3539 5238 3723 5289 multis
3747 5237 3842 5288 aliis

2289 5311 2425 5365 hanc
2471 5311 2746 5377 epistolam
2800 5310 2863 5361 ad
2901 5310 3025 5361 Mss.
3076 5309 3432 5359 sinceritatem
3464 5309 3842 5359 τεῖοςιγὶιιιυε.

2286 5396 2316 5434 a
2345 5396 2447 5447 qua
2475 5381 2527 5432 in
2549 5379 2768 5431 EXI‘IISIS
2797 5386 3108 5447 recesserat.

2360 5442 2538 5503 Eptsr.
2576 5447 2786 5501 XXXIX
2814 5448 2918 5517 [ΑΙ.
2949 5446 3058 5517 4761.
3088 5454 3212 5517 τιξ
3248 5445 3324 5498 Ita
3362 5442 3593 5517 Tur_on.,
3624 5445 3839 5517 ‘llhemr.

2285 5520 2545 5585 Golbert.,
2576 5519 2784 5580 Nortn.,
2816 5512 3065 5583 ‘Anglicg
3102 5514 3295 5575 Vatic.,
3338 5512 3481 5585 quod
3522 5514 3750 5568 multum
3780 5516 3838 5563 iii-

2287 5597 2500 5659 scrcpat
2527 5583 2556 5644 a
2586 5591 2789 5656 vulgata
2819 5586 2968 5652 Iect.,
3000 5586 3102 5638 leve
3118 5585 3300 5654 jugum
3321 5583 3497 5635 subiit.
