3956 6378
162 390 297 446 1289

831 384 1311 445 EI‘ISTOLARUM
1354 383 1481 440 LIB.
1523 384 1669 440 XIII.
1712 413 1782 428 —
1821 385 2066 444 INDIC’I‘.
2113 343 2197 445 νιξ
2237 417 2307 429 -
2338 389 2558 445 EPIST.
2603 391 2710 445 XL.

3279 393 3412 447 ωηο

159 501 360 555 rectius
401 495 574 549 valeat
613 494 712 547 sibi
745 497 1044 551 servientes
1077 509 1266 562 regere
1293 535 1307 561 ,
1336 502 1534 564 quanto
1565 495 1736 549 domi-
1765 512 1812 568 Α
1844 497 2040 552 tionem
2087 512 2206 567 qua:
2237 499 2514 564 animabus
2550 515 2761 569 semper
2803 503 3027 559 adversa
3073 516 3152 559 est
3180 549 3192 570 ,
3240 508 3413 562 cordis

159 589 331 645 natori
368 586 609 641 omnium
655 585 864 639 noverit
908 584 1083 639 verius
1130 585 1424 639 deservire.
1474 584 1528 637 ln
1559 599 1741 640 amore

157 683 436 740 catholica:
463 680 584 734 fidei
615 676 774 732 faciat
800 677 1114 732 defensores
1141 691 1296 741 suos,
1337 692 1472 745 quos
1513 677 1636 731 fecit
1675 692 1740 732 ex

155 776 387 844 benigno
412 785 579 840 opere
611 768 964 836 imperatores
1003 775 1237 820 nostros.
1265 765 1512 820 lnfuudat
1540 765 1592 818 in
1625 781 1742 818 ves-

156 865 253 921 tris
294 861 563 918 mentibus
607 859 778 913 zelum
827 857 984 911 simul
1031 866 1086 911 et
1133 856 1593 910 mansuetudinem
1620 896 1635 920 ,
1687 865 1738 910 ut

157 971 376 1026 semper
408 953 495 1023 pio
525 952 736 1006 fervore
765 950 987 1004 valeatis
1011 958 1066 1003 et
1092 947 1350 1018 quidquid
1381 948 1431 1001 in
1459 948 1566 1001 Deo
1589 962 1742 1002 exce-

155 1050 300 1103 ditur
330 1062 434 1102 non
467 1045 691 1099 inultum
722 1043 1027 1112 relinquere
1052 1083 1066 1107 ,
1098 1050 1152 1096 ct
1179 1040 1206 1078 δ
1240 1040 1283 1094 si
1315 1040 1440 1106 quid
1473 1040 1622 1094 vobis
1650 1041 1743 1095 de-

154 1138 418 1206 linquitur
466 1133 734 1203 parcendo
781 1132 1028 1186 tolerare.
1067 1139 1090 1168 ο
1134 1131 1231 1185 Det
1272 1131 1424 1184 nobis
1467 1130 1521 1184 in
1564 1141 1741 1186 vestra

157 1231 358 1301 pietate
383 1226 680 1282 Pulcherite
705 1226 956 1293 Augustae
975 1222 1335 1287 clementiam,
1363 1237 1482 1292 quae
1510 1236 1607 1291 pro
1627 1223 1742 1277 zelo

153 1319 442 1374 catholicae
469 1316 597 1370 fidei
629 1315 682 1367 in
713 1323 893 1369 sancta
927 1312 1132 1382 synodo
1161 1312 1358 1367 Helena
1389 1327 1524 1366 nova
1553 1322 1740 1366 vocata

152 1416 240 1463 est
259 1407 439 1475 (Ach!
464 1405 645 1475 synodi
667 1401 1134 1470 Chalcedonensis).
1149 1401 1304 1455 Omni
1314 1413 1502 1469 p0tens
1524 1402 1614 1457 Dei
1640 1402 1740 1456 lni-

151 1497 449 1553 sericordia
477 1494 704 1562 largiora
733 1493 886 1548 vobis
909 1507 1028 1546 cum
1057 1491 1294 1559 piissimo
1321 1491 1538 1545 domino
1574 1493 1762 1558 Spatia'

157 1588 375 1644 vivendi
424 1585 713 1650 concedat,
750 1594 805 1639 ut
841 1598 946 1653 quo
975 1591 1152 1638 vestra
1183 1582 1394 1651 longius
1425 1584 1527 1636 vita
1558 1591 1745 1637 exten-

161 1683 336 1749 ditur,
365 1679 729 1749 subjectorum
759 1678 998 1732 omnium
1025 1674 1321 1732 consolatio
1355 1675 1584 1731 validius
1615 1690 1746 1731 cos-

156 1774 426 1828 firmetur.

235 1866 446 1935 Ilogare
492 1861 716 1918 forsitan
763 1859 924 1915 debui
963 1868 1023 1914 ιιι
1064 1858 1354 1913 Ecclesiam
1409 1855 1551 1910 beati
1600 1855 1742 1911 Petri

159 1955 418 2024 apostoli,
447 1969 567 2022 quas
590 1965 732 2006 nunc
757 1965 922 2020 usque
944 1948 1193 2019 gravibus
1221 1946 1428 2001 insidiis
1459 1946 1741 2016 laboravit,

164 2047 392 2102 haberet
437 2057 616 2101 vestra
661 2043 1015 2112 tranquillitas
1055 2041 1356 2110 specialiter
1411 2041 1750 2095 commenda-

156 2148 296 2194 tam.
323 2136 428 2193 Sed
451 2135 538 2206 qui
561 2134 675 2189 scio
702 2135 822 2202 quia
853 2132 1279 2201 omnipotentem
1314 2131 1479 2186 Deum
1507 2131 1747 2200 diligitis,

169 2243 286 2284 non
312 2227 485 2283 debeo
510 2234 692 2296 petere
716 2224 857 2293 quod
887 2232 1077 2294 sponte
1108 2239 1170 2278 ex
1201 2224 1524 2295 benignitate
1559 2233 1751 2280 vestra:

159 2318 379 2388 pietatis
408 2316 692 2373 exhibetis.
727 2317 938 2382 Quanto
974 2315 1116 2369 enim
1155 2315 1273 2383 plus
1318 2316 1514 2369 timetis
1551 2315 1752 2370 Condi-

166 2420 344 2464 torem
366 2407 624 2474 omn'ium,
651 2415 799 2460 tanto
820 2405 1048 2475 amplitis
1069 2405 1186 2474 ejus
1209 2405 1432 2473 poteSIis
1459 2405 1751 2460 Ecclesiam

161 2515 350 2554 amare
369 2540 386 2566 ,
419 2499 502 2553 cui
528 2498 724 2552 dictum
751 2505 834 2551 est
859 2515 874 2549 :
907 2494 987 2550 Tu
1021 2513 1072 2550 es
1107 2494 1292 2550 Petrus
1317 2535 1332 2560 ,
1362 2506 1408 2550 et
1435 2512 1587 2564 super
1621 2496 1753 2548 hanc

164 2601 371 2662 petram
393 2588 658 2657 aediﬁcabo
682 2586 966 2640 Ecclesium
993 2601 1155 2639 meam
1179 2626 1195 2651 ,
1217 2595 1266 2640 et
1289 2597 1447 2655 porta:
1477 2585 1626 2654 inferi
1653 2601 1752 2638 non

166 2683 514 2753 prmalebunt
543 2681 784 2734 adversus
809 2695 941 2733 eam.
988 2678 1053 2731 Et
1088 2678 1173 2732 cui
1218 2677 1414 2731 dicitur
1442 2693 1456 2730 :
1484 2675 1598 2730 Tibi
1623 2677 1753 2730 dabo

166 2773 337 2826 claves
373 2771 517 2840 regni
557 2773 835 2834 calorum;
874 2775 920 2822 et
961 2767 1295 2837 quodcunque
1333 2766 1568 2837 ligaveris
1603 2782 1757 2830 super

167 2871 386 2925 terram,
414 2860 510 2914 erit
542 2860 756 2929 ligatum
780 2868 824 2912 et
855 2858 907 2911 iu
937 2858 1098 2922 ca’lo;
1125 2867 1172 2909 et
1205 2873 1520 2926 quacunque
1547 2855 1756 2910 solveris

172 2970 328 3024 super
350 2965 557 3018 terram,
580 2953 749 3006 soluta
772 2963 922 3005 erunt
943 2962 989 3004 et
1018 2953 1071 3005 in
1095 2952 1218 3006 caelo
1249 2951 1462 3021 (Matth.
1496 2968 1610 3018 xvr,
1645 2952 1753 3022 I8).

179 3044 330 3100 Unde
355 3044 507 3099 nobis
533 3043 743 3114 1246
763 3043 986 3099 dubium
1012 3058 1116 3096 non
1140 3051 1403 3112 estquam
1430 3043 1550 3097 forti
1575 3058 1759 3099 amore

178 3136 245 3190 ad
277 3150 398 3190 eum
428 3148 525 3188 vos
554 3134 837 3204 stringitis,
867 3147 962 3202 per
991 3148 1150 3203 quem
1191 3133 1334 3188 solvi
1355 3131 1381 3168 ά
1414 3133 1481 3186 ab
1512 3133 1758 3188 omnibus

1845 589 1979 658 pede
1999 591 2285 664 calcantes,
2313 592 2546 659 perversi
2573 593 2930 663 tlsuperbique
2950 597 3189 651 vocabuli
3214 595 3241 635 δ
3266 612 3421 653 scan—

1842 680 2021 734 dalum
2052 681 2302 736 Ecclesiae
2329 683 2539 738 auferre
2562 683 2631 738 de
2654 684 2829 738 medio
2857 685 3146 754 festinetis,
3186 702 3252 745 ne
3272 705 3302 745 a
3325 706 3420 759 pa-

1846 770 1924 823 cis
1954 780 2151 825 nostrae
2181 772 2444 827 societate
2464 772 2621 828 divisi
2643 773 2866 828 inveniri
2891 775 3123 843 possitis.
3156 778 3259 833 Sed
3283 793 3420 833 unus

1799 903 1807 908 .
1845 859 1896 913 in
1929 861 2080 916 nobis
2116 862 2362 932 spiritus,
2413 877 2514 918 una
2554 878 2734 928 mens,
2784 879 2884 918 una
2930 865 3190 931 Charitas,
3234 883 3336 922 una
3368 869 3420 922 in

1843 949 2081 1015 Christo,
2107 952 2194 1018 qui
2217 967 2310 1005 sua
2333 952 2570 1006 membra
2596 966 2716 1007 esse
2739 967 2835 1006 nos
2857 954 3045 1016 voluit,
3070 955 3140 1007 sit
3166 969 3422 1024 compago

1844 1041 2170 1095 concordiae.
2201 1041 2332 1095 Nam
2360 1057 2518 1111 quam
2542 1043 2756 1108 durum,
2779 1059 2935 1112 quam
2965 1043 3239 1109 indecens,
3262 1061 3421 1115 quam

1844 1129 2090 1194 crudele,
2131 1145 2396 1200 quamque
2435 1147 2464 1184 a
2515 1133 2787 1200 proposito
2820 1134 2890 1188 sit
2916 1135 3207 1189 sacerdotis
3237 1145 3420 1190 extra-

1844 1234 2005 1273 neum
2039 1220 2186 1274 illnm
2216 1235 2399 1290 pacem
2429 1238 2589 1291 quam
2613 1223 2733 1277 aliis
2762 1225 3016 1292 praedicat
3045 1242 3149 1280 non
3178 1227 3378 1282 habere
3403 1266 3423 1294 ,

1844 1311 2098 1364 sanctitas
2124 1323 2295 1364 vestra
2322 1315 2669 1380 consideret,
2702 1323 2755 1368 et
2787 1331 2909 1370 suos
2940 1317 3006 1371 de
3035 1318 3282 1386 superbia
3315 1318 3421 1372 fra-

1848 1412 1957 1457 tres
1983 1403 2345 1460 scaudalisare
2373 1406 2659 1460 abstineat.
2691 1407 2797 1462 Sed
2830 1408 2944 1463 haec
2975 1409 3144 1478 magis
3173 1412 3422 1477 studeat,

1847 1502 1904 1546 ut
1933 1507 2082 1546 vanae
2110 1508 2172 1550 ac
2199 1493 2486 1562 superﬂua:
2517 1496 2764 1552 elationis
2792 1508 3067 1553 auctorem
3111 1501 3423 1554 humilitatis

1845 1593 2004 1653 queat
2031 1599 2160 1639 ense
2191 1597 2554 1654 proszernere,
2588 1595 2849 1655 quatenus
2877 1589 2927 1641 in
2960 1589 3225 1656 eraIIIOdI
3257 1591 3424 1643 victo-

1845 1675 1925 1728 ria
1955 1690 2109 1728 suum
2143 1689 2235 1730 vos
2264 1676 2619 1729 habitacalum
2647 1679 2821 1731 sancti
2860 1678 3089 1746 Spiritus
3131 1680 3298 1748 gratia
3324 1680 3425 1734 sibi

1848 1764 2107 1830 vindicet,
2136 1775 2190 1820 et
2217 1777 2404 1834 aperte
2433 1768 2712 1835 impleatur
2734 1769 2784 1822 in
2819 1770 2969 1823 vobis
3000 1771 3142 1839 quod
3166 1771 3421 1838 scriptum

1775 1884 1822 1945 Β
1848 1865 1971 1912 est:
2003 1856 2275 1928 Templum
2321 1857 2417 1912 Dei
2447 1868 2675 1912 sanctum
2715 1870 2829 1926 est,
2871 1861 3003 1928 quod
3041 1863 3164 1915 estis
3209 1877 3293 1913 vos
3335 1860 3426 1928 (ll

1855 1946 1974 2002 Cor.
2004 1963 2087 2016 vn,
2119 1947 2228 2018 Π).

1924 2038 2277 2094 Pracsentium
2312 2055 2440 2095 vero
2476 2042 2786 2109 portitorem
2828 2042 3228 2096 dilectissimum
3276 2058 3429 2098 com-

1853 2144 2067 2185 munem
2103 2131 2270 2186 filium
2307 2132 2637 2187 Bonifacium
2669 2134 2952 2188 diaconum
2992 2134 3142 2189 vobis
3171 2135 3222 2189 in
3253 2137 3430 2189 numi-

1853 2221 1954 2277 bus
1991 2223 2428 2278 commendamus
2454 2267 2469 2292 ,
2513 2233 2569 2277 ut
2616 2239 2933 2293 quominque
2981 2239 3202 2280 necesse
3251 2226 3429 2290 fuerit,

1853 2315 2043 2369 solatia
2072 2325 2286 2384 vestrae,
2314 2315 2452 2370 sicut
2473 2315 2654 2378 decet,
2686 2317 2921 2370 inveniat
2946 2318 3261 2371 sanctitatis.

2375 2405 2704 2461 EPISTOLA
2746 2405 2880 2460 XLI.

2012 2512 2081 2549 AD
2120 2509 2382 2551 ευιοῦιιιιι
2420 2511 2826 2550 ΑιειΑιιῡιιιιιωι
2866 2513 3256 2552 PATRIARCIIAI.

1999 2583 2276 2657 Eulogium
2304 2585 2371 2638 ad
2399 2585 2667 2638 simoniam
2690 2584 3005 2639 evellendam
3034 2587 3286 2640 hortatur.

1927 2676 2220 2745 Gregorius
2250 2676 2472 2746 Eulogio
2500 2678 2756 2745 episcopo
2784 2676 3169 2732 Alexandrino.

1926 2767 2169 2836 Quadam
2208 2766 2296 2821 die
2333 2766 2458 2820 dum
2489 2766 2632 2822 inter
2660 2780 2745 2820 me
2773 2776 2825 2821 et
2853 2765 3143 2821 familiares
3178 2780 3328 2822 meos
3368 2767 3437 2824 de

1862 2857 2340 2914 consuetudinibus
2371 2854 2733 2911 Ecclesiarum
2761 2870 2940 2910 sermo
2965 2855 3151 2910 fuisset
3178 2867 3436 2924 exortus,

1859 2952 2070 3020 quidam
2097 2989 2114 3016 ,
2142 2950 2230 3018 qui
2274 2950 2325 3003 in
2356 2961 2551 3018 magna
2583 2949 2799 3002 civitate
2827 2949 3185 3006 Alexandrina
3215 2958 3238 2983 ιι
3269 2948 3438 3004 medi-

1861 3043 2048 3097 cinalis
2075 3053 2191 3097 arte
2219 3052 2337 3096 erat
2365 3041 2596 3096 imbutus
2624 3082 2639 3105 ,
2676 3039 2703 3078 δ
2730 3041 3074 3094 collectorem
3126 3040 3333 3112 1247
3379 3056 3437 3095 se

1861 3135 2000 3204 apud
2051 3134 2344 3204 sophistam
2393 3149 2551 3188 suum
2583 3133 2832 3188 habuisse
2873 3133 3138 3202 pethibuit
3163 3175 3177 3199 ,
3215 3149 3438 3188 summa:

181 3227 418 3297 peccatis
446 3227 652 3281 enixius
686 3225 1023 3281 desideratis.
1059 3225 1174 3295 Ipse
1203 3239 1330 3295 ergo
1361 3226 1431 3281 sit
1469 3227 1632 3281 vestri
1660 3241 1757 3282 cu-
1787 3253 1835 3317 ρ
1863 3225 2139 3295 pravitatis
2162 3236 2408 3294 puerum,
2433 3239 2590 3293 quem
2616 3230 2836 3293 repente
2859 3222 2991 3277 dixit
3014 3237 3133 3278 esse
3156 3223 3435 3278 diaconum

179 3329 296 3372 SIOS
323 3316 555 3387 imperii,
585 3320 654 3370 sit
691 3316 843 3371 vobis
874 3325 1143 3385 protector
1172 3317 1222 3370 in
1256 3325 1419 3382 terra,
1452 3317 1521 3372 sit
1547 3333 1642 3387 pro
1671 3332 1763 3373 vo-

182 3408 268 3462 bis
296 3408 624 3463 intercessor
653 3409 704 3460 iu
736 3407 873 3461 cmlo
897 3447 914 3476 ,
948 3416 1005 3460 ut
1030 3422 1126 3476 per
1158 3407 1259 3462 hoc
1284 3408 1422 3476 quod
1445 3449 1462 3474 ,
1514 3410 1763 3466 relevatis

181 3499 333 3554 duris
365 3499 690 3568 ponderibus
716 3539 732 3564 ,
775 3501 828 3554 in
874 3510 1051 3554 vestro
1091 3499 1314 3569 imperio
1342 3501 1609 3569 subjectos
1638 3518 1766 3570 gau-

184 3592 320 3646 dere
348 3589 547 3656 facitis,
581 3599 701 3660 post
729 3591 891 3646 multa
919 3606 1178 3646 annorum
1212 3602 1449 3661 tempora
1478 3593 1529 3647 in
1561 3594 1764 3650 caelesti

184 3696 359 3752 regno
386 3681 665 3752 gaudeatis
695 3680 876 3752 (Joan.
902 3682 1075 3749 Diac.,
1103 3683 1192 3736 lib.
1216 3698 1288 3748 tv,
1317 3699 1364 3737 c.
1393 3681 1509 3753 ΞΕ).

734 3791 1062 3848 EPISTOLA
1102 3792 1213 3845 XL.

226 3901 294 3940 AD
331 3899 595 3940 (ιῐιιιλαειι
633 3899 1004 3940 PATRIARCBAN
1044 3899 1728 3944 CONSTANTINOPOLITANUI.

185 3974 442 4030 Hortatur
483 3985 537 4028 ut
579 3976 718 4046 pacis
755 3977 922 4028 studio
965 3977 1248 4046 a_superbo
1288 3975 1594 4031 Unii'crsalis
1623 3979 1770 4033 titulo

324 4043 594 4099 abstineat.
627 4046 956 4099 Commendat
987 4043 1312 4114 Bon'ifacium
1343 4048 1633 4102 diaconum.

264 4137 557 4208 Gregorius
576 4138 803 4208 Cyriaco
825 4137 1140 4206 patriarchae
1161 4136 1766 4210 Constantinopolitano.

266 4229 476 4294 Quanta
504 4227 573 4282 sit
603 4228 748 4297 pacis
772 4228 960 4291 virtus,
991 4226 1305 4281 charissime
1333 4226 1516 4294 frater,
1549 4244 1613 4283 ex
1643 4244 1773 4284 voce

184 4313 459 4372 dominica
487 4316 794 4386 diligentius
816 4316 1104 4382 intuentes,
1127 4331 1244 4386 quae
1265 4317 1337 4371 ait
1364 4334 1376 4369 :
1402 4315 1589 4370 Pacem
1610 4336 1660 4372 m
1677 4336 1772 4372 'am

182 4410 260 4462 do
289 4409 429 4464 vobis
459 4408 641 4478 (Joan.
674 4425 784 4475 xiv,
817 4409 909 4479 27)
931 4449 948 4474 ,
975 4409 1046 4462 ita
1075 4409 1127 4462 in
1157 4409 1273 4477 ejus
1301 4423 1398 4463 nos
1427 4409 1580 4464 decet
1604 4411 1772 4466 dilec-

185 4498 339 4551 tione
371 4498 692 4567 persistere,
741 4507 797 4550 ut
841 4497 1015 4551 locum
1050 4495 1289 4566 praebere
1319 4497 1601 4554 discordiae
1631 4500 1774 4555 nullo

182 4587 356 4641 modo
385 4587 689 4642 debeamus.
739 4587 1011 4656 Sed.quia
1062 4587 1113 4640 in
1153 4586 1334 4641 radice
1383 4587 1547 4655 ipsius
1589 4586 1772 4643 vivere

183 4677 351 4732 aliter
379 4692 483 4732 non
515 4678 753 4734 valemus
771 4720 784 4742 ,
815 4679 916 4733 nisi
947 4689 1124 4733 mente
1150 4685 1206 4732 et
1230 4685 1352 4731 actu
1377 4677 1725 4731 humilitatem
1753 4719 1768 4743 ,

180 4783 351 4838 quam
391 4768 507 4836 ipse
534 4778 722 4824 auctor
753 4769 897 4838 pacis
923 4768 1142 4832 docuit,
1186 4777 1457 4821 teneamus
1481 4805 1496 4831 ,
1542 4781 1663 4820 cum
1709 4782 1770 4822 ea

179 4861 460 4915 cbaritate
489 4876 592 4930 qua
615 4860 829 4930 dignum
858 4870 939 4914 est
968 4861 1253 4915 suademus
1280 4866 1337 4910 ut
1357 4857 1630 4926 profanam
1659 4858 1770 4913 cla-

259 4970 542 5042 EEscusi,
571 4971 616 5024 si
642 4972 766 5042 quid
795 4974 846 5024 in
872 4971 1006 5024 vobis
1029 4972 1361 5040 delinquitur.
1403 4971 1502 5026 llic
1530 4972 1668 5026 vobis
1696 4974 1768 5027 si-

175 5040 406 5110 gnificat
439 5051 616 5112 contra
654 5040 766 5095 eos.
811 5043 881 5094 Ita
912 5043 1043 5109 psal.
1076 5058 1138 5107 ι,
1180 5042 1268 5095 tibi
1299 5042 1396 5095 soli
1431 5043 1632 5112 peccavi
1670 5059 1766 5112 pro

176 5123 368 5164 contra
397 5121 443 5164 te
470 5111 657 5164 solum.

262 5191 286 5218 ε
323 5179 421 5235 llic
442 5180 567 5235 Mss.
590 5179 865 5234 dissident.
895 5179 949 5232 lu
974 5178 1140 5234 Vatic.
1169 5181 1210 5233 D
1231 5189 1284 5234 et
1306 5180 1500 5236 Illtem.
1529 5198 1540 5235 :
1572 5182 1765 5236 Redeat

172 5255 235 5307 in
261 5260 426 5303 vestra
455 5251 638 5321 pietate
669 5249 953 5321 Pulcheria:
979 5251 1530 5321 Augustte_clemeutia.
1566 5253 1618 5306 In
1644 5256 1686 5305 A
1711 5264 1764 5306 et

177 5323 224 5378 Ε·
252 5339 266 5372 :
303 5321 491 5394 Sedeat
512 5319 668 5394 μιρἱ
702 5320 952 5394 iu_vestra
995 5319 1180 5394 pietate
1207 5319 1496 5394 Pulcheriaz
1519 5324 1763 5394 Augusta:

171 5393 471 5446 clementia.
503 5391 651 5444 Colb.
675 5399 728 5442 et
749 5389 974 5452 Turon.,
1003 5391 1092 5460 sed
1114 5391 1202 5442 dat
1222 5391 1387 5460 nobis,
1415 5389 1639 5446 fortasse
1665 5409 1760 5460 pro

172 5479 236 5516 se
269 5463 356 5512 dat
381 5460 944 5533 nobis....._cleiuentia,
970 5469 1024 5533 ut
1046 5458 1240 5533 legitur
1268 5459 1321 5533 in
1346 5460 1627 5533 Audoeno,
1658 5458 1761 5533 Ly-

175 5547 303 5585 ran.
329 5538 383 5584 et
411 5528 613 5584 Gemet.
648 5529 702 5582 In
733 5528 1006 5592 Beccensi,
1035 5531 1218 5583 reddat
1240 5530 1401 5583 nobis.

254 5599 282 5636 ά
313 5601 410 5654 Hic
433 5599 703 5668 sequimur
729 5597 954 5665 Turou.,
986 5601 1194 5664 Norm.,
1222 5595 1404 5662 Cnlb.,
1432 5600 1565 5655 duos
1591 5601 1756 5658 Vatic.

171 5671 237 5725 In
277 5671 500 5724 Excuses
529 5677 583 5722 et
612 5670 662 5721 in
693 5670 964 5739 nonnullis
995 5669 1144 5736 Ilss.,
1175 5670 1239 5721 ab
1267 5670 1497 5721 omnibus
1527 5682 1760 5739 peccato-

169 5757 304 5794 rum
332 5741 540 5791 nexibus
565 5738 881 5790 desideratis.

252 5811 441 5866 Ειηετ.
473 5807 562 5866 XL
593 5807 701 5876 [ΑΙ.
727 5805 836 5874 4η.
857 5835 926 5846 -
948 5815 971 5841 ει
1000 5807 1119 5862 .lam
1146 5822 1238 5864 sex
1270 5805 1394 5863 anni
1422 5815 1572 5863 erant
1593 5821 1622 5862 a
1645 5811 1760 5879 qui-

465 5900 738 5960 PsTnOL.
770 5897 1084 5959 LXXVII.

1865 3314 2192 3370 ordinatum.
2224 3315 2400 3383 Atque
2428 3311 2633 3367 addidit
2658 3314 2796 3382 quod
2824 3328 2918 3382 per
2945 3312 3158 3381 praemia
3189 3322 3242 3367 et
3271 3313 3442 3367 datio-

1867 3420 1964 3459 nes
1997 3404 2273 3458 ordinatus
2318 3402 2504 3457 fuisset
2532 3445 2548 3470 ,
2577 3405 2696 3471 quia
2728 3404 2972 3458 eamdem
3002 3403 3440 3458 consuetudinem

1872 3496 1926 3550 in
1967 3504 2148 3548 sancta
2197 3493 2560 3548 Alexandrina
2591 3493 2828 3549 Ecclesia
2864 3494 3198 3550 convaluisse
3239 3495 3443 3549 fateba-

1869 3595 1974 3642 tur.
2015 3586 2164 3654 Quod
2194 3600 2294 3657 cgo
2333 3585 2560 3640 audiens
2588 3585 2878 3654 obstupui,
2922 3595 2976 3640 et
3022 3586 3176 3641 valde
3221 3587 3446 3641 miratus

1867 3692 1986 3732 sum
2015 3720 2030 3744 ,
2067 3679 2192 3748 quia
2226 3678 2548 3734 sanctissimi
2578 3692 2640 3731 ac
2679 3677 2972 3734 beatissimi
3002 3679 3100 3733 viri
3131 3679 3309 3732 domui
3344 3680 3447 3732 [iu-

1872 3769 1999 3839 logii
2026 3770 2225 3839 lingua,
2249 3784 2370 3840 quae
2399 3778 2507 3823 tam
2539 3770 2735 3823 multos
2766 3770 3043 3825 haereticos
3073 3771 3138 3823 ad
3171 3771 3326 3825 fidem
3359 3785 3448 3824 ca-

1873 3860 2122 3916 tholicam
2167 3869 2422 3928 revocat,
2470 3861 2815 3915 simoniacam
2867 3862 3118 3917 haeresim
3158 3863 3226 3917 de
3261 3872 3447 3916 sancta

1871 3950 2228 4006 Alexandrina
2253 3949 2489 4005 Ecclesia
2523 3964 2629 4004 non
2655 3951 2836 4005 erasit.
2890 3950 2956 4004 Et
3002 3951 3124 4020 quis
3166 3953 3265 4004 erit
3295 3953 3448 4019 cujus

1871 4043 2174 4097 exhortatio
2222 4043 2303 4096 vel
2352 4044 2620 4097 correctio
2671 4041 2773 4097 hoc
2804 4042 3003 4112 poterit
3043 4044 3334 4097 emendare
3358 4084 3372 4108 ,
3403 4044 3446 4096 si

1873 4147 2058 4202 magna
2089 4142 2143 4187 et
2171 4132 2500 4186 admirabilis
2528 4132 2770 4188 doctrina
2811 4133 2928 4202 ejus
2969 4132 3072 4188 hoc
3111 4135 3227 4189 sine
3265 4148 3450 4188 emcn-

1873 4223 2089 4277 datione
2120 4224 2437 4292 reliquerit?
2469 4221 2617 4278 Unde
2651 4238 2746 4292 pro
2778 4224 3115 4279 absolutionc
3143 4225 3334 4278 anima:
3361 4240 3452 4279 ve-

1874 4322 1998 4367 strae
2025 4353 2040 4377 ,
2075 4329 2170 4383 pro
2203 4323 2487 4383 augmento
2517 4314 2784 4370 mercedis
2808 4323 3000 4369 vestrae
3022 4354 3037 4379 ,
3090 4323 3148 4368 ut
3184 4324 3308 4369 ante
3346 4322 3452 4368 tre-

1875 4404 2054 4457 ntcndi
2081 4404 2265 4458 oculos
2295 4404 2500 4459 Iudicis
2525 4416 2702 4458 vestra
2733 4406 2785 4458 in
2812 4404 3060 4458 omnibus
3089 4403 3319 4473 perfecta
3344 4407 3452 4459 sint

1877 4509 2035 4562 opera
2065 4537 2080 4562 ,
2115 4494 2370 4550 festinare
2398 4495 2603 4550 debetis
2637 4487 2984 4550 simoniacam
3015 4496 3262 4550 haeresim
3288 4540 3303 4559 ,
3334 4513 3454 4566 qua:

1804 4621 1856 4679 Β
1881 4585 2048 4653 prima
2090 4584 2152 4671 in
2201 4584 2436 4639 Ecclesia
2481 4594 2667 4639 exorta
2715 4596 2837 4652 est,
2879 4600 2909 4640 a
2952 4586 3283 4640 sanctissima
3325 4589 3453 4642 sede

1879 4666 2129 4742 vestra,c
2156 4692 2274 4746 quae
2299 4684 2480 4731 nostra
2507 4685 2609 4740 est,
2639 4677 2875 4732 funditus
2897 4679 3124 4734 evellere
3153 4688 3310 4746 atque
3334 4695 3452 4733 era-

1879 4769 2079 4824 dicare.
2120 4768 2342 4837 Propter
2373 4769 2475 4824 hoc
2503 4769 2701 4824 etenim
2731 4769 2956 4840 contigit
2984 4779 3039 4824 ut
3061 4769 3448 4825 ecclesiastico-

1879 4875 1998 4915 rum
2043 4860 2291 4916 ordinum
2340 4877 2370 4916 a
2419 4861 2659 4932 plurimis
2711 4863 2968 4919 sanctitas
3018 4864 3272 4929 caderet,
3329 4865 3450 4934 quia

1879 4979 1976 5052 bus
2022 4977 2277 5052 Cyriacus
2315 4978 2956 5052 coti~tantinopolitauam
3002 4982 3220 5052 regebat
3263 4983 3451 5040 Eccle-

1873 5050 2053 5114 siam,
2118 5049 2540 5120 universalisque
2588 5051 2825 5120 episcopi
2873 5049 3229 5120 vocabulum,
3281 5054 3450 5110 invito

1870 5130 2057 5173 sancto
2107 5119 2400 5189 Gregorio,
2456 5119 2786 5188 usurpabat,
2840 5119 3220 5178 communione
3272 5132 3450 5185 tamen

1869 5199 2102 5243 servata.

1870 5325 1917 5379 Ε
1943 5257 2234 5381 υιιιιθιιοιι).
2265 5267 2320 5314 et
2349 5260 2557 5328 Norm.,
2601 5261 2905 5315 scandalum
2942 5266 3148 5333 auferre
3185 5264 3250 5317 de
3285 5267 3452 5320 medio

1921 5344 1975 5380 cc
1996 5345 2132 5381 estw.

1921 5344 2132 5384 εσιεειω.

1940 5400 2114 5477 EPnts'r.
2145 5398 2260 5453 XLI
2289 5399 2394 5477 [Δις
2426 5400 2546 5477 b8].
2575 5431 2644 5441 —
2666 5411 2689 5435 υ
2720 5401 2926 5466 Norm.,
2970 5403 3278 5458 medicinam
3316 5405 3449 5477 lege-

1868 5478 1971 5525 rat.
2002 5471 2219 5534 Rhem.,
2252 5471 2573 5524 medicinalis
2599 5483 2726 5525 erat.

1936 5537 1963 5575 δ
1993 5540 2160 5611 Yatic.
2188 5541 2248 5605 Β,
2280 5544 2634 5611 coniectorem.

1942 5623 1964 5648 υ
1998 5609 2075 5664 De
2094 5611 2261 5682 trium
2290 5609 2459 5682 sancti
2489 5610 2628 5682 Petri
2660 5610 2889 5677 sedium,
2921 5613 3126 5668 scilicet
3155 5613 3445 5682 Romanae,

1867 5679 2248 5755 Alexandrinae
2298 5689 2367 5755 et
2401 5680 2757 5755 Antiocheam
2804 5685 3012 5738 unitate
3079 5679 3450 5755 videdsupra',

1867 5748 1959 5805 lib.
1981 5763 2075 5818 vn,
2100 5751 2258 5821 epist.
2284 5748 2372 5805 40.
2400 5750 2539 5821 Lege
2565 5751 2930 5818 llinct‘narnm,
2954 5768 3139 5824 opusc.
3166 5753 3256 5821 55,
3279 5748 3332 5807 οἱ
3360 5748 3449 5828 ισ;

2980 5902 3054 5962 ιι
