3990 6384
527 379 667 432 ’ἱζῦι

1737 364 1972 421 ΞΛΝΟΙΙ
2015 360 2336 416 Οῐὶιίϐυῐῖῑι
2380 358 2591 414 ΜΑΟΝΙ

3671 354 3813 408 19.92

542 502 782 558 'Rrsoﬂm
812 499 914 538 non
943 497 1036 552 pro
1070 482 1169 533 \ira
1206 490 1254 533 ct
1284 493 1342 528 ac
1373 479 1509 540 ibus,
1544 491 1578 527 ς,-
1603 476 1632 527 tl
1661 491 1754 542 pro
1785 479 2017 543 pra-ntiis
2046 477 2107 528 τιιὶ
2143 475 2182 531 Λ
2216 470 2559 539 temporalem
2587 510 2600 530 ,
2653 467 2743 519 sed
2795 481 3046 520 aeternam
3093 467 3512 521 consola‘ionem
3565 467 3810 533 requiro,

539 597 632 636 eos
672 577 886 632 ordines
925 573 1280 626 adducuntur.
1322 571 1374 623 Si
1420 577 1594 621 autem
1631 585 1835 621 murum
1881 574 2116 632 merita,

545 683 595 726 ct
628 686 732 724 non
767 665 983 736 praemia
1012 671 1340 732 quzeruntur,
1366 660 1430 713 ad
1455 658 1844 712 ordinationem
1880 675 2119 727 personat

540 764 771 831 indigna:
816 775 922 814 non
970 758 1200 811 venient.
1246 755 1310 809 Et
1360 762 1505 807 tanto
1547 753 1665 821 plus
1706 752 1922 820 incipiet
1971 753 2120 806 vobis

542 864 747 908 merces
780 862 1117 912 accrescere,
1153 856 1350 914 quanto
1375 845 1496 897 boni
1531 844 1727 912 quique
1749 887 1763 908 ,
1790 845 1876 912 qui
1904 844 2118 897 adducti

546 943 611 996 ad
645 954 823 995 sacros
850 937 1066 990 ordines
1097 935 1296 989 fuerint
1319 975 1334 1000 ,
1379 934 1446 988 de
1485 934 1782 987 animarum
1818 934 1977 987 lucris
2011 944 2122 987 stu-

541 1032 754 1087 duerint
783 1029 1039 1098 cogitare.

919 1135 937 1188 )
1065 1114 1396 1169 EPISTOLA
1441 1113 1596 1165 xm.

707 1226 773 1262 ΑΙ)
813 1220 1076 1261 Ευιοςιωι
1120 1216 1490 1254 FATR'AECIIAM
1533 1215 1960 1252 Αιεκικυιιικιῖιι.

540 1301 620 1356 De
648 1317 749 1353 non
791 1299 974 1349 amisso
1004 1293 1267 1345 oculorum
1298 1294 1440 1353 visu,
1484 1307 1542 1343 ac
1574 1293 1635 1343 de
1681 1301 1828 1342 auc!o
1868 1291 2124 1342 dominico

615 1386 762 1439 grege
798 1365 1104 1435 gratulatur.
1143 1361 1316 1413 Monet
1354 1371 1625 1439 susceptas
1671 1361 1817 1439 illius
1859 1361 2122 1439 eulogios,

605 1431 818 1492 ’ἶπετῆοῆ
844 1443 1026 1500 parata
1065 1449 1172 1485 esse
1201 1431 1476 1500 grandiora
1515 1431 1681 1499 ligna,
1711 1432 1892 1497 quibus
1924 1431 1966 1481 si
1991 1440 2121 1498 eget,

614 1511 799 1564 scribat
823 1503 1110 1572 Bonifacio.

611 1596 900 1665 Gregorius
936 1593 1155 1660 Eulogio
1185 1590 1506 1657 patriarcha:
1533 1589 1917 1644 Alexandrino.

614 1689 832 1756 Magnas
860 1682 1212 1750 omnipotenti
1244 1681 1353 1734 Deo
1393 1680 1592 1748 gratias
1639 1678 1916 1734 reddimus
1941 1719 1954 1741 ,
2003 1678 2124 1747 quia

547 1781 599 1832 in
630 1793 725 1832 ore
757 1775 934 1829 cordis
964 1773 1334 1839 experimento
1365 1770 1535 1822 dulcis
1559 1771 1614 1822 lit
1641 1784 1800 1836 sapor
1824 1769 2121 1835 charitatis,

549 1884 670 1922 cum
704 1867 956 1935 impletur
987 1865 1126 1933 quod
1157 1868 1411 1932 scriptum
1443 1877 1524 1917 cst
1555 1881 1566 1915 :
1599 1863 1744 1918 Sicut
1773 1880 1907 1933 aqua
1936 1864 2126 1932 frigida

548 1960 773 2019 sitienti,
810 1959 880 2011 sic
909 1957 1118 2009 nuntius
1153 1956 1310 2008 bonus
1352 1957 1413 2008 de
1458 1966 1594 2008 terra
1635 1955 1911 2024 longinqua
1939 1955 2125 2023 (I’rov.

555 2067 677 2120 ην,
711 2049 826 2118 25).
868 2051 1006 2103 Anze
1035 2048 1134 2102 hoc
1158 2047 1300 2100 cnim
1337 2047 1588 2114 temporis
1622 2047 1876 2100 Bonifacii
1905 2047 2128 2100 chartu-

550 2145 662 2196 larii
684 2185 700 2207 ,
731 2139 1052 2209 responsalis
1081 2140 1220 2203 mei,
1255 2139 1342 2207 qui
1377 2138 1428 2191 in
1461 2139 1594 2192 urbe
1627 2137 1770 2207 regia
1799 2139 2126 2200 demoratur,

550 2233 900 2285 vehementer
941 2244 1024 2282 me
1067 2229 1265 2294 scripta
1315 2229 1655 2282 turbaverant
1682 2269 1695 2292 ,
1725 2243 1843 2295 qua:
1879 2227 2131 2281 dicebant

555 2321 915 2374 dulcissimam
973 2318 1100 2372 mihi
1153 2328 1311 2386 atque
1365 2318 1730 2371 suavissimam
1787 2319 2126 2371 sanctitatem

557 2421 790 2465 vestram
841 2409 1107 2461 defectum
1159 2409 1401 2476 corporei
1442 2408 1657 2460 luminis
1698 2410 2004 2476 pertulisse.
2054 2408 2128 2462 Ex

556 2501 750 2568 quibus
800 2500 1009 2565 scriptis
1047 2499 1190 2566 gravi
1237 2513 1467 2551 maerore.
1519 2512 1804 2566 percussus
1850 2515 1992 2553 sum.
2027 2500 2129 2554 Sed

557 2586 1038 2652 subito,Creatoris
1061 2601 1122 2638 ac
1141 2585 1511 2655 Redemptoris
1539 2590 1704 2640 nostri
1727 2589 1892 2655 gratia
1918 2603 2134 2657 prospe-

561 2687 716 2730 rante
740 2717 753 2739 ,
789 2676 1130 2730 beatitudinis
1159 2689 1345 2730 vestra:
1373 2678 1580 2745 suscepi
1623 2678 1904 2747 epistolam
1930 2721 1944 2745 ,
1990 2689 2011 2714 ο
2039 2690 2089 2733 et
2113 2719 2129 2746 ,

559 2780 741 2819 sanam
769 2764 834 2818 de
865 2779 928 2819 ea
959 2778 1116 2833 q-ram
1161 2766 1340 2818 audhi
1390 2767 1630 2834 corporis
1681 2767 1922 2821 molestia
1965 2783 2131 2835 agnu-

557 2872 714 2909 scens
735 2893 750 2918 ,
781 2855 1038 2909 exsultavi
1069 2855 1436 2921 vehementer,
1469 2858 1588 2924 quia
1623 2866 1766 2910 tanta
1796 2857 1976 2912 laetitia
2009 2872 2132 2913 cor-

559 2946 642 2999 dis
673 2957 852 2998 secuta
885 2955 996 3010 est,
1019 2955 1214 3013 quanta
1249 2947 1393 3011 prius
1424 2945 1648 3000 tristitia:
1675 2947 1971 3000 amaritudo
2000 2965 2135 3016 pra:-

559 3048 816 3091 ccsserat.
870 3037 1077 3092 Scimus
1127 3040 1268 3093 enim
1318 3043 1445 3107 quia
1496 3041 1548 3093 in
1601 3041 1984 3110 omnipotentis
2040 3044 2132 3099 Dei

551 3127 820 3196 adiutorio
848 3129 1135 3182 multorum
1169 3129 1312 3182 salus
1351 3140 1432 3183 est
1467 3130 1569 3183 \ita
1598 3139 1790 3185 vestra.
1831 3132 1960 3185 Nam
2009 3145 2134 3188 tunc

549 3220 689 3274 inter
720 3220 912 3274 ﬂuetus
940 3232 1112 3274 nauth
1142 3225 1314 3275 securi
1359 3222 1644 3293 navigant,
1694 3225 1904 3293 quando
1938 3227 2132 3293 guber-

547 3318 704 3362 nator
732 3309 922 3364 doctus
953 3320 1112 3378 atque
1138 3310 1330 3364 artifex
1363 3310 1427 3364 ad
1459 3311 1592 3364 clavi
1621 3314 1854 3383 regimen
1886 3315 2056 3368 sedet.

621 3401 676 3455 In
702 3402 891 3456 salutis
920 3411 1098 3457 autem
1135 3413 1327 3456 vestra:
1361 3405 1552 3472 gaudio
1584 3403 1609 3439 ι)
1637 3406 1747 3459 lure
1774 3423 1980 3474 quoque
2005 3407 2132 3461 mihi

552 3503 636 3547 est
663 3494 890 3546 exsultat
918 3510 950 3546 ο
978 3493 1154 3546 addita
1183 3534 1198 3560 ,
1232 3495 1350 3562 quia
1393 3505 1445 3547 et
1491 3495 1798 3550 imminutos
1828 3512 1920 3549 ore
1959 3509 2132 3550 \cstro

555 3581 811 3636 Ecclesia:
855 3586 1033 3637 hostes
1061 3623 1076 3647 ,
1121 3592 1174 3636 et
1213 3584 1591 3652 multiplicatos
1622 3586 1916 3639 dominiCos
1945 3601 2132 3656 greges

559 3673 776 3744 1248
803 3675 1012 3742 agnovi.
1057 3676 1318 3728 Crescunt
1366 3676 1507 3728 euittt
1555 3677 1791 3744 quotidie
1819 3691 1914 3745 μιν
1942 3678 2133 3742 lingua:

549 3775 743 3817 vestrae
771 3759 1040 3817 vomerem
1072 3779 1234 3832 grana
1269 3764 1502 3817 caelestia
1532 3805 1546 3826 ,
1589 3775 1747 3832 atque
1787 3765 1837 3818 in
1887 3768 2132 3832 supernis

549 3853 760 3907 horreis
793 3854 1249 3920 multiplicantur;
1275 3854 1344 3904 ita
1374 3865 1425 3904 ut
1458 3856 1506 3906 itt
1541 3855 1690 3907 vobis
1717 3856 1990 3922 impletum
2015 3872 2133 3911 esse

557 3943 883 4010 gaudeamus
913 3942 1052 4010 quod
1084 3943 1338 4008 scriptum
1372 3956 1447 3994 est
1485 3961 1496 3995 :
1535 3943 1631 3997 Ubi
1665 3946 1904 4012 plurima:
1924 3960 2128 4016 segetes,

557 4031 627 4084 ibi
672 4031 940 4098 manifesta
989 4032 1239 4098 fortitudo
1282 4032 1429 4094 boum
1475 4032 1654 4102 (Prov.
1691 4051 1811 4101 xw,
1849 4037 1932 4105 4).
1985 4039 2133 4094 Unde

553 4128 738 4189 aperte
766 4121 1086 4188 collig'mus,
1120 4124 1244 4192 quia
1269 4136 1467 4193 quanto
1497 4127 1615 4196 plus
1641 4129 1707 4183 ad
1737 4131 2012 4185 servitium
2038 4132 2132 4187 Dei

552 4211 937 4279 omnipotentis
959 4212 1211 4281 fugitivos
1235 4215 1351 4283 ejus
1374 4217 1649 4285 redm-itis,
1683 4229 1828 4275 tanto
1849 4223 1986 4288 apud
2009 4240 2127 4277 eum

551 4302 723 4372 majus
749 4305 997 4358 meritum
1038 4305 1264 4361 habetis.
1315 4309 1378 4361 Et
1419 4318 1618 4378 quanto
1668 4314 1913 4367 meritum
1961 4315 2130 4382 majus

551 4394 794 4463 accipitis
818 4436 834 4460 ,
867 4405 1016 4450 tanto
1047 4399 1270 4465 potestis
1299 4414 1400 4465 ani;
1425 4401 1526 4454 lius
1559 4403 1848 4469 impetrare
1885 4421 2000 4472 qua:
2043 4421 2128 4472 pe-

555 4481 686 4538 titis.
719 4483 865 4553 Rogo
893 4501 1020 4555 ergo
1052 4496 1107 4540 ut
1139 4502 1232 4556 pro
1263 4504 1346 4542 me
1379 4499 1656 4557 peccatore
1686 4493 1894 4546 enixius
1922 4493 2085 4548 metis
2108 4537 2122 4559 ,

2224 579 2378 631 quam
2414 578 2504 629 per
2536 577 2618 614 me
2652 561 2933 626 impetrare
2964 576 3065 611 non
3092 560 3260 620 valeo,
3291 560 3381 611 sed
3415 555 3814 609 intercessimie

2223 663 2414 708 vestra:
2447 652 2787 706 beatitudinis
2820 652 2954 704 hanc
2981 666 3065 703 me
3095 651 3335 702 obtinere
3362 650 3600 702 eontido.

2295 743 2540 797 Secundo
2567 757 2696 794 vero
2728 758 2865 793 anno
2897 743 3037 793 nulla
3067 741 3364 793 sanctitatis
3389 749 3583 794 vestrm
3611 740 3810 807 scripta

2225 833 2432 900 suscepi
2457 874 2468 893 .
2501 844 2659 898 a'qne
2686 831 2826 883 rmni
2870 846 2901 883 ο
2932 832 3283 883 contristatus
3311 846 3449 883 sum.
3494 831 3560 881 Et
3591 832 3809 898 quidem

2226 939 2401 977 vesra
2431 923 2733 976 bent-dictio
2759 962 2774 986 ,
2805 938 2957 984 quam
2991 922 3105 973 sine
3136 920 3359 988 epi~tola
3391 920 3767 972 transmisistis
3792 961 3804 980 .

2225 1013 2344 1065 data
2393 1023 2551 1079 atque
2590 1020 2834 1078 suscepta
2884 1019 2986 1063 est.
3034 1011 3139 1065 Sed
3190 1010 3310 1077 quia
3346 1010 3462 1078 plus
3507 1026 3594 1061 me
3638 1010 3805 1075 lingua

2225 1114 2401 1155 vestra
2430 1119 2587 1170 quam
2617 1103 2734 1154 data
2767 1103 2997 1153 lzntilicat
3023 1139 3039 1164 ,
3070 1100 3292 1153 minoris
3328 1101 3512 1170 gra'iae
3544 1115 3668 1154 05sc
3699 1118 3807 1154 cre-

2224 1193 2332 1247 didi
2358 1210 2475 1262 qua:
2496 1194 2779 1245 dabantur.
2805 1191 3150 1244 Communem
3174 1201 3351 1245 autem
3379 1193 3544 1243 lilium
3575 1193 3804 1258 Epipha-

2227 1269 2369 1339 nium
2402 1285 2680 1338 diaeomnn
2709 1325 2722 1348 ,
2757 1284 3060 1337 Alexandro
3091 1295 3250 1351 atque
3286 1283 3489 1336 Isidoro
3526 1283 3803 1335 sanctissi-

2228 1391 2327 1430 ma:
2349 1388 2369 1414 ε
2401 1376 2492 1429 Εοι.
2508 1376 2653 1428 lcsim
2670 1383 2858 1428 vestra:
2878 1375 3115 1428 diaconis
3135 1376 3229 1427 Ieci
3250 1374 3505 1436 scribere,
3522 1384 3573 1426 nt
3593 1385 3805 1428 consta~

2228 1481 2302 1522 ret
2336 1471 2458 1537 quia
2490 1483 2547 1520 ca
2584 1484 2698 1536 quas
2734 1469 3039 1520 lransm’ssa
3068 1476 3190 1519 sunt
3217 1468 3599 1534 suscepissem.

2299 1556 2498 1621 Scripsi
2536 1571 2661 1609 vero
2700 1556 2820 1624 quia
2857 1555 3080 1626 grandia
3109 1556 3172 1608 ad
3206 1557 3426 1609 arbores
3462 1572 3524 1609 ac
3569 1569 3693 1610 tcmi
3719 1573 3810 1610 nes

2229 1646 2501 1700 faciendos
2535 1647 2670 1714 ligna
2705 1660 3039 1711 paraveram,
3068 1645 3162 1699 sed
3194 1648 3341 1699 navis
3372 1661 3534 1714 parva
3567 1663 3688 1715 qua:
3721 1662 3808 1699 vc-

2230 1749 2398 1801 nerat,
2437 1739 2548 1790 haec
2579 1746 2793 1805 portare
2825 1752 2931 1789 non
2963 1737 3129 1804 potuit
3156 1777 3170 1800 ,
3203 1748 3254 1790 et
3285 1737 3415 1789 nihil
3457 1738 3588 1790 mihi
3621 1741 3808 1792 exinle

2157 1831 2202 1888 Β
2230 1827 2601 1894 reStripsistis.
2639 1826 2789 1880 Unde
2813 1829 2856 1880 si
2881 1837 2999 1879 sunt
3032 1828 3326 1881 necessaria
3349 1868 3363 1891 ,
3396 1829 3675 1882 communi
3707 1831 3809 1881 lil'o

2231 1917 2508 1970 Bonifacio
2535 1917 2762 1970 diacono
2794 1928 2977 1970 ucstro
3005 1959 3017 1981 ,
3058 1932 3218 1985 quem
3253 1933 3391 1971 nunc
3419 1918 3482 1970 ad
3510 1919 3698 1972 urbem
3730 1935 3811 1971 re-

2231 2007 2372 2076 giam
2403 2022 2499 2076 pro
2531 2006 2788 2060 faciendis
2818 2008 3089 2075 responsis
3117 2008 3543 2071 transmittimus,
3569 2009 3809 2069 scribite,

2232 2109 2290 2152 ut
2319 2098 2448 2151 mihi
2484 2097 2598 2164 ipse
2621 2097 2880 2151 rescribat
2900 2106 3160 2166 quatenus
3192 2109 3577 2167 praeparentur,
3606 2109 3666 2150 ut
3691 2115 3809 2152 cum

2233 2187 2509 2243 beatitudo
2529 2195 2700 2242 vestra
2721 2188 3095 2250 transmiserit,
3117 2198 3299 2256 parata
3323 2189 3531 2242 valeant
3556 2191 3757 2242 invenh
3776 2191 3808 2244 i.

2311 2278 2578 2332 Praeterea
2609 2278 3003 2331 transmisimus
3035 2293 3248 2332 crucem
3282 2279 3553 2346 parvulam
3574 2319 3591 2342 ,
3630 2282 3680 2332 in
3711 2297 3809 2348 qua

2234 2369 2300 2424 de
2332 2371 2534 2424 catenis
2563 2379 2860 2423 amatorum
2894 2379 3193 2424 vestrorum
3238 2381 3543 2425 sanctorum
3590 2373 3730 2425 l‘etri
3759 2385 3810 2425 et

2236 2461 2388 2515 Pauli
2417 2461 2774 2529 apostolorum
2803 2460 3010 2515 inserta-
3031 2470 3112 2515 est
3137 2463 3462 2526 benedictio,
3494 2478 3612 2532 qua:
3644 2463 3809 2515 oculis

2236 2555 2428 2610 vestris
2489 2555 2702 2610 assidue
2749 2553 2773 2591 ἀ
2834 2565 3263 2624 superponatur,
3319 2557 3437 2625 quia
3493 2557 3658 2610 multa
3721 2577 3810 2623 ιϊτ

2237 2645 2481 2699 eaindcm
2515 2643 2939 2697 benedictionem
2967 2645 3217 2698 miracula
3253 2646 3360 2698 lieri
3392 2660 3627 2699 consncv
3666 2660 3805 2698 rttltt.

2309 2735 2658 2803 Omnipotens
2691 2735 2828 2787 Deus
2860 2735 3006 2788 cordi
3066 2735 3407 2788 beatitudinis
3443 2746 3633 2790 vestrm
3675 2738 3812 2804 ειερί-

2237 2837 2338 2892 ret,
2372 2838 2426 2880 ut
2459 2843 2552 2895 pro
2579 2843 2663 2882 me
2692 2842 2845 2880 mare
2873 2826 3082 2881 assidue
3106 2827 3332 2890 erretis,
3360 2836 3417 2881 et
3455 2843 3544 2881 vos
3572 2841 3810 2881 vestros-
3889 2809 3893 2816 ’

2240 2933 2345 2986 que
2372 2933 2558 2973 onincs
2588 2933 2683 2972 sua
2740 2918 2956 2971 dextera
2989 2928 3262 2988 pzotcgat,
3303 2929 3463 2987 atque
3504 2929 3622 2986 post
3659 2918 3813 2987 langa

2241 3027 2502 3064 annorum
2529 3011 2787 3065 curricula
2819 3011 2881 3063 ad
2913 3011 3149 3064 coitestia
3183 3026 3345 3078 regna
3376 3012 3651 3078 perducat.

2315 3114 2338 3143 ο
2369 3104 2616 3172 Eulogius
2662 3119 2789 3157 vero
2828 3106 2994 3159 sancti
3037 3105 3196 3159 Marci
3229 3121 3258 3158 a
3289 3105 3592 3158 beatissima
3625 3104 3816 3158 frater-

2157 3196 2207 3260 ί]
2240 3197 2406 3250 nitate
2431 3208 2604 3250 vestra
2634 3197 2976 3249 transmissas
3002 3212 3119 3250 cuin
3155 3213 3216 3249 ca
3254 3197 3513 3251 charitate
3549 3212 3652 3266 qua
3692 3208 3818 3251 sunt

2234 3287 2450 3341 directa:
2491 3286 2784 3340 secundum
2836 3287 3076 3339 notitiam
3125 3302 3306 3341 earum
3357 3288 3730 3355 suscepimus.
3763 3296 3819 3340 et

2234 3377 2431 3445 gratias
2459 3377 2668 3431 aﬂ'ectui
2701 3390 2881 3431 vestio
2909 3378 3214 3444 referimus,
3260 3379 3384 3446 quia
3431 3394 3496 3432 ex
3545 3378 3626 3430 his
3662 3391 3817 3431 exte-

2237 3467 2465 3519 rioribus
2507 3469 2694 3536 quales
2734 3481 2858 3536 erga
2911 3483 3005 3520 nos
3050 3467 3274 3522 interius
3311 3469 3425 3522 sitis
3451 3471 3817 3538 agnoscimus.

2237 3555 2414 3624 (Joan.
2453 3559 2624 3626 Diac.,
2657 3559 2744 3612 lib.
2777 3574 2850 3626 tv,
2879 3575 2926 3611 c.
2960 3557 3074 3629 52.)

2746 3669 3080 3727 EPISTOLA
3124 3671 3306 3726 XLIII.

2620 3800 2685 3836 Λιι
2724 3798 2959 3837 .IOANNFM
3001 3799 3431 3837 PANURMITASUM.

2240 3871 2401 3935 Quem
2430 3872 2596 3925 videre
2632 3874 2959 3940 peroptabat,
2996 3891 3196 3926 manere
3233 3877 3282 3925 in
3318 3875 3510 3938 ,Sicilia
3552 3877 3817 3938 concedit,

2717 3943 2777 3994 ob
2808 3946 2995 4013 navigii
3025 3944 3325 4010 periculum.

2307 4033 2595 4102 Gregorius
2621 4032 2812 4088 Joanni
2847 4034 3247 4089 Panorrnitano.

2305 4123 2557 4176 Amorem
2585 4124 2724 4177 circa
2758 4138 2852 4177 nos
2881 4134 3149 4189 vestrum,
3179 4139 3335 4194 quem
3360 4125 3628 4193 corporali
3663 4125 3818 4180 nobis

2239 4213 2439 4266 visione
2467 4221 2488 4248 ο
2523 4212 2783 4266 \oluimns
2811 4213 3088 4282 exhibere,
3118 4216 3332 4282 scriptis
3363 4226 3420 4270 et
3447 4215 3661 4287 1249
3685 4231 3817 4282 ope-

2236 4306 2380 4359 ribus
2408 4305 2618 4358 assidue
2649 4305 3047 4360 demonstratis.
3079 4307 3184 4360 Sed
3214 4307 3336 4376 quid
3359 4308 3502 4360 aliud
3530 4312 3643 4360 huic
3664 4309 3821 4360 exhio

2235 4395 2410 4450 bendo
2452 4396 2608 4465 agitis
2635 4437 2648 4460 ,
2698 4397 2797 4450 nisi
2827 4407 2884 4451 ut
2914 4399 3031 4466 plus
3060 4414 3363 4468 quaeramus
3398 4401 3581 4453 videre
3608 4439 3622 4465 ,
3657 4415 3817 4466 quem

2234 4487 2436 4540 (locem:
2462 4502 2487 4540 ι’
2516 4488 2744 4555 amplius
2773 4488 2994 4542 amare?
3029 4490 3091 4542 Et
3129 4491 3286 4558 paulo
3315 4494 3492 4543 minus
3517 4490 3625 4557 jam
3653 4491 3816 4543 etiam

551 4576 670 4642 quia
703 4585 756 4629 et
785 4575 938 4630 dolor
969 4579 1209 4646 corporis
1235 4620 1247 4641 ,
1283 4587 1336 4632 et
1365 4581 1668 4636 amaritudo
1699 4582 1875 4636 cordis
1899 4622 1915 4647 ,
1944 4592 1997 4636 et
2031 4583 2130 4635 im-
2163 4558 2209 4616 D
2237 4594 2476 4632 tnurrnur
2494 4578 2817 4646 accepimus,
2848 4581 2969 4648 quia
3001 4595 3104 4634 non
3139 4596 3423 4648 possumus
3445 4580 3632 4635 videre
3657 4597 3817 4647 quem

543 4679 727 4718 mensa
779 4671 997 4720 vastitas
1053 4667 1393 4722 mortalitatis
1449 4670 1588 4724 inter
1648 4679 1726 4725 tot
1779 4672 2124 4736 barbarorum

543 4757 750 4825 gladios
781 4773 866 4812 me
898 4758 1240 4813 vehementer
1271 4759 1478 4828 allligit.
1512 4763 1654 4817 Inter
1679 4778 1796 4831 qua:
1817 4763 2123 4820 omnianon

613 4895 960 4968 ΕνιετηΧίιῐΙ
989 4897 1092 4968 [ΑΙ.
1119 4898 1232 4968 49].
1256 4929 1324 4939 —
1349 4910 1374 4937 ι
1405 4899 1458 4954 In
1488 4901 1716 4964 Turon,
1745 4901 1964 4964 Rhem.,
1988 4901 2120 4957 Nor-

541 4983 684 5021 man.
717 4979 771 5040 et
800 4966 967 5021 Vatic.
991 4966 1060 5034 D,
1092 4980 1138 5022 et
1176 4966 1383 5024 sanatos
1425 4971 1488 5023 de
1525 4986 1583 5023 ea
1630 4975 1860 5040 corporis
1892 4975 2120 5027 molestia

540 5053 642 5104 qua
673 5035 748 5087 vel
775 5053 927 5104 quam
956 5041 1244 5092 audieram.

609 5103 635 5140 ι’
658 5103 931 5176 Norman.,
956 5108 1053 5160 hoc
1070 5125 1266 5176 quoque
1289 5111 1412 5161 milii
1431 5118 1503 5162 est
1523 5110 1850 5164 exultatiouis
1867 5114 2127 5168 a-lditum..

613 5184 636 5211 ε
668 5175 1035 5248 |n_plerisque
1074 5175 1255 5230 Norm.
1299 5181 1486 5246 legitur
1533 5181 1710 5246 gloria:
1754 5193 1964 5246 vestra},
2018 5201 2123 5248 quo

540 5258 673 5364 sane
717 5245 869 5298 titulo
915 5248 1193 5315 episcOpos
1238 5261 1267 5299 a
1319 5245 1574 5315 Gregorio
1625 5245 1968 5316 «ompidlatos
2017 5245 2120 5305 ηις...

564 5327 792 5364 entmtts.
2041 5333 2098 5364 ἠν

564 5327 792 5381 egimus.

609 5383 636 5419 ά
661 5385 815 5458 _Pr_i_us
860 5385 1130 5458 legebatur
1159 5398 1501 5456 supponatur,
1533 5390 1676 5458 quod
1713 5391 2118 5446 cmendavimus

542 5453 606 5503 ad
635 5453 860 5525 Codices
889 5453 1192 5525 Vaticanus,
1222 5453 1458 5525 Anglic”
1491 5453 1673 5512 Norin.

612 5522 880 5587 eEuloqia
933 5524 1069 5596 idem
1113 5527 1197 5578 hic
1246 5522 1515 5595 signified
1567 5545 1627 5582 ac
1677 5532 1978 5596 benedictio,
2012 5548 2114 5596 qua

539 5599 687 5669 voce
708 5598 864 5643 toties
893 5595 1057 5669 utitur
1086 5607 1302 5669 sanctus
1336 5598 1624 5669 Gregorius
1653 5601 1716 5651 ad
1767 5595 2110 5669 signiﬁcanda

539 5667 760 5737 ltlttoera
794 5673 854 5708 ex
883 5657 1142 5737 charitate
1176 5665 1313 5737 data.
1360 5657 1554 5720 Eodem
1595 5684 1754 5722 sensu
1791 5657 2111 5737 U‘élll‘pnllllll‘

539 5726 784 5788 euivgizn,
829 5729 1028 5792 regula:
1078 5735 1242 5783 sancti
1299 5736 1566 5803 Beneditti
1617 5753 1663 5791 c.
1699 5738 1785 5791 54.
1824 5726 1952 5792 Vide
1994 5758 2110 5807 qua:

1549 5981 1565 6005 ο

2232 4683 2493 4723 amamus.
2525 4670 2629 4724 Sed
2661 4668 2830 4723 adfuit
2851 4671 2939 4739 qui
2973 4670 3102 4724 mihi
3143 4671 3628 4739 inqzossibilitatem
3662 4674 3814 4725 navi-

2231 4762 2301 4829 gii
2330 4759 2354 4796 ι)
2379 4761 2445 4814 de
2469 4771 2641 4815 vestra
2667 4762 2836 4829 gloria
2861 4771 3122 4828 narraret,
3154 4770 3313 4831 atque
3337 4763 3455 4818 ideo
3478 4764 3616 4832 quod
3641 4766 3816 4816 amavi

2220 4905 2453 4960 diximus
2477 4906 2541 4960 ad
2572 4907 2729 4974 epist.
2752 4906 2821 4960 ἓξ)
2868 4905 2962 4960 lib.
2993 4921 3106 4973 vin,
3141 4914 3195 4958 et
3228 4907 3453 4962 console
3483 4905 3819 4957 observatio-

2223 4991 2316 5028 nes
2345 4977 2510 5097 ngstsri
2554 4977 2689 5048 llug.
2724 4977 2959 5041 Menardi
3000 4977 3063 5029 ad
3111 4975 3380 5031 Concord.
3415 4975 3601 5044 R-gul.
3638 4989 3686 5028 c.
3720 4976 3811 5036 Ui.

2224 5060 2343 5097 nae.
2421 5063 2435 5097 l
2489 5085 2502 5097 .

2260 5060 2343 5100 att.
2375 5047 2502 5100 875.

2224 5061 2673 5190 ?3‘EP?§{_I‘5..XLIII
2703 5117 2807 5190 [ΑΙ.
2844 5116 2957 5188 LO].
2980 5145 3050 5190 —;
3079 5124 3104 5152 α
3128 5114 3353 5190 Evcusi,
3399 5116 3632 5190 voluistis
3667 5116 3822 5190 exhi-

2225 5186 2351 5236 beri.
2399 5187 2642 5241 No-tratn
2687 5186 2971 5240 lectionem
3025 5186 3302 5238 h:tu~imus
3343 5203 3407 5240 ex
3443 5187 3618 5240 Vatic.
3671 5189 3719 5239 Α
3768 5194 3820 5237 et

2227 5257 2459 5336 Iiemig.,
2511 5259 2560 5308 in
2596 5257 2790 5326 quibus
2831 5258 2960 5310 solis
3013 5254 3304 5310 Codicibus
3343 5256 3632 5325 epistolam
3678 5255 3822 5308 hanc

2226 5341 2546 5379 ιιινθιιιιιιιιε.

2294 5395 2319 5431 ι)
2348 5396 2586 5449 Indicant
2618 5399 2731 5448 haec
2755 5397 2914 5449 verba
2957 5394 3148 5447 falsum
3172 5398 3295 5448 esse
3326 5396 3540 5448 titulum
3573 5395 3824 5447 Excusa-

2224 5480 2361 5526 rum,
2391 5464 2586 5518 Joanni
2618 5465 2865 5518 Panorm.
2895 5465 3167 5534 episcopo;
3199 5479 3376 5532 neque
3399 5467 3543 5517 enim
3587 5464 3663 5517 ita
3687 5464 3824 5518 scri-

2222 5535 2293 5586 bit
2325 5536 2387 5588 ad
2421 5536 2701 5604 episcopos
2729 5545 2941 5588 sanctus
2964 5534 3279 5601 Gregorius,
3314 5549 3488 5603 neque
3520 5535 3574 5587 in
3605 5536 3826 5601 episto-

2225 5606 2285 5656 lis
2315 5607 2432 5657 aliis
2456 5607 2520 5658 ad
2564 5605 2822 5659 Joannem
2856 5605 3290 5657 Panormitanmn
3316 5605 3642 5672 episcopum
3669 5605 3818 5660 datis

2221 5675 2358 5727 istud
2384 5674 2548 5743 ipsius
2580 5675 2790 5728 videndi
2819 5675 3141 5731 desiderium
3167 5673 3428 5728 ostendit.
