3956 6372
268 304 402 361 1295

892 298 1364 356 EPISTOLARl‘M
1405 299 1506 350 Hii
1573 295 1700 347 Xlll.
1751 321 1815 331 -ο
1857 288 2096 341 lNl‘alCT.
2144 287 2228 341 Vl.
2270 315 2336 324 —
2378 286 2590 338 El’iST.
2640 286 2790 337 XLV.

3378 287 3513 339 12M

264 419 452 472 "una;
479 458 490 480 ’
527 426 581 469 ει
611 415 747 483 (μιοά
785 415 944 467 iratus
976 416 1173 465 [ueram
1209 411 1437 478 peperci.
1487 409 1581 458 tim
1610 407 1828 473 iipotezzs
1861 412 1904 465 Α
1943 398 1958 432 ί
1989 400 2172 450 Datum
2209 411 2386 450 mense
2421 400 2578 464 .-\ng.,
2612 394 2792 446 indici.
2836 395 2884 446 6.
2918 394 3094 462 (Jom.
3134 392 3304 455 Dium,
3338 396 3422 447 lib.
3461 413 3512 458 3.,

264 511 405 563 Deus
432 524 523 561 sua
555 522 646 560 vos
680 508 1007 574 protectioue
1035 505 1313 568 custodiat,
1343 512 1398 554 et
1427 516 1452 552 a
1482 500 1632 551 malis
1664 500 1832 548 omni-

263 606 363 654 bus
395 610 414 636 ε
445 599 611 669 gratia
644 597 885 651 continua
920 595 1185 648 defendat.

776 704 1102 760 EPISTULA
1157 704 1335 756 XLIV.

499 839 562 875 tm
590 835 826 874 JOANNEM
859 804 1277 871 Insonuit-artua
1296 831 1598 868 l-ZI’ISCOI‘UM.

305 923 433 998 Qua:
460 932 657 986 clericis
683 931 789 983 suis
809 932 956 999 justo
980 927 1258 996 petentibus
1293 927 1525 995 prandii!
1553 925 1796 977 exhibent.

338 1043 626 1112 Gregorius
659 1048 681 1076 ο
708 1038 896 1092 Joanui
929 1038 1179 1104 episcopo
1211 1035 1604 1087 Panormitam.

341 1132 605 1200 implenda
663 1138 787 1183 sunt
850 1141 1060 1194 semper
1121 1125 1496 1193 postulantium
1551 1125 1834 1186 desideria,

260 1228 478 1297 quoties
502 1226 588 1278 illa
621 1231 909 1291 poscuntur
937 1236 1050 1290 qua:
1079 1236 1107 1274 a
1140 1221 1345 1274 ratione
1377 1235 1479 1272 non
1511 1221 1742 1271 ύιινίτιιιι.
1780 1221 1842 1270 tit

264 1321 392 1373 ideo
433 1317 554 1387 quia
584 1315 826 1384 qumdam
855 1314 1102 1381 capitula,
1136 1329 1252 1380 qua:
1281 1323 1618 1366 servaturum
1655 1320 1705 1363 te
1734 1311 1842 1362 cle-

265 1413 396 1465 ricis
428 1410 529 1462 tuis
571 1407 869 1475 petentibus
913 1404 1224 1472 promisisti,
1270 1412 1449 1456 nostra
1490 1402 1556 1454 ab
1595 1400 1720 1454 eisb
1747 1416 1840 1467 p-i-

266 1501 529 1553 stulamur
555 1496 873 1550 auctoritate
909 1495 1137 1556 firmare,
1168 1492 1552 1547 fraternitatem
1588 1501 1726 1544 tuam
1760 1495 1841 1543 lt-s

268 1592 550 1645 hortamur
578 1588 844 1654 affatibus,
872 1596 925 1639 ut
951 1602 1011 1640 ea
1035 1601 1154 1655 qua:
1184 1586 1463 1654 prtcsentia
1493 1585 1685 1647 scripta
1711 1598 1839 1637 cen-

268 1683 443 1736 tinent
468 1682 583 1734 sine
623 1680 797 1747 aliqua
830 1679 1020 1732 debeat
1065 1675 1418 1745 refragatione
1443 1689 1691 1729 servare.
1727 1675 1838 1727 Pri-

1937 504 1981 538 c.
2015 485 2127 554 5-4.)

2437 567 2456 590 ι·
2495 544 2812 609 ΕΡΗΤΟΕΑ
2853 554 2912 641 ~.\‘
2927 552 3010 607 LV

2677 663 2763 698 δεμ

2353 749 2790 819 CtPlTbLiRE
2833 760 3113 814 PRIMUM.

2357 894 2422 930 AD
2462 888 3096 931 JOASNEM‘DEiENSOREK.

1944 995 2080 1055 Quid
2108 994 2157 1044 in
2188 985 2447 1052 Jimnarii,
2485 991 2784 1044 Malacitani
2809 991 3052 1057 episcopi,
3077 993 3346 1061 cujusdam
3371 992 3506 1044 illius

2015 1064 2307 1132 prcsby'cri,
2361 1079 2551 1114 necnon
2587 1061 2836 1131 Stepham
2875 1061 3093 1131 episcopi
3144 1065 3309 1114 causis
3343 1064 3509 1129 inqui

2014 1135 2222 1186 rendam
2253 1149 2314 1184 ac
2340 1133 2658 1186 statuendum
2686 1133 2770 1185 sit.

2013 1224 2302 1290 Gregorius
2356 1222 2541 1277 J-anni
2596 1223 2862 1278 defensori
2919 1224 2968 1276 in
3027 1225 3238 1276 nomine
3307 1225 3513 1276 Domini

1944 1315 2086 1366 eunti
2121 1313 2170 1366 in
2206 1314 2531 1381 Hispaniam.

2022 1407 2075 1458 In
2109 1405 2292 1474 primis
2322 1407 2697 1474 requirendum
2731 1417 2814 1462 est
2851 1408 2919 1461 de
2959 1423 3183 1474 persona
3221 1409 3515 1478 preslty:eri

1945 1496 2278 1550 dilectissi-ii
2335 1496 2511 1549 [μοιτίς
2571 1506 2635 1549 .et
2686 1497 2984 1564 coepisCOpi
3051 1499 3217 1551 nosni
3277 1498 3513 1553 Januarii

1946 1584 2140 1650 (ϐυ-(ειη
2171 1588 2226 1651 2,
2267 1605 2316 1653 ςι.
2375 1591 2420 1649 t,
2465 1581 2637 1653 a7);
2694 1599 2744 1640 et
2789 1587 2831 1640 si
2863 1589 2931 1640 ita
2977 1602 3035 1642 se
3084 1589 3282 1643 veritas
3328 1589 3508 1656 habet,

1945 1679 2081 1730 sicut
2109 1678 2344 1746 ejusdem
2377 1696 2442 1745 ep
2464 1680 2605 1744 scopi
2639 1678 2818 1744 petitio
2849 1680 3104 1740 continet.
3140 1681 3188 1732 in
3222 1682 3510 1736 Ecclesium

269 1791 442 1835 mum,
491 1782 546 1826 ut
589 1772 656 1826 de
687 1770 939 1824 reditibus
973 1769 1224 1822 Ecclesia!
1268 1776 1503 1834 qu:trtam
1549 1767 1599 1820 in
1637 1768 1841 1834 integro
1877 1771 1920 1828 Β
1948 1780 2104 1837 atque
2131 1769 2181 1821 in
2213 1771 2383 1822 locum
2414 1784 2567 1821 suum
2597 1769 2765 1822 modis
2795 1769 3040 1822 omnibus
3071 1770 3208 1823 idem
3243 1773 3517 1841 presbyter

271 1866 570 1933 portionem
605 1860 859 1915 Ecclesia:
885 1868 984 1913 tua:
1015 1860 1224 1913 clericis
1252 1858 1541 1912 secundum
1572 1858 1840 1918 meritum,

268 1957 352 2010 vel
383 1955 638 2017 officium,
673 1953 787 2006 sive
828 1951 1060 2004 laborem
1106 1965 1282 2014 suum,
1317 1959 1373 2002 ut
1416 1951 1529 2015 ipse
1560 1947 1843 2017 unicuique

270 2048 403 2101 dare
453 2044 808 2113 prospexeris,
842 2043 956 2095 sine
1002 2041 1174 2109 aliqua
1226 2041 1460 2109 prmbere
1493 2041 1689 2094 debeas
1738 2050 1845 2093 tar-

270 2139 460 2193 ditate.
497 2138 568 2190 De
607 2135 705 2188 hoc
735 2149 860 2188 vero
904 2133 1041 2202 quod
1070 2149 1133 2186 ex
1181 2132 1414 2198 fidelium
1457 2132 1728 2186 oblatione
1757 2146 1846 2186 ac-

268 2228 518 2290 cesserit,
550 2233 791 2294 quartam
819 2233 1026 2292 partem
1059 2224 1109 2276 in
1152 2223 1355 2287 solidis,
1385 2223 1464 2276 vel
1496 2223 1730 2283 cillario,
1767 2224 1845 2276 eis

266 2321 417 2390 juxta
464 2318 737 2386 pristinam
795 2315 1232 2369 consuetudinem
1292 2315 1419 2367 dare
1461 2329 1563 2367 non
1607 2313 1841 2368 differas.

271 2410 497 2479 lteliqua
548 2417 722 2462 autem
754 2407 930 2475 omnia
968 2405 1183 2458 mobilia
1217 2406 1270 2458 in
1315 2414 1400 2457 tua
1421 2404 1659 2458 retineas
1696 2411 1846 2472 pote-

268 2509 431 2553 state.
464 2496 754 2552 lmmobilia
787 2496 928 2550 enim
959 2495 1332 2549 ecclesiasticis
1372 2493 1630 2547 reditibus
1660 2508 1844 2562 δεεστ-

266 2599 487 2661 gcntur,
525 2598 579 2643 ut
609 2587 954 2656 multiplicata
1002 2587 1296 2654 quantitate
1322 2594 1342 2621 ο
1368 2585 1683 2638 clericorum
1724 2591 1882 2675 ιυοι,

267 2697 386 2735 rum
420 2689 631 2747 quarta,
662 2679 770 2733 Deo
801 2679 1076 2746 largiente,
1115 2677 1414 2744 proficiant.

340 2769 366 2806 ιί
391 2769 731 2824 Tabularium
771 2780 946 2821 autem
987 2783 1083 2820 una
1109 2783 1229 2821 cum
1260 2781 1521 2820 enusensu
1571 2765 1842 2819 seniorum

265 2869 322 2915 ct
349 2859 480 2914 cleri
507 2859 813 2913 memineris
835 2857 1208 2922 ordinandum,
1237 2859 1324 2925 qui
1358 2858 1512 2911 anuis
1535 2858 1757 2927 singulis
1777 2860 1843 2913 ad

265 2951 648 3021 amputandam
708 2950 910 3004 fandis
950 2949 1304 3018 suSpicionem
1366 2950 1675 3004 solemniter
1721 2966 1845 3005 suas

263 3045 465 3098 debeat
493 3043 722 3097 rationes
750 3057 1039 3110 exponere.
1086 3039 1482 3095 Vindemiarum
1512 3050 1690 3094 autem
1719 3049 1847 3095 tem-

1951 1870 2243 1912 rt-vncetnr.
2281 1858 2334 1911 Si
2367 1869 2543 1923 autem
2573 1858 2770 1911 dictum
2807 1859 2962 1911 fuerit
2993 1862 3111 1926 quia
3138 1875 3317 1913 contra
3347 1862 3516 1929 ipsum

1947 1963 2109 2004 causa
2137 1950 2314 2017 aliqua
2345 1959 2482 2002 meta
2516 1950 2625 2001 sive
2677 1951 2892 2016 probata
2934 1961 3033 2012 ομι,
3072 1952 3358 2014 su‘itiliter,
3403 1952 3518 2018 ipso

1950 2049 2210 2109 przrsente
2238 2049 2291 2094 et
2335 2055 2430 2108 pro
2475 2056 2533 2094 se
2563 2040 2821 2093 rationem
2865 2042 3140 2108 reddente,
3172 2045 3514 2111 qua-renititur

1949 2142 2029 2186 est
2051 2141 2104 2186 et
2135 2149 2300 2201 genus
2330 2147 2524 2196 eausze,
2569 2143 2620 2187 et
2657 2134 2843 2186 modus
2870 2134 3219 2202 probationis,
3248 2146 3302 2188 ut
3325 2153 3385 2190 ex
3422 2137 3519 2190 huc

1950 2235 2092 2279 rerte
2119 2229 2369 2296 colligere
2393 2229 2573 2282 valeas
2617 2239 2794 2280 utrum
2839 2228 3009 2282 adhuc
3037 2228 3087 2281 in
3120 2231 3306 2282 exsilio
3335 2230 3522 2283 demo-

1951 2320 2074 2382 rari,
2124 2336 2189 2372 an
2220 2329 2366 2373 certe
2411 2321 2459 2374 in
2503 2321 2790 2373 licelesiam
2831 2335 2977 2372 suam
3011 2331 3063 2374 et
3091 2321 3319 2375 oftieium
3363 2339 3514 2377 suum

1949 2411 2139 2464 delicat
2165 2414 2422 2479 revocari.

2023 2501 2098 2554 De
2146 2503 2492 2568 suprascripti
2526 2517 2652 2554 veru
2701 2503 2938 2570 episcopi
2988 2517 3209 2570 persona
3268 2505 3367 2556 hoc
3415 2518 3525 2557 sta.

1951 2591 2208 2642 tuendum
2265 2601 2365 2654 eat,
2426 2602 2482 2642 ut
2527 2591 2569 2643 si
2623 2592 2762 2644 nulla
2820 2602 3003 2645 contra
3054 2609 3173 2646 eum
3229 2594 3520 2648 criminalts

1951 2693 2133 2744 causa,
2169 2694 2284 2748 qua:
2315 2681 2504 2732 exsilio
2545 2681 2626 2733 vel
2673 2680 3008 2749 depositione
3040 2684 3191 2748 digna
3225 2693 3326 2749 est,
3378 2695 3520 2737 mota

1951 2770 2062 2822 sive
2090 2771 2303 2838 probata
2332 2781 2429 2834 est,
2463 2771 2506 2825 is
2532 2773 2618 2840 qui
2657 2788 2721 2825 eo
2764 2776 3053 2841 superstite
3080 2775 3356 2843 episcopus
3397 2791 3522 2842 per-

1953 2876 2107 2916 verse
2135 2877 2197 2915 ac
2235 2872 2418 2918 contra
2455 2878 2690 2918 canones
2739 2864 2790 2917 in
2842 2865 3075 2918 Ecclexia
3118 2867 3231 2933 ejus
3281 2869 3520 2921 ordinari

1953 2957 2315 3023 prmsumpsit,
2348 2957 2647 3010 sacerdotio
2679 2958 2934 3023 privatus,
2981 2958 3045 3010 ab
3080 2960 3224 3012 omni
3267 2960 3521 3013 ecclesia-

1951 3048 2088 3099 stico
2128 3047 2422 3101 ministerio
2475 3047 2785 3113 repellatur.
2839 3046 2936 3114 Qui
2982 3046 3140 3101 etiam
3173 3048 3344 3102 eidem
3391 3051 3523 3103 dite.

267 3147 400 3202 pore
449 3132 586 3186 idem
617 3133 791 3186 clerus
835 3131 1046 3186 emendi
1096 3132 1271 3184 vinum
1314 3131 1382 3185 de
1423 3132 1844 3198 possessionibus
1870 3134 1916 3195 C
1949 3140 2185 3193 ctissime
2227 3137 2477 3191 Januario
2525 3136 2672 3190 fratri
2722 3145 2775 3189 et
2804 3137 3125 3206 coepiscopo
3176 3149 3357 3193 nostro
3405 3151 3512 3194 tra-

270 3223 665 3279 Ecclesiastes:
707 3223 773 3278 ad
801 3222 944 3292 justa
989 3223 1177 3291 pretia,
1223 3224 1274 3276 in
1321 3233 1576 3291 quantum
1611 3223 1845 3279 venden-

267 3317 401 3370 dum
429 3328 533 3382 est,
563 3317 854 3371 remedium
888 3325 1263 3385 consequatur.
1304 3315 1436 3369 Nam
1483 3318 1616 3371 satis
1661 3325 1846 3371 contra

268 3408 534 3464 rationem
585 3417 669 3462 cst
715 3419 773 3462 ut
821 3410 961 3479 quod
1001 3419 1176 3478 potest
1221 3412 1490 3464 extraneis
1530 3413 1844 3476 venundati,

265 3500 483 3555 clericis
523 3501 649 3555 dato
681 3504 848 3568 prelin
894 3502 1202 3571 denegelttr.
1257 3503 1628 3558 Possessiones
1667 3505 1842 3572 igitur,

268 3593 358 3647 vel
388 3594 430 3645 si
457 3607 558 3662 qua
585 3602 706 3646 sunt
736 3594 837 3645 alia
868 3595 1234 3650 ecclesiastico
1258 3593 1362 3663 juri
1392 3596 1769 3664 competentia,
1795 3607 1848 3651 et

263 3686 339 3739 ab
365 3685 636 3739 extraneis
688 3685 920 3739 indebite
947 3687 1274 3753 detinentur,
1312 3702 1432 3740 cum
1482 3688 1627 3742 omni
1671 3688 1855 3744 studio-

261 3783 484 3829 servata
532 3774 823 3839 civilitate,
878 3776 1043 3844 injus
1093 3778 1346 3831 Ecclesiae
1395 3787 1498 3832 tua:
1538 3787 1562 3816 ο
1597 3794 1847 3847 reparare

264 3863 486 3927 festina,
515 3873 572 3918 ut
597 3866 872 3935 negligens
899 3868 948 3918 iu
999 3868 1177 3936 aliquo
1214 3868 1384 3922 videri
1415 3884 1520 3924 non
1561 3870 1756 3924 valeas.
1789 3870 1846 3926 Si

263 3955 398 4023 quid
430 3956 588 4026 igitur
616 3957 684 4011 de
713 3972 1034 4026 quocunque
1066 3959 1262 4013 clerico
1294 3958 1362 4012 ad
1396 3975 1553 4015 aures
1579 3972 1697 4016 tuas
1726 3976 1848 4030 per-

264 4050 478 4103 venerit
499 4051 637 4119 quod
669 4061 718 4105 te
736 4051 1072 4121 juste'possit
1097 4052 1366 4108 offendere
1388 4054 1584 4124 (Grat.,
1608 4056 1729 4109 dist.
1754 4055 1844 4121 86,

264 4159 320 4196 ο.
354 4141 444 4207 23,
469 4159 609 4198 caus.
641 4145 725 4209 l5,
749 4162 798 4214 ᾳ.
836 4146 887 4209 7,
917 4162 962 4197 c.
987 4145 1066 4212 2),
1095 4145 1250 4201 facile
1288 4163 1391 4201 non
1423 4148 1634 4213 credas,
1666 4163 1762 4202 nec
1782 4150 1845 4202 ad

267 4234 559 4289 vindictam
595 4247 645 4291 te
675 4251 762 4291 res
800 4236 1057 4291 accendat
1098 4236 1404 4306 incognita;
1443 4240 1537 4293 sed
1569 4240 1848 4308 praisenti-

264 4331 374 4384 bus
425 4330 726 4383 senioribus
773 4331 1027 4385 Ecclesia:
1071 4341 1175 4386 tua:
1215 4333 1497 4402 diligenter
1522 4344 1606 4388 est
1639 4336 1848 4405 1250

265 4420 470 4474 veritas
515 4417 914 4491 perscrutanda,
946 4432 999 4475 et
1045 4434 1168 4477 tunc
1214 4424 1256 4476 si
1288 4425 1515 4492 qualitas
1565 4425 1641 4478 rei
1684 4440 1848 4494 popo-

1951 3229 2160 3283 dendus
2191 3236 2292 3291 est,
2323 3236 2378 3280 ut
2416 3236 2505 3279 aut
2534 3227 2600 3279 ab
2624 3226 2741 3294 ipso
2767 3226 2818 3278 in
2849 3227 3086 3281 custodia
3121 3228 3398 3288 habeatur.
3431 3240 3523 3282 aut

1953 3329 2096 3373 certe
2113 3320 2179 3371 ab
2208 3333 2274 3371 eo
2295 3317 2360 3371 ad
2391 3332 2488 3370 nos
2512 3332 2604 3385 per
2629 3317 2807 3370 omnia
2838 3319 3247 3372 transmittatur.
3277 3320 3523 3390 Episciipi

1953 3426 2078 3465 vero
2101 3411 2188 3479 qui
2221 3425 2342 3464 eum
2371 3411 2769 3478 ordinaverunt,
2797 3411 2876 3464 vel
2908 3411 3224 3465 ordinatioui
3253 3412 3367 3481 ejus
3393 3430 3520 3468 con-

1952 3505 2245 3558 sentientes
2293 3502 2670 3567 interfuerunt,
2723 3503 2773 3556 in
2820 3519 2914 3557 sex
2970 3505 3242 3560 mensibus
3274 3506 3528 3562 dominici

1951 3595 2190 3662 corporis
2223 3606 2270 3644 et
2294 3595 2567 3662 sanguinis
2592 3595 2965 3649 communione
2988 3596 3197 3662 privati,
3231 3612 3388 3665 agere
3413 3614 3524 3665 pm-

1954 3684 2234 3736 niteutiam
2267 3686 2621 3736 decernantnr
2651 3683 2704 3735 in
2747 3685 3096 3751 monasterio,
3137 3697 3186 3738 et
3228 3690 3526 3755 suprascri-

1953 3784 2071 3841 ptus
2099 3774 2378 3828 Ianuarius
2407 3775 2522 3828 loco
2552 3783 2604 3827 et
2625 3773 2797 3828 ordini
2833 3789 2930 3828 suo
2960 3777 3128 3830 modis
3159 3778 3408 3831 omnibus
3439 3795 3521 3830 rc-

1951 3865 2228 3920 formetur.
2265 3865 2319 3918 Si
2352 3861 2477 3920 vero
2506 3865 2881 3919 communione
2931 3865 3146 3934 privatis
3180 3870 3364 3922 mortis
3394 3884 3524 3924 cou-

1953 3956 2130 4025 tigerit
2185 3957 2467 4010 imminere
2519 3958 2835 4024 periculum,
2881 3957 3184 4012 benedictio
3229 3961 3305 4014 eis
3355 3962 3525 4016 viatici

1953 4062 2054 4100 non
2084 4056 2325 4116 negetur.
2364 4047 2419 4102 Si
2452 4057 2625 4101 autem
2650 4048 2883 4116 episcopi
2915 4048 2968 4101 in
3005 4048 3371 4119 pra‘judicium
3399 4067 3525 4106 c-tn-

1949 4140 2310 4195 demnationis
2356 4139 2436 4194 vel
2486 4141 2837 4207 depositionis
2875 4143 3153 4195 memorati
3201 4143 3435 4212 episc0pi
3469 4161 3527 4199 se

1954 4241 2096 4284 metu
2140 4231 2334 4298 judicis
2376 4231 2717 4284 consensisse
2755 4244 2818 4284 ac
2859 4231 2986 4285 talia
3036 4229 3228 4285 fecisse
3273 4248 3378 4287 non
3431 4249 3523 4287 sua

1951 4333 2143 4390 sponte
2182 4322 2307 4374 fassi
2351 4321 2565 4383 fuerint,
2615 4330 2666 4374 et
2719 4330 2928 4389 tempus
2978 4322 3057 4374 eis
3107 4322 3525 4378 abltreviandum

1950 4427 2048 4477 est,
2075 4429 2126 4469 et
2157 4415 2343 4469 modus
2375 4416 2703 4482 pmnitentiie
2749 4415 3141 4483 temperandus.
3176 4416 3231 4470 Si
3279 4433 3403 4471 vero
3437 4420 3525 4475 ille

264 4512 456 4576 scerit,
505 4515 760 4566 canonica
793 4513 1054 4568 districtio
1095 4514 1304 4582 culpam
1346 4515 1500 4569 feriat
1532 4515 1841 4584 denaque”-
1871 4506 1922 4565 D
1950 4509 2036 4574 qui
2077 4508 2250 4560 locum
2278 4505 2392 4573 ejus
2413 4506 2606 4559 invasit
2637 4505 2699 4558 de
2733 4504 2830 4558 hac
2862 4504 3088 4560 fortasse
3118 4507 3234 4559 luce
3263 4509 3525 4578 migrave-

267 4604 364 4658 tis.
396 4603 522 4659 Hac
557 4605 732 4673 itaque
758 4606 933 4658 omnia
957 4607 1032 4660 sic
1067 4605 1294 4660 sollicite
1334 4604 1402 4660 ac
1427 4615 1705 4659 mansuete
1733 4616 1845 4660 stn-

264 4695 344 4748 dii
377 4695 449 4748 tui
498 4697 566 4749 sit
607 4697 899 4762 custodire,
953 4707 1217 4766 quatenus
1250 4712 1352 4751 nec
1384 4706 1436 4751 tu
1479 4697 1847 4765 promissionis

266 4796 378 4840 tua)
411 4786 639 4841 videaris
682 4789 960 4841 immemor
1002 4789 1289 4851 exstitisse,
1339 4803 1436 4842 nec
1462 4787 1538 4842 illi
1569 4797 1750 4841 contra
1798 4798 1846 4839 te

261 4878 466 4950 justam
515 4879 848 4934 occasionem
901 4881 1140 4935 invenire
1183 4881 1395 4934 valeant
1446 4879 1838 4933 murmurandi.

353 5033 372 5058 ε
398 5019 451 5071 ln
473 5017 727 5085 V’ulgatis,
757 5019 921 5083 gratia
958 5017 1182 5085 assidua.

344 5089 517 5141 Εριδτ.
570 5087 725 5141 XLIV
767 5085 870 5155 [AL
923 5084 1033 5154 51].
1067 5117 1134 5125 ——
1162 5096 1182 5120 ³
1211 5087 1263 5140 In
1312 5102 1417 5141 uno
1460 5103 1522 5140 ex
1574 5086 1838 5152 Colliert.,

274 5160 565 5222 Mariniatto
599 5158 851 5210 Ravenna:
887 5159 1142 5225 episcopo.

344 5229 369 5266 δ
399 5228 622 5297 angati,
655 5228 1029 5288 postulatur'....
1047 5228 1271 5297 ﬁrmari.

347 5310 368 5336 ε
388 5300 461 5351 lta
476 5296 874 5351 restituimuscx
896 5298 1022 5350 MSS.
1045 5296 1233 5362 νίψω,
1254 5298 1829 5362 Rc;.,(}nll).ln(1nrlr

267 5382 448 5424 tamen
481 5367 980 5436 legiturkquartar...
1010 5368 1295 5433 proﬁciant.
1324 5369 1373 5419 In
1402 5370 1509 5430 ed.,
1532 5370 1668 5420 cieri.
1688 5385 1831 5419 orum

267 5453 475 5492 tuorum
497 5434 671 5490 usibus
688 5434 794 5488 Deo
822 5437 1154 5504 largiente...
1190 5440 1472 5504 proﬁciant.

341 5508 368 5546 ἀ
398 5508 448 5561 ld
497 5516 597 5571 est,
650 5507 1070 5573 dispenSaturem
1122 5517 1318 5572 quarta:
1363 5511 1522 5574 partis
1570 5511 1830 5562 redituum

267 5580 527 5636 [Coele-size
577 5587 731 5646 atque
770 5578 1117 5630 oblationnm.
1159 5577 1251 5630 llic
1299 5579 1504 5632 clericis
1560 5582 1835 5646 portiones

268 5648 618 5704 tlistribuebat
643 5649 791 5715 juxta
831 5647 1064 5712 ipsorum
1115 5646 1444 5700 matriculam
1494 5665 1612 5716 qum
1656 5654 1832 5702 tabu'a

263 5721 561 5778 dicebatur.
588 5719 932 5787 Augustinus,
964 5731 1122 5772 serui.
1159 5716 1302 5790 353-.
1338 5717 1574 5782 Qttisouis
1603 5722 1619 5772 ἱ
1659 5732 1838 5774 ventu;

1957 4597 2021 4650 rit
2058 4600 2263 4668 1251
2295 4605 2348 4650 et
2388 4597 2520 4649 alter
2558 4604 2643 4649 est
2674 4597 2969 4662 ordinatus,
3004 4599 3124 4666 quia
3171 4597 3332 4651 levior
3372 4600 3524 4669 culpa

1956 4690 2180 4751 videtur,
2230 4703 2350 4741 cum
2383 4703 2486 4743 non
2527 4688 2677 4756 quasi
2721 4688 2805 4741 isti
2850 4688 3147 4756 superstiti,
3183 4689 3274 4741 sed
3318 4704 3525 4744 succes-

1956 4780 2089 4834 sisse
2119 4778 2371 4832 defuncto
2400 4778 2665 4842 videatur,
2696 4778 3034 4846 episcopatus
3078 4779 3150 4833 illi
3189 4779 3425 4834 officium
3457 4782 3525 4835 ab

1952 4879 2040 4932 illa
2072 4876 2311 4932 Ecclesia
2337 4873 2707 4928 tantummodo
2732 4873 3086 4930 interdicatur
3114 4883 3171 4928 ut
3215 4875 3265 4928 in
3293 4877 3391 4929 alia
3425 4875 3529 4931 Ec-

1956 5016 2105 5083 fuerit
2126 5014 2316 5066 habens
2348 5013 2629 5080 praprinm,
2653 5029 2754 5065 non
2786 5013 2865 5064 illi
2888 5014 3119 5080 permitto
3140 5022 3191 5065 ut
3213 5012 3339 5083 inde
3369 5013 3527 5080 fariut

1950 5082 2325 5144 testamentum,
2354 5085 2441 5134 sed
2469 5083 2642 5135 delebo
2671 5100 2781 5136 eum
2813 5088 2875 5134 de
2903 5085 3071 5136 tabula
3099 5082 3419 5137 clericorum.

2023 5168 2044 5193 ε
2077 5155 2571 5222 Meudose-vnlgati,
2606 5169 2913 5222 prmpnrarc.

2023 5226 2185 5279 fllrec
2218 5226 2370 5277 titiflis
2404 5226 2452 5276 in
2481 5225 2700 5276 (.‘oilteb
2725 5240 2765 5275 IS
2797 5224 3038 5290 legimus,
3085 5232 3436 5290 prteterquam
3469 5226 3518 5277 iu

1944 5298 2149 5349 duobus
2172 5296 2427 5352 Colliert.,
2457 5294 2540 5346 ubi
2565 5295 2850 5346 obscurum
2879 5304 2960 5346 est
2991 5303 3164 5346 utrum
3197 5294 3259 5345 ad
3289 5308 3522 5361 prtesen-

1948 5377 2050 5419 tem
2083 5366 2384 5432 epistolam,
2414 5381 2478 5415 an
2509 5366 2572 5414 ad
2602 5375 2911 5431 sequentem
2951 5364 3270 5430 pertineant.

2016 5436 2189 5490 EPIST.
2222 5435 2353 5486 XLV
2391 5434 2494 5504 [Αἰ.
2540 5433 2648 5504 52].
2675 5464 2741 5471 —-
2767 5446 2788 5468 υ
2815 5433 2936 5487 ilice
2981 5433 3202 5500 epismla
3249 5432 3523 5488 invenitur

1943 5507 1993 5559 in
2018 5507 2263 5559 omnibus
2289 5503 2484 5566 Valte,
2517 5503 2720 5566 Nortn.,
2748 5505 2974 5569 Anglic,
3007 5505 3268 5565 tioibert.,
3295 5504 3522 5566 'l’cller.,

1942 5577 2165 5638 Turon.,
2203 5576 2512 5638 Rhentens.,
2546 5575 2702 5627 Corb.
2740 5578 2794 5625 In
2827 5577 3058 5641 quinque
3087 5573 3253 5626 Vatic.
3283 5573 3476 5638 legitur
3506 5590 3518 5625 :

1943 5647 2226 5712 capitulare
2263 5645 2397 5713 quod
2436 5645 2797 5698 observandum
2836 5655 2910 5697 est
2943 5663 2970 5696 η
3011 5642 3213 5696 Jomme
3260 5645 3524 5714 defensore

1943 5728 2090 5773 eunte
2117 5719 2169 5771 in
2202 5715 2249 5769 ll
2259 5717 2527 5784 ispaniam.
