3956 6318
506 268 645 321 1295

1703 260 1939 316 SANCTI
1980 258 2301 315 GREGORII
2338 259 2547 314 MAGNl

3624 271 3642 322 Ι
3657 269 3766 320 Ξςιθ

500 381 667 434 clpsia
718 391 834 447 qum
884 374 1162 428 saicnjme
1201 374 1497 438 “cavam,
1549 372 1592 425 εί
1641 373 1843 428 electus
1888 372 2073 436 fuerit,
2104 372 2147 427 Α
2180 367 2397 434 professi
2448 369 2679 439 fuerint,
2713 378 2920 438 tempus
2965 372 3044 427 eis
3092 374 3507 431 abhreviandnm
3555 396 3662 443 est,
3700 396 3760 436 et

507 474 676 543 possit
702 485 823 525 esse
870 465 1308 537 episcopusﬂtad
1357 466 1722 520 Malacitanam
1767 474 1942 520 tamen
1974 463 2075 517 Ec-

506 565 722 618 clesiam
756 575 1018 628 nunquam
1054 559 1229 627 aliquo
1254 556 1411 612 modo
1437 569 1772 610 reversurus.
1800 554 2078 609 Gloriosus

508 663 686 707 autem
714 649 1026 705 Comitiolus
1064 647 1317 717 quidquid
1351 647 1637 716 praedictus
1675 647 1955 715 episcopus
1986 660 2078 713 per

509 743 813 796 violentiam
841 748 1000 808 atque
1030 738 1419 792 insecutionem
1452 737 1617 805 ipsius
1637 736 1963 805 expendisse
1996 736 2076 787 ντὶ

508 834 761 887 ilainuum
804 829 1083 900 pertulisse
1121 828 1246 882 dato
1274 837 1610 882 sacramento
1640 826 1949 893 ﬁrmaverit,
2000 826 2079 879 ei-

508 923 632 975 dem
661 922 911 991 cpiscOpo
937 918 1221 972 restituere
1244 916 1648 971 condemnetur.
1679 914 1737 969 Si
1776 923 1952 969 autem
1982 914 2078 966 ali—

513 1024 591 1067 ter
621 1027 779 1082 quam
822 1010 1042 1065 antelati
1084 1007 1321 1077 episc0pi
1377 1008 1566 1076 petitio
1609 1007 1850 1061 continet
1901 1014 2075 1060 actum

519 1120 639 1159 esse
669 1104 889 1157 forsitan
920 1099 1248 1170 perhibetur,
1276 1098 1543 1153 subtiliter
1578 1096 1925 1168 quaerendum
1971 1106 2077 1159 est,

512 1208 566 1251 ct
593 1196 818 1251 veritate
862 1194 1093 1261 cognita,
1124 1208 1243 1247 cum
1292 1192 1387 1246 Dei
1438 1193 1629 1245 timore
1670 1190 1810 1261 quod
1854 1189 2076 1259 jusmia:

514 1288 646 1341 ordo
666 1284 893 1341 suaserit
908 1284 1272 1354 judicandum.

582 1376 715 1443 Quia
754 1391 883 1445 ergo
923 1374 1223 1444 Stephanus
1251 1373 1534 1443 episcopus
1576 1374 1627 1427 in
1655 1372 1777 1427 odio
1806 1385 1904 1425 suo
1934 1384 2076 1439 qure-

511 1472 632 1523 dain
668 1469 806 1529 ﬁcta,
836 1476 891 1521 et
916 1467 983 1520 de
1014 1465 1159 1519 falsis
1186 1481 1244 1519 se
1272 1465 1518 1534 capitulis
1547 1475 1875 1527 accusatum,
1906 1475 2078 1529 neque

512 1557 708 1626 aliquid
752 1554 1119 1609 ordinabiliter
1147 1554 1362 1619 factum,
1391 1552 1501 1606 'sed
1543 1552 1735 1619 injuste
1782 1568 1840 1605 se
1886 1552 2081 1604 asserit

511 1648 940 1707 condemnatum,
981 1644 1263 1713 diligenter
1297 1642 1639 1710 quaerendum
1684 1650 1764 1694 est
1812 1641 1981 1710 primo
2029 1639 2074 1692 si

2181 457 2368 511 medus
2423 460 2747 525 paenitentia:
2791 462 3187 529 temperandus.
3251 465 3305 519 Si
3356 468 3513 535 igitur
3565 471 3610 523 is
3662 474 3758 539 qui

2183 549 2420 616 praadicti
2449 549 2707 619 Stephani
2740 553 2948 623 1252
2981 552 3154 607 locum
3189 557 3379 609 invasit
3400 556 3631 614 fortasse
3659 562 3758 617 de-

2184 637 2396 689 functus
2425 650 2528 704 est,
2575 650 2735 707 atque
2765 643 2901 696 alius
2941 647 2992 696 in
3033 644 3268 700 Ecclesia
3309 648 3425 715 ejus
3469 652 3760 721 episcopus

2177 726 2453 782 ordinatus
2481 738 2584 793 est,
2618 729 2744 783 illud
2787 731 2854 785 de
2898 747 2962 785 eo
2993 736 3332 790 statuendum
3377 749 3460 793 est
3492 743 3634 808 quod
3663 760 3760 797 su-

2180 816 2357 882 perius
2381 819 2446 871 de
2469 832 2625 872 causa
2660 818 2838 875 fratris
2864 830 2919 875 et
2959 824 3263 894 coepisc0pi
3312 831 3480 883 nostri
3517 832 3759 890 Januarii

2177 906 2426 962 diximus.
2460 908 2610 976 Quod
2639 912 2685 965 si
2714 912 2850 967 forte
2878 914 3053 984 aliqua
3082 915 3150 969 de
3173 917 3396 986 objectis
3427 931 3615 976 contra
3644 940 3759 979 meo

2180 1015 2442 1056 moratum
2471 1006 2797 1073 Stephanum
2818 1008 3126 1077 episcopum
3158 1011 3378 1079 probata
3410 1025 3554 1079 sunt,
3579 1016 3756 1086 aliqua

2178 1108 2307 1148 vero
2334 1094 2516 1150 doceri
2544 1098 2764 1154 minime
2790 1110 3093 1168 potuerunt,
3123 1112 3276 1155 cauta
3323 1104 3544 1159 omnino
3574 1112 3760 1163 consi-

2179 1188 2455 1245 deratione
2486 1194 2817 1260 pensandum
2849 1205 2930 1249 est
2957 1206 3131 1249 utrum
3163 1198 3361 1251 leviora
3403 1203 3661 1269 capitula,
3692 1221 3759 1259 an

2178 1287 2324 1334 certe
2348 1284 2591 1351 graviora
2628 1285 2844 1352 probata
2872 1287 2998 1348 sint,
3031 1295 3087 1340 ut
3112 1302 3173 1340 ex
3200 1290 3279 1341 eis
3308 1292 3541 1357 qualiter
3567 1294 3762 1346 delini-

2180 1373 2376 1425 tionem
2404 1382 2545 1427 tuam
2573 1374 2595 1411 ἀ
2624 1375 2852 1430 formare
2872 1376 3069 1431 debeas
3092 1380 3263 1444 possis
3287 1380 3447 1433 scire.
3478 1381 3763 1439 Gloriosus

2179 1476 2309 1515 vero
2329 1462 2668 1531 Comitiolus,
2700 1468 2743 1520 si
2774 1470 3166 1535 suprascriptus
3195 1470 3479 1536 episc0pus
3504 1472 3763 1529 innocens

2180 1568 2301 1608 esse
2341 1555 2609 1619 claruerit,
2643 1557 2893 1626 quidquid
2923 1558 2992 1613 de
3022 1560 3181 1613 rebus
3210 1560 3347 1627 ejus,
3380 1564 3464 1614 vel
3498 1563 3759 1620 Ecclesia:

2184 1643 2350 1711 ipsius
2392 1645 2532 1711 tulit,
2564 1646 2613 1700 ei
2645 1648 2760 1701 sine
2785 1648 2959 1716 aliqua
2990 1649 3234 1704 resrituat
3263 1650 3540 1710 dilatione.
3576 1656 3681 1711 Sed
3710 1669 3762 1713 et

510 1736 768 1807 judicium
793 1734 1159 1788 ordinabiliter
1188 1742 1268 1786 est
1300 1733 1561 1798 habitum,
1600 1742 1691 1784 aut
1719 1733 1763 1785 si
1805 1732 1891 1784 alii
1923 1745 2050 1783 accu
2113 1734 2157 1789 B
2186 1750 2407 1803 quaeque
2434 1750 2493 1789 se
2528 1735 2581 1790 in
2614 1739 3034 1804 persecutionem
3064 1755 3127 1797 ac
3167 1741 3472 1798 violentiam
3504 1746 3625 1814 ejus
3665 1764 3760 1802 ει.

510 1839 735 1893 sutores,
766 1826 855 1880 alii
896 1834 1057 1878 testes
1089 1823 1317 1878 fuerunt.
1366 1823 1563 1877 Deinde
1592 1836 1870 1875 causarum
1909 1820 2076 1889 quali-

512 1930 592 1971 tas
620 1928 701 1972 est
729 1915 1123 1979 examinanda;
1150 1912 1195 1967 si
1224 1914 1379 1986 digna
1408 1913 1593 1968 exsilio
1624 1913 1705 1967 vel
1750 1911 2080 1980 depositione

508 2008 627 2063 fuit.
678 2008 782 2061 Aut
828 2008 874 2061 si
924 2022 989 2060 eo
1032 2016 1295 2075 prazsente
1328 2006 1473 2059 csub
1518 2004 1861 2073 jurejurando
1895 2013 2078 2057 contra

512 2114 633 2153 eum
659 2096 1020 2152 testimonium
1047 2095 1245 2150 dictum
1274 2107 1377 2157 est,
1407 2111 1499 2150 seu
1540 2096 1752 2163 scriptis
1780 2104 1952 2148 actum
1974 2103 2075 2159 est,

514 2193 593 2245 vel
616 2190 728 2257 ipse
754 2187 1023 2241 licentiam
1070 2186 1423 2254 respondendi
1451 2193 1505 2240 et
1528 2184 1846 2240 defendendi
1886 2201 1945 2239 se
1987 2186 2080 2238 ha-

512 2282 649 2335 buit.
694 2280 799 2334 Sed
830 2288 885 2335 et
912 2278 979 2333 de
1022 2280 1262 2346 personis
1298 2278 1658 2333 accusantium
1701 2292 1763 2331 ac
1794 2280 2082 2331 testiﬁcan-

510 2371 641 2425 tium
686 2371 1335 2438 subtiliter_qu;erendum
1386 2377 1490 2433 est,
1537 2369 1691 2437 cujus
1737 2369 2077 2433 COlldiliOlliS,

512 2462 770 2532 cujusque
796 2460 1077 2530 opinionis,
1122 2470 1211 2513 aut
1240 2476 1307 2514 ne
1354 2460 1537 2529 inopes
1561 2464 1691 2525 sint,
1734 2469 1825 2513 aut
1855 2475 1920 2513 ne
1951 2462 2081 2513 lorte

513 2555 718 2621 aliquas
746 2563 931 2608 contra
969 2554 1273 2621 praedictum
1304 2554 1609 2621 episc0pum
1646 2552 1950 2606 inimicitias
1983 2554 2074 2605 lia-

513 2645 775 2709 buissent,
807 2655 857 2700 et
886 2656 1061 2700 utrum
1109 2646 1467 2700 testimonium
1504 2660 1569 2698 ex
1602 2646 1784 2698 auditu
1834 2646 2083 2699 dixerunt

511 2746 604 2791 aut
625 2748 771 2791 certe
798 2751 856 2791 se
882 2737 1019 2792 scire
1044 2737 1343 2807 specialiter
1382 2736 1557 2790 testati
1585 2746 1725 2799 sunt,
1760 2738 1843 2791 vel
1875 2740 1917 2789 si
1947 2739 2081 2790 seri-

513 2828 616 2894 ptis
650 2826 940 2896 judicatum
981 2837 1084 2891 est,
1115 2837 1168 2881 et
1206 2826 1442 2894 partibus
1473 2826 1825 2893 prmsentibus
1867 2836 2082 2879 senten-

514 2919 585 2969 tia
618 2918 835 2971 recitata
877 2928 976 2971 est.
1010 2916 1160 2986 Quod
1210 2918 1252 2969 si
1295 2914 1431 2969 forte
1478 2915 1591 2969 haec
1628 2916 1936 2971 solemniter
1965 2930 2079 2972 acta

516 3021 621 3060 non
660 3015 807 3071 sunt,
837 3022 933 3060 nec
963 3020 1121 3059 causa
1154 3008 1371 3075 probata
1402 3016 1484 3061 est
1505 3022 1622 3076 quae
1650 3008 1839 3062 exsilio
1869 3009 1951 3062 vel
1979 3010 2084 3063 de-

512 3096 775 3165 positione
800 3097 955 3166 digna
986 3097 1076 3161 sit,
1108 3098 1159 3152 in
1193 3098 1481 3153 Ecclesiam
1527 3113 1674 3153 suam
1708 3100 1879 3155 modis
1908 3103 2080 3154 omni-
2106 3105 2156 3169 ο

509 3193 610 3249 bus
640 3204 940 3252 revocetur.
984 3194 1043 3247 Hi
1071 3209 1195 3249 vero
1226 3196 1313 3261 qui
1342 3209 1470 3249 eum'
1501 3204 1684 3249 contra
1712 3194 1804 3249 Dei
1836 3196 2077 3251 timorem

509 3296 563 3341 ct
610 3301 874 3342 canonum
921 3294 1117 3340 statuta
1154 3287 1660 3351 condemnaverunt,
1703 3291 2080 3341 excommuni-

509 3377 616 3431 cali
645 3376 698 3432 in
732 3377 1111 3431 monasterium
1146 3375 1210 3430 ad
1233 3377 1490 3445 agendam
1513 3378 1880 3447 paenitentiam
1903 3377 1955 3431 in
1978 3392 2075 3431 sex

509 3467 784 3523 mensibus
809 3476 931 3522 sunt
969 3469 1234 3533 mittendi,
1279 3469 1348 3522 ita
1380 3484 1509 3523 sane
1536 3477 1593 3522 ut
1634 3468 1678 3523 si
1704 3470 1948 3539 cuiquam
1978 3486 2081 3524 eo-

511 3572 627 3610 rum
658 3561 850 3612 mortis
877 3558 1161 3629 contigerit
1184 3556 1462 3613 imminere
1484 3558 1794 3626 discrimen,
1824 3560 2002 3615 viatici
2030 3564 2080 3615 ei

508 3650 810 3706 benedictio
858 3667 962 3705 non
1006 3660 1248 3720 negetur.
1298 3651 1414 3719 Ipse
1442 3664 1620 3705 autem
1656 3652 1741 3721 qui
1774 3667 1838 3706 eo
1869 3654 2079 3707 vivente

508 3741 683 3795 locum
713 3740 831 3809 ejus
863 3743 1144 3796 temerarie
1172 3742 1393 3795 ambivit
1426 3746 1657 3809 privatus
1685 3743 1982 3797 sacerdotio
2012 3744 2077 3797 ab

508 3829 653 3883 omni
674 3829 974 3884 ministerio
995 3831 1357 3885 ecclesiastico
1386 3833 1691 3900 repellatur,
1723 3844 1880 3901 atque
1904 3835 2075 3888 eidem

512 3920 867 3975 dilectissimo
897 3918 1047 3973 fratri
1080 3930 1132 3972 et
1161 3920 1479 3988 coepiscopo
1522 3931 1705 3974 nostro
1738 3924 1991 3985 tradatur,
2026 3934 2079 3977 ut

508 4024 631 4064 eum
661 4018 753 4063 aut
781 4010 894 4077 ipse
916 4010 980 4063 ad
1012 4024 1110 4063 nos
1142 4010 1480 4076 transmittat,
1510 4023 1599 4064 aut
1627 4013 1765 4081 apud
1808 4015 1868 4067 Se
1900 4016 1948 4068 in
1977 4032 2081 4068 cu-

508 4104 682 4159 stodia
715 4103 925 4158 habeat.
960 4102 1211 4172 Episcopi
1245 4119 1373 4158 vero
1402 4106 1487 4174 qui
1519 4120 1639 4159 eum
1668 4107 1916 4162 ordinare
1948 4125 2081 4175 pra:-

509 4206 873 4269 sumpscrunt,
901 4198 979 4252 vel
1000 4213 1261 4266 perversze
1286 4199 1449 4266 ipsius
1469 4200 1787 4254 ordinationi
1808 4204 2079 4269 praebuere

507 4303 851 4352 consensum,
886 4289 1071 4356 iidem,
1096 4305 1469 4344 commumone
1498 4292 1709 4360 privati,
1758 4307 1849 4347 sex
1882 4296 2081 4348 mensi—

509 4382 609 4437 bus
638 4380 704 4435 ad
755 4381 1016 4450 agendam
1068 4381 1431 4449 paenitentiam
1473 4382 1525 4435 in
1558 4386 1879 4439 monasterio
1908 4386 2078 4454 depu-

2182 1826 2430 1892 pendisse
2472 1826 2553 1881 vel
2585 1827 2834 1882 damnum
2868 1830 3004 1884 idem
3035 1831 3320 1901 episcOpus
3361 1838 3647 1902 pertulisse
3671 1839 3760 1906 ju-

2184 1915 2401 1981 raverit,
2428 1915 2567 1970 idem
2598 1929 2919 1973 memoratus
2938 1921 3204 1989 gloriosus
3229 1921 3543 1980 Comitiolus
3572 1911 3762 1983 reddat

2181 2018 2243 2058 ac
2286 2005 2595 2060 satisfaciat.
2645 2008 2701 2061 Si
2748 2019 2923 2063 autem
2974 2010 3129 2065 talem
3175 2014 3380 2082 culpam
3434 2016 3757 2072 antedictuou

2181 2096 2490 2164 episcopum
2533 2098 2867 2153 commisisse
2909 2103 3209 2156 constiterit
3232 2103 3426 2173 (Grat.,
3478 2106 3561 2173 16,
3609 2125 3662 2176 q.
3696 2110 3757 2176 ¹6,

2182 2201 2229 2238 c.
2259 2185 2333 2255 5),
2370 2188 2509 2255 quod
2539 2188 2702 2253 absit,
2750 2199 2807 2243 ut
2845 2200 3052 2245 constet
3080 2206 3203 2246 eum
3244 2210 3349 2249 non
3382 2196 3761 2254 irrationabili-

2187 2290 2266 2334 ter
2295 2280 2459 2335 t'uisse
2508 2281 2831 2351 depositum,
2873 2285 3057 2339 eadem
3105 2286 3223 2355 ejus
3265 2288 3530 2357 depositio
3560 2294 3755 2347 conﬁr-

2183 2382 2378 2435 metur,
2408 2381 2462 2425 et
2490 2371 2743 2427 Ecclesiae
2768 2388 2852 2428 res
2880 2388 2992 2429 suae
3019 2390 3204 2431 omnes
3245 2382 3613 2445 restituantur,
3642 2400 3756 2451 quae

2182 2462 2373 2516 ablatae
2394 2464 2700 2529 claruerint,
2727 2465 2847 2534 quia
2879 2466 3130 2521 delictum
3159 2483 3401 2538 persona:
3428 2474 3479 2525 in
3505 2475 3756 2529 damnuin

2187 2553 2445 2608 Ecclesiae
2475 2570 2579 2609 non
2602 2565 2685 2610 est
2714 2559 3151 2613 convertendum.
3182 2561 3239 2615 Si
3270 2563 3433 2627 enim,
3461 2573 3517 2618 ut
3551 2566 3755 2630 dicunt,

2184 2643 2501 2698 Comitiolus
2542 2646 2825 2700 defunctus
2863 2656 2965 2714 est,
2997 2649 3065 2703 ab
3108 2650 3324 2705 literede
3360 2652 3479 2720 ejus
3523 2672 3641 2721 qua:
3693 2658 3759 2710 ab

2186 2733 2279 2786 illo
2310 2744 2333 2769 ε
2358 2735 2553 2802 injuste
2582 2736 2756 2790 ablata
2784 2749 2908 2791 sunt
2928 2738 3045 2793 sine
3074 2742 3417 2797 excusatione
3446 2746 3759 2800 reddantur.

2185 2824 2363 2894 (Joan.
2394 2826 2568 2892 Diac.,
2596 2827 2685 2880 lib.
2718 2844 2790 2893 tv,
2822 2845 2868 2882 c.
2903 2828 3018 2899 28.)

2293 2946 2317 2972 υ
2347 2937 2784 2994 CAPITULARE
2822 2939 2864 2995 ιι
2903 2938 3127 2997 LEGUM
3170 2943 3643 3003 IMPERIALIUJI.

2186 3062 2285 3102 Ριιο
2324 3064 2653 3103 ιιιιιυκιτλτε
2679 3064 3035 3118 ειειιιαοιιυῐιι,
3059 3068 3237 3107 ιοΑειιηι
3279 3071 3569 3109 DEFENSORI
3602 3072 3758 3111 ECNTI

2821 3136 3120 3177 HlSl‘AMAI.

2187 3207 2322 3273 Quid
2342 3208 2393 3261 in
2421 3211 2829 3287 supradictorum
2853 3217 3017 3287 causis
3037 3213 3102 3267 sit
3127 3216 3378 3283 agendum
3402 3219 3604 3272 uberius
3625 3238 3754 3287 pra:-

2420 3282 2615 3345 scn’lnt,
2655 3286 2878 3334 collectts
2910 3282 3275 3351 imperatorum
3302 3290 3516 3356 legibus.

2254 3370 2329 3425 De
2361 3386 2584 3440 persona
2608 3376 2898 3443 presbyteri
2922 3375 3021 3429 hoc
3040 3380 3415 3432 attendendum
3444 3392 3527 3434 e~t
3556 3381 3754 3451 (Grat..

2184 3462 2271 3528 il,
2303 3480 2355 3531 q.
2393 3464 2442 3529 l,
2474 3479 2520 3516 c.
2550 3463 2663 3533 58),
2709 3480 2832 3531 qua
2878 3466 2920 3518 si
2953 3481 3109 3534 quam
3141 3482 3356 3523 causam
3404 3472 3607 3538 habuit,
3651 3490 3758 3528 non

2182 3557 2250 3609 ab
2293 3557 2396 3610 alio
2453 3558 2644 3623 teneri,
2691 3558 2785 3610 Sed
2838 3559 3118 3629 episcopus
3168 3564 3333 3629 ipsius
3381 3567 3513 3619 adiri
3556 3569 3761 3632 debuit,

2182 3648 2209 3686 δ
2232 3651 2369 3704 sicut
2401 3653 2515 3705 haec
2559 3652 2897 3706 Novellarum
2930 3656 3242 3710 constitutio
3288 3661 3617 3727 manifestat,
3644 3678 3763 3731 qua:

2184 3740 2415 3808 loquitur
2436 3742 2504 3795 de
2536 3742 2891 3796 sanctissimis
2920 3751 2975 3797 et
3016 3744 3131 3798 Deo
3153 3748 3471 3803 amabilibus
3501 3765 3563 3804 ac
3597 3767 3763 3807 reve-

2185 3831 2515 3886 rendissimis
2543 3833 2828 3901 episcopis,
2862 3833 3073 3887 clericis
3124 3847 3177 3890 et
3208 3839 3505 3894 monachis.

2255 3934 2278 3961 ο
2309 3923 2459 3977 Petro
2505 3923 2872 3994 gloriosissimo
2912 3927 3154 3995 prwfecto
3182 3930 3421 3995 prelorio
3442 3947 3463 3982 :
3488 3930 3512 3965 ά
3540 3930 3602 3985 Si
3649 3933 3764 3997 quis

2181 4024 2360 4065 contra
2395 4012 2617 4082 aliquem
2646 4013 2911 4080 clericum,
2956 4026 3046 4068 aut
3091 4021 3417 4082 monachum,
3452 4031 3544 4072 aut
3590 4022 3760 4073 diaco-

2184 4105 2395 4169 nissam,
2421 4114 2509 4157 aut
2540 4104 2893 4169 monastriam,
2919 4115 3009 4157 aut
3051 4108 3318 4159 ascetriam
3354 4107 3507 4161 liabet
3536 4112 3763 4179 aliquam

2181 4204 2463 4263 actionem,
2506 4198 2652 4252 adeat
2706 4198 2846 4266 prius
2888 4201 3261 4253 sanctissimum
3310 4202 3627 4269 episcopum,
3682 4221 3761 4256 cat

2182 4295 2366 4347 horum
2402 4295 2747 4363 unusquisque
2776 4294 3055 4363 subjaceat.
3091 4292 3192 4349 Ille
3230 4311 3351 4348 vero
3394 4312 3605 4349 causam
3635 4299 3759 4351 inter

2181 4404 2263 4442 eos
2286 4388 2550 4458 dijudicet.
2582 4385 2646 4440 Et
2671 4386 2715 4439 si
2743 4387 2944 4455 quidem
2984 4397 3193 4455 utraque
3236 4403 3357 4456 pars
3384 4389 3462 4442 Itis
3495 4391 3760 4459 quirjudi.

508 4481 704 4527 tentur.
753 4471 807 4526 Si
848 4479 1025 4526 autem
1057 4471 1289 4540 episcOpi
1322 4472 1373 4525 itt
1425 4472 1786 4540 pracjudicium
1818 4475 2070 4529 condem-
2109 4477 2155 4535 D
2181 4488 2294 4531 cata
2317 4487 2434 4531 sunt
2457 4486 2481 4514 ο
2504 4476 2829 4544 acquiererit,
2863 4477 3100 4546 jubemus
3143 4493 3230 4542 per
3268 4478 3368 4531 loci
3392 4480 3625 4551 judicem
3657 4480 3760 4532 lia-c

508 4564 739 4617 nationis
760 4564 841 4619 vel
872 4564 1218 4634 depositionis
1257 4566 1537 4619 memorati
1565 4567 1819 4636 Stephani
1850 4584 1906 4622 se
1932 4580 2074 4622 metu

503 4655 700 4722 judicis
725 4654 1081 4723 consensisse,
1111 4670 1172 4709 ac
1193 4654 1316 4710 talia
1349 4670 1406 4710 se
1430 4655 1622 4713 fecisse
1645 4673 1748 4713 non
1771 4672 1861 4711 sua
1886 4672 2075 4728 sponte

571 4788 817 4868 PMalaca
838 4789 1091 4868 ,___incolis
1124 4788 1354 4868 Mal/iga,
1394 4790 1580 4868 Gallis
1611 4801 1786 4847 autem
1834 4793 2062 4868 Malgue,

500 4861 633 4935 urbs
672 4862 819 4935 olim_
847 4861 1111 4935 Hispania:
1162 4862 1381 4935 battle-az
1412 4863 1693 4935 maritima,
1736 4880 1873 4935 nunc
1918 4861 2063 4935 regni

502 4932 853 5005 Granatepsis
887 4931 950 5005 ad
990 4933 1123 4983 ostia
1146 4932 1297 5005 lim-ii
1333 4932 1509 5005 Btetis,
1556 4934 1711 5005 vulgo
1743 4931 2065 5005 Quadalqiti-

502 5003 680 5074 ttirejo.
723 5002 1030 5074 Emporium
1078 5003 1305 5074 celebre,
1353 5002 1532 5074 sedem
1566 5001 1765 5055 hab-ns
1794 5001 2071 5074 episcopa-

504 5070 610 5125 leui
656 5073 754 5127 sub
800 5072 1200 5138 archiepiscopo
1244 5073 1367 5122 olim
1402 5070 1716 5135 Histialensi,
1765 5070 1904 5128 nunc
1946 5070 2071 5129 vero

501 5145 599 5193 sub
654 5141 993 5204 Granatensi,
1047 5152 1102 5193 ut
1161 5140 1318 5193 habet
1372 5140 1699 5196 Provinciale
1754 5142 2069 5202 Romanum.

499 5212 761 5265 Gussanv.

575 5291 596 5315 ε
626 5282 866 5347 Ιιιιεριιι.,
895 5300 951 5335 eo
980 5291 1221 5346 praesente
1259 5281 1346 5348 qui
1389 5291 1650 5333 accusatus
1693 5292 1784 5348 es',
1821 5294 1874 5337 cl
1918 5286 2072 5349 infra,

499 5351 645 5418 cujus
671 5352 800 5413 vitae,
831 5357 977 5417 cujus
1005 5354 1329 5403 «auditionis.

576 5422 597 5455 ι¹
625 5422 825 5483 Nurum,
859 5426 1065 5490 firmare
1090 5427 1290 5472 debeas.

578 5491 854 5561 ξιλοιιιειι.
890 5509 951 5545 ac
982 5491 1148 5543 Vatic.
1185 5494 1302 5561 A_et
1336 5492 1395 5556 ις,
1421 5491 1607 5561 injuste
1635 5492 1763 5544 (ulla
1794 5501 1929 5545 sunt.

571 5557 912 5616 Cunnum:
947 5563 980 5613 Il
1015 5561 1119 5630 [ΑΙ.
1152 5558 1388 5627 56].-υ
1418 5557 1757 5615 llesideratur
1782 5562 1832 5614 in
1862 5564 2072 5629 Norm.,

500 5627 731 5707 ﬁnglic"
982 5627 1166 5681 lii—astat
1216 5647 1265 5681 ιιι
1306 5631 1539 5707 quinque
1590 5631 1784 5707 Vatim,
1816 5627 2071 5707 in_trilms

502 5694 757 5764 Col'bcrt.,
793 5705 841 5754 in
873 5700 1097 5763 'l'uron.,
1126 5715 1172 5749 ιιι
1204 5712 1424 5766 utroque
1450 5694 1743 5767 Rhem.,et
1768 5694 1823 5758 in
1860 5704 2065 5759 duobus

2181 4567 2491 4622 exsecutioni
2524 4572 2740 4637 perfecte
2784 4568 3040 4632 mandari,
3073 4578 3178 4621 etc.
3206 4566 3282 4622 Ne
3315 4583 3441 4621 vero
3479 4568 3760 4636 objiciatur

2182 4660 2302 4728 quia
2350 4656 2418 4712 de
2456 4658 2652 4713 clerico
2704 4658 2807 4712 hoc
2860 4659 3115 4727 loquitur,
3165 4673 3268 4711 non
3321 4659 3389 4711 de
3425 4662 3755 4729 presliyzero,

2170 4796 2388 4858 Tellen,
2416 4793 2501 4847 ubi
2532 4793 2609 4846 sic
2630 4789 2818 4859 incipit
2842 4807 2854 4842 :
2876 4789 3071 4861 Joanni
3096 4791 3349 4860 defensori
3369 4793 3511 4844 eunti
3534 4792 3585 4843 in
3621 4793 3757 4861 Spa-

2179 4870 2316 4920 niam
2340 4863 2629 4930 exemplum
2653 4862 2797 4930 legis.
2833 4861 2887 4914 Ιιι
2926 4860 3096 4915 Vatic.
3132 4869 3167 4913 Α
3207 4864 3498 4930 ρι’ωῐὶεἱιυι·
3530 4863 3711 4916 titulus
3740 4883 3751 4914 :

2175 4934 2472 5000 Capitulare
2521 4937 2709 5002 legum,
2735 4941 2890 5002 _etc.,
2943 4942 2993 4983 ιιι
3039 4931 3090 4983 in
3142 4931 3382 4983 Excusis.
3428 4932 3483 4984 In
3527 4936 3757 5000 quinque

2183 5009 2353 5060 Vatic.
2397 5000 2591 5057 Rheni.
2627 5011 2681 5055 et
2723 5000 2899 5068 Culb.,
2943 5010 3144 5053 tantum
3188 5002 3537 5069 praemittitur
3564 5002 3751 5057 Exem-

2181 5080 2317 5146 plum
2348 5075 2492 5141 legis.
2525 5073 2599 5123 De
2619 5086 2856 5146 persona.

2257 5147 2279 5184 ι)
2306 5138 2593 5199 lta'omnes
2620 5138 2749 5195 Mss.
2786 5140 2838 5193 ln
2874 5138 3122 5206 Excusis,
3161 5142 3292 5193 sicut
3330 5141 3531 5194 novella
3566 5144 3751 5195 consti-

2179 5229 2523 5339 Mzo'hlxcusi,
2572 5278 3059 5334 contradicentibus
3106 5279 3353 5333 omnibus
3405 5295 3543 5349 pene
3588 5280 3752 5344 Μες..

2181 5355 2465 5421 Imperator
2494 5351 2817 5421 Justinianus
2839 5350 3119 5419 Augustus,
3156 5350 3326 5404 Petro.

2247 5418 2274 5462 δ
2302 5425 2353 5477 Ιιι
2381 5423 2607 5484 Turon.,
2654 5418 2808 5472 Petro
2845 5420 3209 5487 gloriosissimo
3256 5420 3556 5487 prazposiw.
3593 5422 3755 5475 Addio

2178 5506 2264 5548 tur
2374 5490 2579 5544 duobus
2606 5489 2799 5553 Vatic.,
2832 5490 3021 5541 lihem.
3048 5504 3101 5543 et
3130 5491 3303 5555 Colb.,
3336 5490 3505 5556 pridie
3530 5490 3751 5544 Kalend.

2183 5568 2503 5687 Angei‘t‘iose
2526 5631 2735 5697 irrepsit
2766 5627 3015 5696 particula
3048 5645 3147 5680 non
3180 5630 3228 5680 in
3264 5638 3467 5683 recent.
3499 5629 3667 5683 Abest
3692 5630 3754 5681 ab

2178 5705 2422 5759 omnibus
2456 5701 2602 5767 Mss.,
2629 5715 2724 5755 nec
2754 5701 2851 5768 legi
2889 5711 3060 5767 potest
3083 5703 3215 5753 citra
3247 5712 3437 5751 sensus
3468 5700 3748 5769 jacturam.
