3956 6304
172 368 304 422 1297

807 361 1282 420 EPISTOLMIUM
1322 361 1448 416 LIB.
1491 358 1628 414 XIII.
1668 385 1735 398 ——
1773 357 1775 366 ¹

1887 353 2015 408 ICT.
2059 351 2144 408 Vl.
2186 380 2254 392 —
2292 349 2506 405 EPIST.
2552 349 2706 404 XLV.

3306 347 3478 404 I198'

170 479 448 538 sciendum
496 486 579 534 est
621 477 743 547 quia
793 478 846 533 in
886 476 1072 532 eadem
1120 476 1523 540 constitutione,
1558 472 1576 512 ι
1618 473 1678 527 L.
1713 488 1748 526 ι.

1889 466 2041 531 acati,
2073 465 2284 535 singulis
2307 464 2472 517 causis
2501 473 2653 530 atque
2681 462 2910 529 personis
2939 471 3285 531 pra'sentanea
3313 477 3441 514 con--

170 592 246 641 c.,
283 572 475 642 legitur
504 569 860 640 appellatione
909 568 1225 624 clericorum
1278 567 1439 621 etiam
1484 563 1760 634 presbyte-

171 682 266 722 ros
309 674 364 719 ct
415 664 671 716 diaconos
711 662 996 715 contineri.
1034 662 1204 714 Verba
1251 667 1432 714 autem
1479 659 1610 726 legis
1657 655 1759 710 ista

171 767 300 812 sunt
327 774 338 808 :
369 755 702 822 Presbyteres
733 763 922 818 autem,
956 761 1002 806 et
1030 753 1296 815 diaconos,
1320 759 1368 803 et
1396 750 1759 812 subdiaconos,

173 861 432 912 cantores,
455 859 502 900 et
531 848 767 911 lectores:
795 861 922 914 quos
966 858 1138 896 omnes
1174 842 1384 895 clericos
1413 838 1756 909 appellamus,

173 954 221 996 et
252 943 464 1010 reliqua.
502 939 714 1012 (Novel.
747 932 870 1003 I23,
904 937 931 1005 §
960 935 1020 990 Si
1041 937 1156 1005 quis
1195 945 1398 1000 contra,
1429 932 1570 1001 apud
1591 930 1762 985 Julia-

176 1051 324 1098 num,
342 1049 456 1102 cap.
481 1032 550 1086 52
577 1049 589 1096 ;
619 1030 732 1083 Lib.
759 1046 774 1084 ι
803 1046 850 1082 c.
875 1026 1096 1081 Authen.
1121 1027 1183 1079 de
1203 1024 1437 1079 sanctiss.
1464 1022 1761 1092 episcopis.)

251 1125 330 1180 De
362 1137 588 1192 persona
631 1122 868 1175 Januarii
907 1119 1147 1188 epiSCOpi
1177 1115 1455 1171 sciendum
1481 1122 1564 1170 est
1590 1113 1766 1182 gravi-

180 1225 263 1271 ter
291 1215 508 1269 omnino
545 1223 599 1268 et
624 1223 810 1267 contra
841 1211 986 1280 leges
1032 1224 1154 1265 esse
1189 1217 1367 1264 actum
1397 1215 1457 1262 ut
1495 1205 1760 1262 violenter

186 1309 396 1380 1253
422 1308 488 1361 de
509 1306 746 1361 Ecclesia
769 1305 1095 1368 traheretur,
1117 1305 1243 1359 dum
1268 1302 1480 1373 quando
1504 1301 1549 1355 si
1572 1314 1763 1369 quam-

181 1402 315 1454 libet
341 1400 499 1453 aliam
531 1398 777 1466 injuriam
827 1412 856 1450 a
903 1410 1222 1466 quocunque
1259 1393 1549 1462 episcopus
1577 1403 1766 1460 passus

182 1490 352 1546 fuerit
403 1491 454 1543 in
511 1488 776 1554 Ecclesia,
819 1487 1161 1557 injuriantem
1211 1486 1294 1540 lex
1343 1483 1555 1553 capitali
1611 1497 1764 1550 pinna

180 1581 471 1651 percutiat,
496 1590 550 1636 et
570 1582 707 1635 sicut
729 1578 1022 1649 majestatis
1050 1592 1198 1632 reum
1224 1577 1472 1632 omnibus
1498 1575 1588 1629 det
1609 1587 1768 1627 accuo

181 1662 340 1728 sandi
371 1675 518 1727 illum
561 1673 854 1736 licentiam,
887 1681 947 1726 ut
989 1670 1147 1740 hujus
1176 1671 1308 1740 legis
1338 1670 1508 1723 series
1536 1667 1769 1736 loquitur

186 1765 402 1820 Codicis
433 1763 568 1818 libro
595 1765 784 1833 primo,
822 1773 847 1810 κ
875 1763 1029 1818 titulo
1069 1771 1243 1827 sexto,
1275 1759 1654 1816 constitutione
1675 1757 1768 1814 de-

1860 561 2036 613 stituta
2068 566 2385 626 prwstamus,
2416 555 2582 607 nullos
2605 553 2804 623 penitus
2826 556 3170 624 cujuscunque
3196 553 3452 606 conditio-

1863 650 1940 702 nis
1969 651 2030 701 de
2067 647 2403 700 sacrosanctis
2446 642 2689 696 Ecclesiis
2733 643 3031 695 orthodoxa:
3060 643 3182 711 fidei
3226 642 3459 712 expelli,

1875 749 1950 793 tut
1980 739 2135 802 trahi,
2165 739 2240 792 vel
2269 738 2504 808 protrahi
2533 739 2801 804 confugas.
2848 734 2912 787 Et
2943 743 3060 803 post
3090 749 3253 802 pauca
3289 751 3301 786 :
3347 733 3452 800 Qui

1860 831 1956 883 hoc
1987 833 2176 896 moliri,
2223 840 2312 883 aut
2359 830 2554 898 facere,
2604 835 2690 880 aut
2732 825 2873 878 nuda
2919 826 3224 895 cogitatione
3274 827 3456 880 saltem

1863 928 2012 992 atque
2039 930 2255 973 tractatu
2282 923 2393 972 ausi
2433 919 2622 987 fuerint
2650 926 2879 980 tentare,
2921 916 3130 984 capituli
3177 925 3223 969 et
3275 917 3455 970 ultima

1863 1011 2104 1081 supplicii
2146 1010 2584 1063 animadvetsione
2631 1007 2883 1074 plectendi
2926 1016 3065 1060 sunt.
3112 1005 3195 1060 Ea:
3229 1007 3307 1061 his
3335 1022 3454 1078 ergo

1865 1102 2010 1166 locis,
2043 1117 2313 1170 eorumque
2339 1100 2525 1168 ﬁnibus
2547 1140 2562 1166 ,
2594 1115 2720 1168 quos
2765 1098 3081 1150 anteriorum
3124 1097 3287 1167 legum
3317 1111 3454 1166 prat-

1864 1195 2051 1262 scripta
2081 1202 2390 1256 sanxerunt,
2439 1192 2605 1244 nullos
2648 1189 2763 1259 ejici
2803 1199 2892 1242 aut
2944 1189 3129 1256 expelli
3169 1179 3472 1256 aliquando.

1866 1285 2109 1354 patimur,
2157 1298 2246 1336 nec
2287 1283 2339 1334 in
2378 1282 2501 1351 ipsis
2531 1279 2774 1333 Ecclesiis
2821 1281 3107 1334 reverendis
3155 1281 3226 1332 ita
3273 1295 3454 1348 quem-

1867 1391 2017 1445 quam
2049 1374 2262 1427 detineri
2291 1381 2439 1436 atque
2460 1371 2759 1440 constringi,
2789 1380 2844 1423 ut
2873 1371 2917 1423 ei
2938 1371 3134 1438 aliquid
3154 1381 3238 1423 aut
3264 1372 3457 1422 victuq-

1869 1468 1993 1520 lium
2026 1480 2215 1524 rerum,
2247 1473 2337 1516 aut
2367 1464 2515 1516 vestis
2542 1473 2770 1531 negetur,
2802 1473 2889 1515 cut
2916 1462 3133 1532 requies,
3164 1473 3268 1516 etc.
3324 1461 3474 1516 Data.

1869 1558 2034 1626 pridie
2062 1555 2285 1610 Kalend.
2317 1553 2497 1608 Martii
2528 1552 2990 1623 ConstantinOpoli,
3030 1553 3196 1608 Leone
3228 1555 3462 1624 Augusto

1872 1648 2072 1700 tertium
2098 1645 2322 1699 consule.
2357 1643 2458 1714 (De
2488 1643 2566 1697 Itis
2607 1646 2693 1713 qui
2735 1645 2802 1697 ad
2846 1644 3128 1699 Ecclesium
3155 1646 3363 1717 confng.
3394 1643 3456 1699 ϐ.

1870 1739 1961 1794 lib.
1986 1753 2025 1804 ι,
2055 1737 2113 1791 ll.
2148 1736 2321 1791 Fideli
2347 1747 2391 1790 et
2425 1734 2726 1806 I’ra'senti.)

179 1856 321 1911 cima
355 1852 421 1909 εδ
446 1826 786 1924 Imperatores
827 1853 1078 1907 Arcadius
1115 1861 1162 1906 et
1204 1826 1470 1907 Honorius
1520 1852 1758 1922 Augusti,
1797 1843 1840 1903 Β
1949 1829 2022 1884 De
2066 1842 2296 1924 Ρθτδοηεξ
2337 1826 2879 1924 δεεριιδιξί-εῇίεςορῖ
2930 1827 3039 1924 “of
3075 1826 3460 1924 θιιεηάίξηάυξη

186 1947 458 2000 Theodoro
491 1950 732 2016 prafecto
755 1955 962 2015 pra-tor.
993 1944 1053 2000 Si
1079 1945 1192 2016 quis
1211 1945 1265 1998 in
1301 1945 1395 1997 hoc.
1417 1960 1577 2015 genus
1604 1943 1767 1998 sacri-

183 2037 309 2108 legit
346 2037 656 2108 proruperit,
691 2047 766 2099 ut,
814 2037 868 2090 in
909 2034 1168 2090 Ecclesias
1217 2035 1496 2090 catholicas
1544 2035 1767 2097 irruens,

181 2129 537 2184 sacerdotibus
584 2138 629 2182 et
660 2128 929 2193 ministris,
980 2129 1056 2182 vel
1105 2127 1205 2198 ipsi
1234 2128 1395 2181 cultui
1436 2127 1644 2196 locoque
1673 2125 1770 2178 ali-

181 2219 315 2290 quid
341 2221 575 2290 importet
605 2219 834 2289 injuriis,
864 2221 1002 2288 quod
1029 2220 1224 2288 geritur
1250 2235 1283 2271 α
1312 2218 1584 2286 provincia:
1606 2225 1770 2270 recto-

185 2310 332 2365 ribus
365 2309 821 2374 animadvertatur,
850 2318 999 2377 atque
1038 2310 1109 2362 ita
1137 2310 1416 2380 provincia:
1459 2309 1768 2374 moderator,

182 2403 509 2454 sacerdotum
539 2409 588 2454 et
618 2401 918 2454 clericorum
966 2410 1010 2453 tt
1035 2402 1301 2455 catholica:
1343 2400 1588 2455 Ecclesia:
1616 2401 1770 2453 mini-

184 2504 436 2558 strorunt,
485 2494 581 2546 loci
608 2509 805 2562 quoque
836 2493 998 2564 ipsius
1027 2504 1074 2547 et
1113 2494 1272 2547 divini
1321 2493 1487 2546 cultus
1527 2494 1774 2563 iujuriam

185 2585 402 2653 capitali
432 2585 483 2637 in
508 2586 758 2638 convictos
786 2600 874 2638 seu
909 2587 1170 2655 confessos
1201 2601 1316 2639 reos
1346 2585 1595 2638 sententia
1621 2599 1772 2637 nove-

186 2678 257 2728 rit
289 2675 671 2729 vindicandum.
695 2675 760 2729 Et
786 2686 906 2743 post
933 2690 1096 2745 pauca
1124 2694 1136 2728 :
1165 2675 1343 2745 Sitque
1371 2675 1565 2728 cunctis
1591 2674 1777 2728 lauda-

189 2767 294 2820 bile
324 2769 486 2836 factas
522 2776 720 2820 atroces
753 2768 1100 2821 sacerdotibus
1148 2778 1236 2820 aut
1267 2767 1514 2820 ministris
1553 2767 1776 2837 injurias

189 2859 349 2911 veluti
391 2859 652 2928 publicum
682 2858 868 2912 crimen
909 2858 1132 2928 insequi,
1171 2865 1322 2927 atque
1362 2858 1426 2910 de
1451 2858 1634 2911 talibus
1663 2858 1766 2910 reis

197 2951 366 3001 ultion
397 2965 446 2999 nt
478 2949 678 3012 mereri,
704 2957 811 3003 etc.
852 2946 1042 3001 Datum
1069 2962 1139 3001 vtt
1167 2947 1432 3001 Kalendas
1463 2945 1616 3010 Maii,
1655 2946 1777 3000 Me-

189 3039 413 3105 diolani,
443 3037 674 3092 IInnorio
703 3040 932 3108 Augusto
951 3049 1130 3109 quater
1162 3048 1207 3091 et
1241 3036 1566 3107 Eutychiano
1592 3052 1778 3090 consu-

190 3128 346 3181 libus.
377 3126 457 3194 (C.
493 3129 555 3182 de
585 3127 758 3198 Episc.
787 3137 833 3182 et
865 3127 1024 3192 Cler.,
1080 3127 1117 3180 l.
1169 3126 1231 3181 Si
1277 3127 1433 3195 quis.,
1475 3135 1520 3180 et
1555 3140 1603 3179 c.
1646 3122 1776 3182 Cod.

194 3217 547 3281 Tlteod.,.lib.
583 3235 690 3282 xvt,
719 3220 799 3274 tit.
831 3218 886 3284 2,
919 3233 1034 3288 cap.
1063 3216 1178 3287 51.)

273 3310 417 3364 Libri
447 3310 793 3378 suprascripti
833 3309 847 3347 ί
897 3310 978 3364 tit.
1025 3308 1127 3375 I5,
1173 3316 1346 3362 const.
1386 3308 1458 3362 ἓξ
1491 3307 1782 3377 Imperator

191 3401 463 3456 Honorius
491 3412 536 3454 et
566 3400 878 3455 Theodosius
907 3399 1156 3471 Augusti,
1185 3397 1339 3451 Jonio
1369 3400 1606 3466 prefecto
1648 3412 1783 3468 pra-

192 3502 302 3548 tor.
358 3477 530 3544 Fideli
577 3507 638 3544 ac
682 3491 860 3543 devota
909 3490 1245 3561 praceptione
1290 3489 1550 3542 sauciatus
1600 3485 1784 3540 nemini

191 3584 355 3638 licere
375 3583 440 3636 ad
466 3592 817 3636 sacrosanctus
850 3578 1103 3634 Ecclesias
1131 3579 1478 3648 confugientes
1510 3576 1535 3616 ¹ι
1566 3577 1785 3630 abduce-

192 3689 280 3740 re,
310 3674 404 3726 sub
431 3673 524 3726 hac
546 3673 776 3726 videlicet
805 3671 1118 3739 deﬁnitione,
1150 3680 1206 3724 ut
1245 3672 1289 3724 si
1311 3670 1579 3737 quisquam
1608 3678 1785 3724 contra

193 3765 337 3816 hanc
357 3763 514 3832 legem
540 3762 706 3815 venire
728 3765 1007 3824 tentaverit,
1032 3761 1160 3814 sciat
1197 3775 1251 3814 se
1279 3758 1570 3829 Majestatis
1616 3759 1787 3811 crimi-

193 3871 262 3908 ne
293 3869 398 3907 esse
426 3854 761 3906 retinendum.
796 3851 933 3905 Data
965 3850 1215 3904 Kalendis
1255 3850 1450 3921 Aprilis
1480 3890 1494 3913 ,
1550 3848 1786 3904 Honorio

194 3943 388 4010 septies
417 3951 463 3994 et
494 3940 776 3994 Theodosio
800 3941 945 3994 tertio
975 3940 1286 3994 consulibus.
1324 3940 1453 3994 Item
1484 3938 1521 3993 l.
1546 3937 1786 4008 ejusdem

197 4035 316 4098 tit.,
350 4032 365 4068 ι
400 4033 616 4087 consul.
667 4031 719 4086 5.
766 4032 1055 4100 Imperator
1080 4040 1119 4068 ω
1148 4031 1249 4085 Leo
1291 4032 1570 4101 Augustus,
1617 4029 1787 4100 Euty-

197 4125 394 4176 chiano
423 4125 661 4194 praefecto
689 4133 894 4192 prtetor.
922 4123 1169 4177 Prwsenti
1208 4125 1316 4195 lege
1358 4125 1670 4179 decernimus
1699 4139 1788 4192 per

199 4216 383 4266 omnia
407 4215 519 4268 loca
549 4217 786 4280 valitura,
816 4225 1026 4281 excepta
1050 4214 1145 4268 hac
1171 4219 1292 4269 urbe
1319 4218 1477 4287 reg'a,
1511 4217 1678 4282 inqua
1695 4230 1786 4268 nos

198 4306 469 4358 divinitate
509 4309 732 4374 ρνμρὶιία
769 4307 1026 4376 degentes,
1055 4309 1246 4376 quoties
1288 4323 1408 4360 usus
1453 4308 1671 4378 exegerit
1701 4307 1784 4359 in-

1873 1931 1974 1988 est,
1999 1923 2121 1991 quia
2155 1935 2254 1977 nec
2283 1919 2480 1975 invitus
2503 1920 2573 1974 ad
2606 1920 2864 1989 judicium
2907 1920 3065 1986 trahi,
3106 1936 3207 1976 nec
3245 1920 3312 1975 ab
3338 1919 3456 1988 epi-

1871 2014 2048 2084 sc0pis
2073 2015 2230 2069 alieni
2259 2014 2466 2069 concilii
2493 2013 2675 2069 debuit
2719 2013 2979 2084 judicziri,
3031 2015 3167 2070 sicut
3208 2014 3457 2084 praedicta

1877 2106 2218 2162 Novellarum
2267 2105 2578 2160 constitutio
2628 2107 2884 2173 continet,
2939 2121 3056 2176 quae
3105 2105 3171 2160 de
3197 2104 3468 2175 episcopis,

1874 2197 2128 2267 loquitur.
2160 2196 2247 2250 Ait
2276 2197 2460 2250 enim:
2498 2196 2604 2252 Sed
2650 2213 2809 2267 neque
2854 2213 2945 2266 pro
2993 2197 3332 2265 qualicunque
3371 2211 3461 2264 pc-

1873 2288 2108 2341 cuniaria
2141 2289 2217 2340 vel
2248 2287 2507 2340 criminati
2553 2304 2710 2340 causa
2756 2289 2824 2340 ad
2855 2287 3080 2357 judicent
3125 2286 3322 2340 civilem
3363 2286 3466 2340 sive

1874 2379 2146 2432 militarem
2175 2377 2386 2430 invitum
2438 2379 2728 2448 episcopum
2780 2379 3059 2449 producere
3109 2379 3186 2432 vel
3235 2379 3469 2431 exhibere

1874 2475 2000 2526 citra
2024 2471 2342 2540 imperialem
2370 2471 2656 2541 jussionem
2700 2472 3073 2542 permittimus;
3123 2468 3334 2541 1254,
3379 2471 3467 2523 sed

1867 2563 2096 2633 judicem
2124 2563 2210 2632 qui
2239 2559 2340 2616 tale
2366 2562 2561 2632 aliquid
2588 2562 2689 2615 sive
2735 2577 2798 2614 ea:
2835 2564 3024 2629 scripto
3046 2602 3060 2628 ,
3107 2564 3211 2614 sive
3256 2577 3319 2614 ex
3363 2577 3466 2614 non

1875 2657 2084 2726 scripto,
2109 2655 2488 2725 praesumpserit
2510 2664 2537 2690 η
2561 2657 2830 2726 imperare,
2856 2664 2966 2724 post
3001 2655 3194 2725 cinguli
3224 2655 3469 2724 privatio-

1877 2764 2014 2814 nem,
2048 2763 2115 2801 xx
2146 2747 2389 2801 librarum
2434 2748 2550 2801 auri
2586 2765 2786 2817 pcenam
2825 2748 3079 2802 exsolvere
3102 2749 3336 2819 jutemus
3367 2746 3472 2801 Ec-

1877 2841 2045 2894 clesia:
2073 2841 2222 2911 cujus
2243 2841 2510 2910 episcOpus
2531 2841 2743 2911 produci
2772 2851 2860 2893 aut
2901 2840 3124 2893 exhiberi
3156 2841 3334 2910 jussus
3364 2849 3468 2905 est;

1878 2942 2226 2986 exsecutorem
2250 2932 2482 2985 similiter
2511 2940 2619 3000 post
2645 2931 2836 3001 cinguli
2865 2931 3196 2999 privationem
3229 2939 3275 2983 et
3301 2931 3472 2985 verbe-

1882 3023 2022 3075 ribus
2070 3022 2409 3088 subdendum,
2459 3031 2505 3074 et
2551 3021 2604 3074 in
2653 3022 2889 3074 exsiliunt
2917 3021 3308 3088 deportandum.
3340 3020 3468 3076 Item

1885 3122 2005 3184 post
2030 3113 2189 3167 multa
2219 3131 2231 3165 :
2263 3113 2324 3169 Si
2345 3121 2514 3166 autem
2536 3123 2585 3168 et
2608 3130 2640 3167 a
2668 3115 2850 3168 clerico
2879 3124 2965 3168 aut
2995 3115 3126 3168 laico
3173 3132 3472 3187 quocunque

1806 3214 1856 3277 ο
1884 3205 2046 3258 aditio
2073 3214 2249 3257 contra
2276 3205 2568 3274 episcopum
2595 3205 2715 3272 ﬁat,
2766 3214 2973 3275 prapter
3018 3209 3292 3277 quamlibet
3346 3225 3481 3264 cauo—

1885 3315 2017 3362 sam,
2045 3299 2186 3364 apud
2216 3298 2589 3351 sanctissimum
2616 3301 2724 3367 ejus
2753 3299 3125 3371 metropolitam
3143 3341 3156 3366 ,
3191 3302 3470 3356 secundum

1885 3401 2090 3445 sanctas
2117 3393 2317 3462 regulas
2341 3399 2388 3444 et
2419 3399 2618 3444 nostras
2647 3393 2779 3461 leges
2826 3409 2982 3447 causa
3016 3394 3296 3464 judicetur.
3332 3393 3397 3448 Et
3426 3396 3476 3449 si

1886 3481 2000 3549 quis
2030 3480 2281 3551 judicatis
2323 3480 2712 3547 contradixerit,
2744 3481 2811 3534 ad
2840 3483 3184 3538 beatissimum
3213 3485 3471 3556 archiepi-

1886 3587 2098 3641 scopum
2127 3581 2174 3626 et
2195 3571 2534 3641 patriarcham
2556 3573 2824 3628 dimceseos
2849 3573 2992 3629 illius
3020 3575 3269 3644 referatur
3291 3593 3480 3642 causa,

1894 3673 1986 3716 "et
2035 3662 2124 3716 ille
2170 3663 2448 3718 secundum
2474 3679 2692 3719 canones
2737 3673 2784 3720 et
2829 3666 2962 3737 leges
3001 3665 3119 3720 huic
3150 3669 3368 3736 praebeat
3407 3667 3474 3736 [i-

1892 3772 2024 3810 ﬂlﬂL

1964 3847 2160 3904 Contra
2184 3848 2298 3904 haec
2341 3849 2389 3906 si
2435 3849 2634 3906 dictum
2679 3849 2856 3915 fuerit,
2889 3851 3012 3921 quia
3044 3865 3141 3907 nec
3167 3852 3475 3922 metropoli-

1892 3947 2002 3993 tam
2049 3938 2233 3994 habuit
2279 3954 2379 3995 nec
2430 3940 2806 4011 patriarcham,
2838 3941 3121 3997 dicendum
3163 3952 3245 3998 est
3289 3945 3412 4014 quia
3443 3959 3481 3998 ει

1893 4032 2022 4086 sede
2045 4030 2358 4100 apostolica,
2383 4045 2502 4101 qua:
2531 4031 2764 4086 omnium
2797 4032 3152 4088 Ecclesiarum
3180 4043 3338 4104 caput
3367 4042 3475 4104 est,

1891 4136 2051 4176 causa
2097 4120 2212 4176 lucc
2259 4121 2522 4176 audienda
2555 4135 2618 4176 ac
2669 4122 2966 4176 dirimenda
3019 4123 3214 4188 fuerat,
3258 4126 3397 4178 sicut
3421 4131 3480 4179 et

1893 4211 2179 4280 prmdictus
2206 4211 2487 4281 episcopus
2518 4212 2734 4282 petiisse
2759 4214 3105 4284 dignoscitur,
3143 4214 3233 4283 qui
3262 4217 3476 4285 episco-

1892 4319 1988 4375 pos
2028 4304 2186 4358 alieni
2232 4304 2442 4359 concilii
2499 4305 2677 4360 habuit
2723 4309 2940 4362 omnino
2988 4318 3283 4378 suspectos.
3338 4308 3474 4375 Qu'a

199 4447 365 4518 (terte
395 4445 448 4498 in
491 4445 605 4515 ipso
635 4445 776 4501 fonte
825 4445 990 4502 habes
1015 4461 1128 4515 qua:
1146 4446 1384 4518 judicata
1431 4456 1549 4499 sunt
1576 4448 1780 4516 acquie-
1815 4451 1862 4508 Ι)
1890 4444 2419 4518 utiliter_admone_bo
2444 4446 2492 4500 id
2517 4445 2857 4518 ﬁeriratione
2883 4446 3112 4508 volente,
3152 4447 3472 4518 auctoritate

202 4517 357 4569 rcrit.

288 4585 306 4622 τ
341 4589 393 4637 In
444 4585 674 4652 quinque
721 4587 914 4648 Vatic.,
943 4585 996 4639 in
1036 4587 1210 4640 eadem
1250 4586 1608 4639 constitutione
1635 4587 1784 4652 quin-

203 4657 508 4726 quagesimo
539 4657 702 4723 primo
731 4658 953 4725 capitulo
983 4657 1183 4726 legitur.
1215 4657 1304 4712 Sic
1331 4656 1584 4725 esplicari
1617 4665 1790 4725 potest

203 4724 574 4796 quodiliabent
600 4724 838 4796 plerique
858 4727 1007 4790 Mss.,
1033 4724 1098 4781 L.
1136 4743 1172 4781 I.
1206 4742 1255 4780 c.

283 4805 310 4842 8
347 4795 472 4868 Duo,
508 4794 795 4851 Rbemens.
840 4807 892 4851 et
919 4799 1150 4868 quinque
1204 4795 1393 4861 Vatic.,
1436 4794 1585 4850 titulo
1639 4795 1790 4850 tertio

203 4865 572 4919 Constitutione
600 4868 886 4922 undecima.

285 4933 315 4971 ιι
346 4933 580 4990 Colbert.
612 4952 674 4990 ac
699 4937 910 4998 Rhem.,
943 4936 1348 5006 Imperatoribus
1373 4938 1596 4992 Arcadio
1621 4948 1666 4993 et
1689 4937 1792 4992 Ilo-

207 5009 383 5078 norio_
387 5006 517 5074 Aug.
549 5006 1154 5078 Theodoropresbgtero.

295 5074 307 5146 ξ
349 5072 556 5146 Benitg.
585 5086 637 5130 et
662 5087 768 5131 tres
800 5072 1098 5144 vatic.,'tit.
1134 5077 1230 5146 l2;
1257 5078 1432 5146 Colb.,
1465 5080 1543 5133 tit.
1578 5080 1663 5135 II.

284 5141 312 5181 ιι
347 5141 596 5200 blendose
621 5148 673 5200 in
703 5149 822 5213 Εὐ..
846 5141 1122 5203 adducere.

287 5214 306 5251 ι
343 5214 546 5283 Retnig.
580 5231 700 5270 cum
725 5227 949 5286 quatuor
979 5219 1166 5284 Vatic.,
1196 5223 1401 5275 constit.
1433 5220 1486 5273 6.

285 5293 326 5320 ιιι
358 5286 593 5366 Quatuor
622 5287 812 5357 Vatic.,
849 5287 1138 5358 Imperante
1166 5290 1331 5344 Leone
1354 5291 1570 5362 August.
1601 5289 1792 5343 Eritrio

366 5366 508 5407 -:SIIO.

207 5372 508 5427 prirp-.-suo.

289 5426 410 5504 {In
441 5427 676 5504 'l‘uron.,
729 5426 962 5504 Colbert.
1016 5441 1075 5504 et
1114 5429 1280 5504 tribus
1332 5429 1525 5493 \'atic.,
1582 5429 1796 5504 omissis

208 5495 423 5569 multis,
444 5498 718 5569 imperare,
748 5508 857 5565 post
885 5502 1076 5569 cinguli
1101 5501 1428 5568 privationem
1447 5511 1494 5552 et
1513 5499 1794 5553 verberibus

206 5565 562 5622 subdendum.
592 5568 786 5621 Eadem
816 5565 1288 5636 pratermittuntur
1311 5571 1360 5623 in
1393 5569 1559 5626 Vatic.
1587 5570 1647 5621 Ι).

294 5644 319 5671 °
352 5636 420 5692 Ut
457 5651 520 5689 ex
571 5641 920 5704 quorumdam
962 5640 1152 5693 animis
1196 5639 1502 5704 scrupulum
1549 5639 1794 5701 evellam,

298 5706 453 5760 icum
501 5707 644 5760 leues
686 5709 980 5760 principum
1022 5709 1358 5760 adducuntur
1405 5709 1456 5760 in
1499 5708 1794 5760 subsidium

207 5721 453 5773 quicum

209 5791 509 5843 talionum,

584 5723 644 5762 es
686 5709 980 5777 principum
1022 5709 1358 5765 adducuntur
1405 5709 1456 5762 in
1499 5708 1795 5764 subsidium

600 5793 663 5834 oc
713 5779 1036 5848 probationis
1083 5796 1248 5850 genus
1305 5781 1502 5836 habent
1556 5777 1792 5846 fastidio,

1890 4520 2044 4569 duce.
2079 4515 2233 4568 Ratio
2255 4531 2318 4569 ex
2341 4515 2464 4584 jure
2488 4515 2782 4583 principum
2813 4518 2988 4580 detur,
3013 4526 3170 4583 atque
3198 4531 3262 4570 ex
3294 4517 3470 4585 legum

1890 4586 2123 4639 civilium
2173 4586 2438 4652 aequitate.
2484 4587 2603 4638 Illas
2659 4587 2872 4655 appello
2922 4601 3040 4653 qum
3090 4587 3178 4654 jus
3233 4589 3486 4642 naturale-

1893 4655 2422 4726 eruunt,illu5trant,
2451 4657 2725 4719 muniunt,
2767 4656 2908 4726 quod
2949 4655 3474 4726 jurisconsnltisnsu

1892 4725 2056 4779 venit.
2087 4725 2390 4780 Canonistze
2420 4726 2655 4794 plerique
2683 4725 2838 4780 aliain
2865 4726 3051 4780 ineunt
3075 4727 3236 4791 viam,
3268 4735 3321 4780 et
3344 4725 3484 4779 dum.

1894 4793 2052 4848 nimis
2090 4793 2435 4864 scrupulose,
2487 4805 2543 4849 ut
2588 4797 2766 4850 omnia
2809 4796 3105 4851 concedant
3149 4797 3478 4858 auctoritati,

1894 4865 2175 4920 verborum
2202 4865 2288 4921 vel
2320 4866 2701 4921 minutissimos
2731 4875 3002 4922 sectantur
3026 4867 3201 4936 apices
3225 4908 3239 4930 ,
3267 4866 3354 4936 jus
3385 4866 3475 4934 ip-

1895 4950 2011 4988 sum
2039 4945 2244 4990 natura:
2266 4946 2357 4990 aut
2384 4946 2639 4991 enervant
2661 4947 2753 4992 aut
2781 4939 3069 4992 obscurant
3100 4937 3258 4992 nimis
3300 4937 3480 4991 servi-

1895 5006 2035 5060 liter.
2066 5006 2232 5078 Porro
2245 5007 2396 5078 leges
2419 5008 2712 5078 principum
2737 5009 2848 5077 ipsa
2876 5023 3137 5061 canonum
3164 5007 3480 5078 auctoritate

1893 5076 2277 5134 commendari.
2309 5076 2393 5132 vel
2420 5076 2803 5132 caecis‘notum
2844 5089 2944 5132 est.
2977 5079 3167 5133 Lucius
3196 5077 3292 5141 III,
3324 5077 3473 5130 Eutr.

1896 5147 1988 5199 lib.
2013 5162 2065 5219 v,
2091 5148 2174 5219 tit.
2207 5147 2296 5219 52.
2324 5161 2373 5201 c.
2408 5148 2430 5219 I
2464 5166 2476 5199 :
2511 5148 2720 5202 Statuta
2749 5165 3022 5213 canonum,
3062 5151 3156 5210 ait,
3187 5148 3478 5219 principum

1894 5217 2336 5288 constitutionibus
2361 5218 2691 5288 adjuvantur.
2729 5220 3063 5273 Innocentius
3095 5219 3158 5273 Ill
3182 5217 3198 5280 ζ
3231 5217 3361 5272 inib.
3380 5260 3405 5286 ,
3423 5233 3474 5273 c.

1892 5287 1946 5349 ~2,
1979 5297 2240 5342 memorat
2262 5290 2600 5343 traditionem
2631 5289 2858 5344 civilem.
2890 5288 3138 5343 Nicolaus
3170 5289 3212 5354 l,
3232 5289 3356 5342 dist.
3384 5288 3477 5353 10,

1893 5371 1942 5408 c.
1971 5355 2021 5423 ι,
2053 5357 2258 5421 legibus
2301 5359 2680 5427 imperatorum
2717 5360 2768 5413 in
2807 5358 3186 5413 controversiis
3225 5358 3480 5414 eccle-ia-

1895 5427 2041 5480 sticis
2071 5429 2350 5496 utendum,
2375 5429 2534 5483 modo
2557 5445 2660 5483 non
2687 5429 2901 5484 obvient
2933 5431 3204 5484 canonica:
3238 5429 3486 5483 sanctio-

1897 5502 1970 5571 ni.
2003 5497 2210 5552 Citatur
2240 5497 2456 5571 ibidem,
2487 5513 2537 5554 c.
2589 5501 2761 5571 7,4ex
2802 5511 2987 5571 sancto
3031 5499 3347 5571 augustino,
3375 5498 3484 5571 sed

1896 5567 2072 5619 alieno
2109 5583 2292 5622 sensu.
2340 5567 2603 5631 Gelasius,
2645 5569 2772 5624 dist.
2813 5569 2900 5632 54,
2945 5584 2995 5624 c.
3028 5569 3094 5636 9,
3120 5567 3216 5634 ⁷10,
3250 5571 3338 5633 II,
3371 5567 3437 5622 I3
3461 5607 3475 5630 υ

1898 5637 2296 5720 xultcustodiri
2324 5639 2495 5720 legum
2542 5642 2826 5720 tramitem.
2877 5641 3028 5720 Mitto
3066 5649 3260 5720 caetera
3306 5639 3486 5720 multo

1897 5705 2208 5831 iélustriora,
2239 5725 2356 5779 qua:
2381 5705 2438 5766 in
2467 5710 2704 5768 conciliis
2722 5713 2882 5767 etiam
2915 5713 3183 5782 primariis
3211 5719 3484 5782 prostant.

1949 5791 2158 5831 USSANV.

1949 5791 2158 5831 USSANV.
