3990 6304
232 299 368 354 Ιὸῢί

883 296 1362 354 EPISTULARUM
1401 297 1530 351 LIB.
1573 296 1708 351 XIll.
1752 328 1818 337 —
1859 297 2101 353 INDICT.
2146 297 2232 353 Vl.
2269 327 2338 338 —
2378 298 2594 355 EI‘IST.
2639 300 2847 355 XLVII.

3379 306 3516 359 1502

235 413 450 483 1253
499 427 602 466 una
641 425 759 465 cum
807 410 1110 464 hominibus
1160 409 1378 481 gloriosi
1422 409 1710 476 Comitiali,
1760 412 1828 466 de
1855 418 1902 473 Α
1931 411 2213 480 debemus,
2243 427 2311 469 ne
2341 411 2764 469 dissimulatione
2796 416 2935 470 vires
2981 416 3109 471 dare
3153 420 3326 484 pravis
3378 425 3518 475 act;-

230 508 476 562 Ecclesia
509 506 666 560 fuerit
697 505 955 559 violenter
995 506 1312 559 abstractus.
1354 505 1454 572 Qui
1506 503 1631 558 dum
1659 502 1822 556 multa

227 610 418 654 contra
446 614 504 654 se
534 598 760 653 invicem
783 639 798 664 ,
828 599 965 653 sicut
1013 609 1157 666 εδει..
1193 607 1475 663 testantur,
1506 597 1821 666 objicerent,

229 693 295 744 ad
331 691 694 746 conclusionis
729 692 869 744 hunc
901 701 1137 756 utra-que
1168 700 1345 757 partes
1387 690 1670 758 aliquando
1717 698 1825 744 ter-

229 783 436 834 minum
470 791 850 851 pervenerunt,
885 789 1126 846 petentes
1153 795 1235 834 me
1282 780 1350 833 de
1394 781 1586 848 agnitis
1628 779 1826 834 debere

225 873 488 939 judicare.
546 869 697 926 Unde
742 869 972 923 sollicite
1004 869 1244 937 relegens
1276 884 1394 938 qua:
1441 876 1559 922 acta
1598 877 1744 932 sunt,
1773 875 1828 922 et

233 963 516 1016 veritatem
547 961 785 1029 diligenti
817 959 1226 1028 investigatione
1255 957 1567 1028 perquirens
1586 998 1600 1021 ,
1627 957 1824 1010 nullam

231 1054 283 1107 in
326 1055 596 1108 antedicto
624 1051 876 1106 Januario
903 1052 1112 1120 culpam
1161 1066 1277 1119 qua:
1307 1049 1495 1104 exsilio
1535 1050 1618 1103 vel
1663 1049 1827 1117 depo-

227 1148 424 1201 sitione
455 1147 616 1215 digna
650 1153 796 1200 esset
835 1143 1034 1213 puniri,
1075 1143 1172 1199 sed
1218 1143 1386 1211 magis
1417 1143 1566 1196 illum
1596 1142 1826 1212 ejectum

229 1234 299 1288 de
349 1234 587 1287 Ecclesia
639 1232 898 1286 violenter
949 1231 1145 1286 inveni.
1183 1231 1251 1285 Et
1295 1245 1596 1300 quanquam
1636 1231 1822 1300 hujus-

231 1325 377 1378 modi
405 1324 758 1379 temeritatem
783 1327 958 1392 legum
980 1339 1207 1378 censura
1231 1323 1626 1379 districtissime
1650 1324 1827 1389 feriat,

228 1431 330 1485 ego
383 1427 558 1469 tamen
605 1415 781 1484 legum
823 1415 1058 1484 vigorem
1099 1415 1419 1469 sacerdotali
1458 1415 1829 1469 moderatione

233 1516 564 1574 temperans,
596 1515 619 1542 ο
645 1505 836 1560 mediis
863 1509 1223 1560 sacrosanctis
1267 1504 1564 1576 Evangeliis
1588 1547 1603 1572 ,
1636 1506 1830 1574 quibus

240 1600 592 1663 praesentibus
619 1599 686 1652 ab
710 1599 863 1654 initio
895 1600 947 1653 in
981 1600 1082 1654 hoc
1125 1599 1366 1669 cognitor
1405 1598 1577 1653 resedi
1604 1598 1826 1669 judicio,

228 1709 290 1747 ea
323 1709 442 1761 qum
489 1701 676 1748 contra
723 1708 844 1748 eum
889 1701 1089 1748 statuta
1121 1702 1267 1758 sunt,
1309 1692 1437 1748 licet
1468 1692 1589 1761 jure
1615 1707 1720 1748 non
1752 1701 1828 1748 te-

1926 504 2058 568 bus,
2105 519 2239 574 quos
2287 503 2426 560 falce
2469 506 2765 574 disciplina:
2815 521 3061 564 resecare
3115 524 3212 563 nos
3245 511 3515 572 Convenit,

1928 596 2227 651 videamur.
2254 597 2386 662 Quia
2415 613 2542 666 ergo
2569 597 2810 666 pervenit
2836 598 2900 651 ad
2934 613 3031 652 nos
3072 599 3364 653 monachos
3406 615 3520 653 mo-

1931 685 2150 740 nasterii
2181 694 2207 722 λ
2240 685 2292 740 in
2324 684 2614 754 Capt-icana
2647 686 2841 751 insula,
2873 703 2990 758 qna:
3017 687 3167 756 juxta
3212 687 3516 758 Majorieatn

1930 777 2154 830 insulam
2184 787 2265 831 est
2292 776 2483 845 posita,
2510 775 2579 830 ita
2605 791 2856 846 perverse
2886 791 3063 846 agere,
3091 792 3156 831 ac
3184 779 3342 831 vitam
3362 794 3516 833 suam

1929 867 2158 922 diversis
2188 867 2514 921 facinoribus
2551 867 2889 934 submisisse,
2925 877 2980 922 ut
3010 881 3116 922 non
3160 870 3518 936 omnipotenti

1931 957 2064 1026 Deo,
2095 956 2190 1012 sed
2222 958 2443 1026 antiquo
2475 971 2532 1011 se
2573 957 2740 1024 hosti,
2794 957 2934 1027 quod
2976 972 3097 1012 cum
3143 957 3344 1026 gemitu
3390 959 3521 1010 dit-i-

1932 1063 2071 1114 mus,
2096 1048 2382 1103 ostendant
2404 1049 2577 1117 potius
2609 1049 2857 1115 militare,
2889 1049 3217 1118 experientia
3243 1059 3351 1112 tua,
3387 1063 3523 1116 pra:-

1929 1141 2066 1196 senti
2094 1141 2410 1196 auctoritate
2451 1141 2808 1208 commonita,
2856 1143 2922 1196 ad
2969 1142 3281 1211 praedictum
3335 1156 3521 1193 mona-

1930 1231 2151 1284 sterium
2183 1229 2464 1295 accedere,
2490 1241 2544 1285 et
2569 1231 2728 1284 vitam
2754 1246 3037 1300 moresque
3059 1231 3166 1285 illic
3194 1245 3521 1285 conversan-

1931 1320 2061 1373 tium
2091 1320 2270 1374 subtili
2300 1319 2508 1376 studeat
2534 1321 2941 1391 investigatione
2984 1321 3291 1391 perquirere
3315 1361 3331 1384 ,
3363 1329 3420 1375 et
3449 1323 3521 1374 ita

1930 1427 2153 1482 quaeque
2177 1415 2511 1469 resecatione
2534 1415 2688 1485 digna
2717 1414 2996 1484 repererit,
3022 1415 3158 1469 sicut
3191 1414 3399 1485 1257
3427 1427 3519 1467 ca-

1932 1509 2155 1561 nonicus
2178 1507 2310 1562 ordo
2338 1506 2366 1546 δ
2399 1508 2688 1572 desiderat,
2718 1522 2951 1577 congrua
2992 1508 3043 1560 nl
3073 1506 3193 1561 ione
3223 1507 3518 1576 corrigere,

1930 1609 2089 1669 atque
2114 1614 2206 1656 eos
2237 1617 2354 1670 qua:
2382 1601 2669 1656 observare
2709 1601 2939 1656 debeant
2964 1610 2985 1639 ο
3022 1601 3343 1663 infmmaie,
3384 1615 3516 1666 qua-

1932 1699 2086 1745 tenus
2114 1689 2503 1746 emendationis
2532 1701 2632 1746 tuae
2662 1691 2873 1755 modus,
2903 1699 2956 1745 et
2984 1690 3110 1744 istos
3156 1689 3222 1742 ad
3253 1690 3390 1742 viam
3432 1701 3517 1742 re-

229 1792 424 1851 neant,
468 1799 568 1839 nec
611 1785 833 1853 alicujus
863 1785 971 1838 sint
1016 1783 1310 1850 momenti,
1345 1781 1540 1852 injusta
1570 1790 1745 1838 tamen
1772 1791 1828 1838 et
1854 1797 1904 1860 Β
1930 1791 2033 1837 ctae
2073 1784 2500 1838 conversationis
2545 1785 2829 1849 reducere,
2875 1793 2929 1838 et
2971 1793 3021 1838 te
3067 1782 3207 1853 apud
3244 1797 3343 1838 nos
3369 1781 3515 1836 nullo

229 1873 436 1927 inﬁrma
468 1887 585 1928 esse
620 1875 924 1943 pronuntio,
957 1883 1118 1944 atque
1146 1873 1266 1929 illos
1297 1882 1352 1929 et
1387 1873 1507 1928 illos
1552 1888 1817 1929 memora-

231 1972 314 2016 tos
344 1963 802 2032 CpiSCODOS,’qui,
837 1965 1128 2033 postposita
1179 1964 1605 2019 consideratione
1640 1977 1818 2019 sacer—

229 2055 419 2121 dotali,
472 2057 526 2110 in
573 2056 752 2112 fratris
796 2059 877 2111 sui
911 2056 1278 2127 praejudicium
1308 2065 1466 2126 atque
1489 2056 1816 2111 condemna-

230 2149 426 2201 tionem
456 2147 654 2216 injuste
683 2159 734 2203 et
764 2158 950 2202 contra
991 2146 1084 2202 Dei
1133 2148 1377 2201 timorem
1428 2146 1623 2201 versati
1671 2154 1814 2216 sunt,

225 2237 615 2303 condemnans,
652 2239 705 2293 in
731 2239 1053 2294 monasterio
1093 2238 1430 2307 recipiendos
1459 2237 1526 2290 ad
1557 2238 1816 2307 agendam

226 2325 278 2378 in
314 2335 521 2394 tempus
547 2327 910 2395 ptenitentiam
956 2336 1133 2381 statuo
1164 2336 1322 2396 atque
1360 2326 1612 2382 decerno.
1667 2325 1816 2380 Illum

228 2433 359 2469 Vero
382 2417 472 2485 qui
506 2417 676 2471 locum
701 2418 955 2473 antedicti
987 2420 1315 2475 sanctissimi
1355 2419 1591 2474 Januarii
1634 2427 1818 2473 contra

229 2521 505 2560 sacrorum
534 2521 798 2562 canonum
828 2515 1022 2562 statuta
1058 2511 1303 2577 nequiter
1346 2509 1688 2579 praesumpsit
1735 2509 1819 2563 in-

229 2596 447 2660 vadere,
479 2597 864 2665 condemnans,
900 2598 1096 2667 privari
1133 2600 1436 2654 sacerdotio
1475 2607 1530 2654 et
1574 2599 1643 2653 ab
1673 2601 1818 2654 omni

227 2687 586 2742 ece‘esiastico
616 2688 803 2744 ordine
845 2691 1111 2745 removeri
1142 2699 1338 2754 statuo,
1375 2697 1430 2744 ut
1459 2698 1513 2744 et
1540 2690 1640 2744 hoc
1677 2688 1818 2758 quod

228 2781 368 2833 male
399 2789 479 2834 est
502 2779 725 2849 adeptus
757 2780 983 2843 amittat,
1022 2796 1119 2833 nec
1149 2779 1215 2833 ad
1243 2778 1480 2833 ofﬁcium
1511 2780 1652 2848 quod
1697 2787 1822 2832 ante

228 2869 443 2939 indigne
465 2880 706 2940 gesserat
731 2879 1056 2925 revertatur.
1094 2870 1453 2937 Smjzcdictnm
1486 2878 1662 2923 autem
1691 2884 1820 2922 san-

229 2965 528 3016 ctissimum
560 2962 871 3017 Ianuarium
902 2963 1210 3031 episcopum
1242 2961 1541 3014 absolutum
1566 2959 1683 3013 loco
1722 2974 1819 3013 suo

229 3053 279 3106 in
314 3053 654 3119 episcopatus
677 3052 842 3120 gradu
889 3051 998 3103 Deo
1045 3062 1264 3104 auctore
1308 3050 1501 3104 reverti
1540 3065 1602 3101 ac
1647 3049 1820 3106 modis

225 3143 480 3197 omnibus
511 3143 786 3196 reformari
811 3140 1100 3194 consti’uo.

751 3241 1078 3298 EPISTULA
1120 3241 1299 3296 XLVI.

646 3374 712 3410 Αο
749 3370 986 3410 ΙΟΑΝΝΕΜ
1029 3369 1397 3409 οεΓΕΝευηευ.

224 3447 515 3499 Dissolutos
551 3463 610 3499 ac
647 3447 949 3516 dupravatos
992 3444 1296 3566 Cajzlricanre
1324 3442 1505 3496 imula:
1547 3443 1820 3499 monac/tos

791 3518 844 3566 in
866 3516 996 3566 viam
1029 3532 1080 3566 re
1124 3524 1260 3566 ucat.

791 3518 844 3568 in
866 3516 996 3568 viam
1029 3516 1260 3568 reducat.

298 3603 587 3675 Gregorius
617 3604 809 3660 Joanni
834 3604 1127 3660 defensori.

303 3694 401 3748 Ubi
435 3697 749 3750 canonicam
779 3695 1164 3750 districtionem
1211 3694 1486 3764 culparum
1535 3702 1720 3748 contra
1757 3708 1816 3748 se

221 3784 452 3853 qualitas
479 3787 699 3854 excitat,
739 3793 1064 3857 postponere
1091 3801 1207 3854 quae
1231 3785 1546 3856 corrigenda
1568 3795 1691 3840 sunt
1709 3801 1814 3840 non

299 3957 322 3983 ο
357 3947 428 4000 Ea
460 3946 524 4000 de
572 3963 630 4001 re
675 3948 782 4015 jam
829 3947 1061 4002 diximus
1113 3948 1179 4001 ad
1228 3949 1387 4015 epist.
1442 3948 1508 4001 15
1557 3947 1648 4002 lib.
1697 3965 1808 4004 vttt.

230 4019 484 4070 l-Zamdem
519 4019 738 4088 formam
765 4033 794 4071 a
827 4018 1260 4088 laicisjudicibus
1283 4020 1622 4074 observatam
1648 4017 1815 4076 fuisse

229 4099 379 4140 t~-st.s
405 4100 484 4140 εει
516 4087 885 4153 Cassiodorus,
921 4087 1012 4144 lib.
1045 4105 1096 4143 tv
1125 4087 1355 4155 Varian,
1385 4089 1544 4154 epist.
1579 4089 1665 4142 12.
1697 4090 1814 4143 Me-

223 4159 320 4210 diis
351 4160 688 4229 sacrosanctis
732 4159 977 4228 Evangel.
1011 4176 1126 4212 cum
1171 4160 1332 4212 tribus
1379 4160 1638 4212 honoratis
1689 4176 1812 4229 quos

222 4228 445 4296 partium
476 4244 750 4298 consensus
776 4231 1004 4298 elegerit,
1030 4238 1136 4284 etc.

299 4296 669 4381 βριετηχιγι
705 4287 954 4381 [Magi].
1135 4300 1324 4381 Melius
1355 4299 1810 4381 Caprarialvulgo

222 4368 462 4432 Cubrera,
498 4371 670 4422 insula
706 4363 871 4422 maris
901 4363 1092 4425 l'berici
1116 4385 1207 4423 seu
1236 4363 1514 4436 Balearici,
1541 4363 1809 4439 MajoriEm
1840 4363 1888 4421 Ι)

223 4439 476 4506 adjaccns
511 4439 872 4510 inAnstrum,
906 4439 1097 4509 vixque
1125 4441 1331 4510 duabus
1364 4441 1526 4494 leucis
1558 4442 1804 4510 Hispani-

223 4509 300 4559 ris
332 4511 397 4560 ab
424 4524 482 4561 ea
542 4509 747 4560 distans
779 4523 964 4561 versus
997 4509 1416 4576 promontorium
1477 4509 1806 4573 Salinarum.

223 4580 484 4647 lineam.
546 4577 597 4630 In
651 4579 898 4629 omnibus
949 4577 1154 4642 Norm,,
1210 4580 1399 4645 (ἔοι-ιω
1442 4581 1705 4647 Colbert.,
1756 4591 1811 4636 et

225 4656 260 4695 tu
281 4647 396 4698 ibus
418 4646 628 4724 _\"atic.,
660 4649 796 4716 quod
825 4647 875 4699 in
908 4647 1097 4718 Capria
1127 4649 1296 4701 insula
1314 4650 1467 4718 juxta
1498 4651 1808 4724 Majoritam

223 4726 294 4767 est
314 4717 556 4783 positum.

299 4784 322 4822 ι)
355 4789 406 4837 ln
445 4785 659 4850 llhem.,
693 4785 929 4840 Colbcrt.
954 4802 1014 4842 ac
1040 4786 1227 4850 COrb.,
1260 4789 1576 4842 considerat.
1623 4791 1809 4844 Cano-

223 4856 373 4907 niens
402 4859 533 4908 ordo
579 4859 722 4925 leges
767 4871 1029 4916 canonum
1078 4856 1368 4925 signiﬁcat.
1407 4859 1612 4912 Eodem
1645 4877 1807 4915 sensu

220 4927 495 4980 canonicus
522 4930 648 4980 ordo
675 4928 903 4981 sumitur
922 4928 1012 4983 lib.
1039 4943 1145 4989 xtv,
1183 4930 1340 4995 epist.
1365 4930 1418 4991 li,
1445 4943 1652 4982 necnon
1683 4945 1806 4984 can.

227 4995 293 5052 1:3
339 4997 530 5067 synodi
561 4997 940 5067 Augustodun.
974 5014 1061 5056 an.
1113 4995 1218 5052 U74
1259 5003 1362 5052 :de
1389 4998 1654 5052 abbatibus
1697 5016 1810 5052 vero

1919 1875 2080 1932 modo
2106 1877 2278 1932 valeat
2304 1892 2557 1933 accusare
2587 1878 2925 1947 culpabilem.

2420 1969 2751 2025 EPISTOLA
2791 1968 2993 2025 XLVII.

2308 2075 2373 2113 AD
2412 2075 2734 2114 THEODORUH
2776 2075 3118 2115 CURATUREM.

2028 2147 2240 2203 Petrum
2269 2153 2479 2220 ejusque
2509 2162 2724 2205 matrem
2756 2163 2987 2205 amanter
3028 2149 3373 2205 commendat.

1993 2240 2291 2313 Gregorius
2318 2243 2606 2298 Theodoro
2631 2253 2656 2280 ἰ
2689 2244 2940 2299 curatori.

1997 2333 2280 2402 Postquam
2312 2333 2389 2387 sic
2420 2336 2485 2388 de
2514 2331 2696 2403 gloria
2725 2345 2918 2388 vestra:
2951 2333 3264 2388 sinceritate
3302 2345 3509 2401 praesn-

1924 2424 2140 2489 mimus,
2172 2435 2229 2478 ut
2259 2436 2465 2478 vestros
2495 2440 2590 2478 vos
2619 2425 2903 2479 credamus
2944 2434 3192 2492 reputare
3219 2424 3309 2492 qui
3341 2422 3510 2476 nostri

1921 2523 2065 2580 sunt,
2087 2514 2240 2568 latori
2261 2517 2600 2583 praesentium
2629 2514 2809 2581 Petro,
2844 2514 2956 2567 viro
2983 2513 3265 2581 magniﬁco
3300 2511 3513 2581 1253

1923 2606 1991 2659 ad
2020 2607 2433 2675 promerendum
2468 2604 2718 2659 bonitatis
2741 2613 2930 2658 vestra:
2958 2606 3182 2674 gratiast
3215 2602 3316 2656 hoc
3335 2604 3509 2656 solum

1923 2697 2172 2751 sufficere
2207 2678 2434 2765 poterat,
2468 2696 2705 2751 indicare
2733 2695 2856 2765 quia
2887 2707 3069 2749 noster
3100 2704 3200 2748 est.
3237 2692 3343 2748 Sed
3371 2708 3509 2762 quo-

1925 2786 2068 2840 niam
2099 2795 2321 2855 patcrna
2379 2785 2776 2840 commendatio
2806 2786 2930 2840 boni
2966 2784 3057 2838 ﬁlii
3110 2793 3342 2837 mentem
3372 2782 3512 2836 solet

1924 2891 2135 2946 semper
2187 2878 2523 2943 accendere,
2574 2887 2791 2946 paterna
2841 2875 3128 2930 dulcedine
3177 2876 3509 2940 salutantes,

1927 2970 2158 3036 petimus
2186 2979 2242 3022 nt
2272 2980 2569 3023 memorato
2599 2968 2710 3022 ﬁlio
2749 2977 2952 3036 nostro,
2999 2975 3160 3034 atque
3201 2973 3512 3019 memorata:

1928 3059 2048 3111 lilia:
2081 3069 2280 3112 nostra)
2308 3059 2553 3128 glmiosa:
2579 3058 2734 3112 matri
2765 3059 2951 3127 ipsius,
3012 3054 3293 3127 patrocinii
3345 3055 3512 3109 vestri

1853 3167 1895 3227 ρ
1925 3148 2151 3217 gratiam
2193 3163 2225 3201 ο
2260 3147 2507 3213 tendatis,
2540 3162 2739 3217 eosque
2771 3154 2825 3201 et
2870 3147 2976 3200 illic
3029 3145 3227 3215 pOsitos
3271 3145 3512 3200 tuitionis

1929 3245 2117 3290 vestra:
2151 3237 2390 3291 remedio
2418 3238 2661 3305 foveatis,
2693 3247 2744 3291 et
2774 3236 3050 3293 venientes
3093 3235 3159 3290 ad
3191 3250 3289 3289 nos
3318 3236 3510 3291 ve5tris

1926 3330 2177 3385 subsidiis
2225 3331 2525 3401 adjuvetis,
2569 3340 2830 3399 quatenus
2890 3329 3016 3384 dum
3073 3344 3136 3384 ea
3183 3344 3304 3399 qua:
3344 3329 3512 3394 gloria

1929 3430 2104 3474 vestra
2134 3436 2196 3476 ex
2229 3437 2287 3476 se
2316 3422 2454 3476 solet
2484 3422 2813 3493 impendere,
2850 3431 3030 3475 nostra
3063 3419 3345 3490 benignius
3375 3420 3516 3491 epis-

1926 3514 2031 3566 tola
2087 3513 2498 3578 interveniente,
2556 3513 2885 3582 prtestiterit,
2936 3521 2990 3566 et
3021 3512 3190 3580 ipsam
3242 3525 3353 3563 rem
3383 3524 3513 3563 eon-

1924 3613 2133 3658 suetam
2169 3606 2407 3661 videatur
2445 3605 2780 3660 laudabiliter
2828 3603 3106 3669 exhibere,
3159 3609 3212 3655 et
3262 3615 3358 3655 nos
3406 3601 3508 3655 sibi

1930 3716 2024 3767 [.ro
2054 3715 2146 3754 sua
2202 3701 2439 3758 bonitate
2493 3700 2784 3771 gratiarum
2832 3713 2951 3754 esse
2983 3711 3075 3767 [er
3124 3693 3304 3751 omnia
3354 3693 3513 3749 faciat

1928 3789 2197 3849 debitores
2231 3799 2277 3847 υ.

1924 3958 2000 4008 rel
2032 3955 2293 4009 monac/tis
2317 3956 2386 4008 ita
2415 3955 2680 4009 observare
2713 3952 2966 4015 convenit,
2998 3960 3053 4005 ut
3082 3948 3515 4019 quidquidrano-

1921 4028 2063 4079 nicas
2094 4028 2222 4078 ordo
2249 4027 2325 4078 vel
2346 4026 2525 4095 regula
2553 4027 2714 4078 sancti
2739 4017 3234 4097 Benedictiedocet,
3263 4028 3310 4097 et
3338 4017 3519 4097 imple-

1920 4113 1993 4159 re,
2019 4108 2064 4149 et
2091 4099 2347 4150 custodire
2398 4087 2451 4148 in
2479 4098 2709 4148 omnibus
2738 4098 2970 4148 debeant.
3003 4091 3171 4147 Nemo
3209 4089 3370 4158 igitur
3427 4087 3513 4141 hic

1920 4166 2150 4219 somniet
2181 4182 2272 4233 per
2299 4168 2612 4238 canonicum
2641 4161 3311 4238 ordinemintelligendum
3334 4171 3515 4238 cano-

1921 4251 2159 4290 meorum
2182 4230 2405 4300 'statum,
2431 4250 2550 4288 eum
2583 4237 2649 4289 de
2695 4234 2971 4288 monachis
3002 4232 3187 4286 insulae
3234 4230 3514 4299 Capraria:

1920 4316 2127 4375 agatur.

1991 4387 2012 4414 ο
2041 4378 2093 4431 In
2123 4379 2239 4432 solo
2264 4377 2434 4429 \‘atic.
2470 4376 2531 4441 Β,
2557 4375 2861 4444 reformare.

1988 4445 2169 4501 EPIST.
2198 4447 2379 4501 XLVII
2411 4437 2527 4518 [Αιζ
2550 4437 2662 4518 5η.
2698 4475 2765 4518 τ
2789 4455 2812 4479 η
2832 4443 2988 4518 ltain
3021 4440 3216 4496 Victor.
3245 4437 3510 4518 In_Va_tic.

1918 4518 1982 4581 Λ,
2016 4519 2206 4586 legitur
2236 4509 2580 4587 procuratori.
2607 4509 2662 4568 In
2698 4515 2781 4570 his
2809 4515 3019 4570 duobus
3043 4521 3242 4566 tantum
3285 4509 3502 4564 Codiei-

1915 4588 2013 4656 bus
2043 4590 2306 4656 reperitur
2332 4589 2445 4641 hinc
2467 4587 2714 4654 cpistola.

1987 4655 2012 4692 ι’
2048 4650 2342 4713 ιηίίιυιΙειιο
2371 4650 2572 4711 Codice
2605 4656 2776 4710 Vatic.
2799 4654 3044 4709 subditur
3069 4667 3236 4706 mense
3263 4650 3506 4717 Septem-

1915 4730 2010 4790 bri,
2043 4729 2220 4783 indict.
2252 4729 2490 4797 septima.
2523 4728 2591 4782 At
2623 4727 2759 4780 libro
2789 4725 3253 4797 duodecimohrec
3276 4719 3501 4797 epistola

1913 4787 2238 4865 continetur,
2269 4787 2359 4869 qui
2405 4799 2634 4868 pertinet
2682 4798 2747 4850 ad
2797 4797 2988 4850 indict.
3039 4787 3518 4869 quintamﬁlhyle

1917 4886 1978 4937 pa
2007 4880 2061 4923 et
2112 4859 2300 4936 parum
2343 4859 2641 4927 habendam
2667 4883 2786 4924 esse
2833 4859 3096 4923 rationein
3155 4871 3296 4919 notae
3343 4859 3515 4929 INle

1917 4942 2336 5009 chronologicm.
