3956 6316
259 289 400 344 5303

721 293 782 349 S.
825 295 1031 354 GREG.
1072 298 1144 355 Μ.
1187 299 1669 363 EPISTOLARUM
1708 305 1836 363 LIB.
1877 307 2016 365 XIV.
2059 342 2128 352 —
2167 313 2411 373 INDICT.
2455 317 2565 373 VII.
2605 350 2674 362 --
2716 323 2932 382 EPIST.
2975 327 3065 385 IV.

3382 336 3525 394 1506

257 401 403 468 prius
425 401 638 467 quidem
681 403 730 458 hi
756 420 980 474 quorum
1014 411 1234 467 interest
1258 413 1578 472 admonendi
1609 430 1754 484 sunt,
1779 430 1834 475 ut
1860 422 1913 483 Α
1942 424 2239 496 presbyteri
2265 438 2318 484 et
2343 430 2573 497 diaconi,
2596 443 2900 508 ceteraque
2929 443 3295 501 ecclesiastica
3335 449 3514 507 oiticia

250 492 321 545 ab
346 492 446 556 eis,
475 499 525 545 te
555 492 839 550 insistente
859 507 1018 566 atque
1049 501 1356 569 solatiante,
1383 507 1553 560 modis
1584 508 1834 564 omnibus

251 581 619 646 requirantur.
647 583 798 648 Quod
835 585 878 639 si
907 585 1042 641 forte
1071 591 1149 644 vel
1182 593 1279 659 ipsi
1307 595 1636 664 negligentes
1665 600 1823 654 exsti-

249 671 435 737 terint,
467 669 546 725 vel
579 682 723 726 certe
761 675 852 744 qui
892 690 986 731 eas
1029 681 1302 748 requirere
1342 683 1575 740 debeant
1623 688 1823 743 inventi

245 778 356 816 non
384 761 601 828 fuerint,
634 775 756 820 tunc
783 768 964 821 omnia
996 769 1109 838 ipse
1140 774 1409 840 perquire,
1433 786 1593 845 atque
1619 777 1688 832 ita
1740 795 1829 835 re-

245 862 398 919 perta
427 855 695 924 recollige,
713 868 767 910 ut
789 872 946 912 manu
974 859 1185 929 aliquod
1203 861 1463 931 judicium
1493 866 1693 925 inferre
1715 872 1825 926 cui-

241 958 404 1012 quam
427 943 649 1000 minime
676 946 927 1002 videaris.
1543 997 1549 1005 .

321 1035 395 1088 De
427 1036 777 1092 xenodochiis
807 1038 983 1107 itaque
1016 1040 1292 1096 llortulani
1323 1051 1482 1114 atque
1503 1046 1729 1101 Thomm
1755 1050 1826 1103 nil

243 1126 504 1180 hactenus
535 1126 726 1181 horum
760 1144 878 1196 qua:
922 1129 1168 1186 indicasti
1211 1135 1580 1203 cognovimus.
1625 1137 1827 1206 Eapro-

241 1225 362 1284 pter
385 1217 712 1287 experientia
742 1229 825 1274 tua
835 1221 1128 1291 jussiouem
1158 1225 1414 1296 principis
1439 1242 1502 1283 ex
1525 1230 1626 1284 hoc
1647 1230 1825 1285 datam

239 1308 530 1377 diligenter
561 1311 828 1381 inspiciat,
849 1324 902 1368 et
925 1315 1100 1370 omnia
1125 1319 1418 1373 secundum
1443 1321 1561 1390 ejus
1586 1333 1823 1379 tenorem

237 1397 510 1468 dispOnat,
546 1411 603 1456 et
628 1403 782 1458 nobis
803 1405 1061 1474 quidquid
1087 1410 1255 1477 egerit
1285 1411 1605 1469 innotescat.

313 1491 390 1545 De
418 1491 519 1546 hoc
549 1492 711 1562 igitur
731 1496 869 1563 quod
897 1497 1190 1567 scripsisti,
1221 1499 1438 1557 fratrem
1469 1513 1523 1559 et
1550 1508 1822 1574 coepisco-

237 1595 366 1650 pum
417 1591 658 1636 nostrum
704 1583 1012 1641 Januarium
1063 1600 1302 1659 tempore
1349 1608 1457 1662 quo
1503 1596 1819 1653 sacrificium

234 1673 473 1728 celebrat
528 1682 723 1728 tantam
775 1678 880 1745 pati
915 1677 1218 1749 frequenter
1257 1684 1554 1753 angustiam
1580 1727 1596 1753 ,
1633 1699 1688 1742 ut
1735 1690 1818 1745 vix

1937 515 2334 576 subscribentcs
2388 525 2663 592 praebuere
2714 543 3068 602 consensum,
3108 538 3326 594 domum
3388 558 3515 601 cum

1938 607 2091 663 horto
2118 621 2170 666 et
2199 612 2390 668 balneo
2418 630 2538 684 suo,
2564 627 2722 688 atque
2742 624 2992 678 omnibus
3012 628 3076 680 ad
3096 644 3211 683 eam
3242 633 3518 700 pertinen-

1937 701 2097 766 tibus,
2127 703 2180 757 in
2209 705 2307 760 hac
2337 707 2467 762 urbe
2496 707 2663 764 Roma
2693 713 2944 783 positam,
2968 732 3088 785 qua:
3115 720 3180 774 ad
3199 721 3284 790 jus
3317 724 3520 780 Panor-

1933 791 2145 847 mitana:
2179 796 2428 851 Ecclesiae
2456 813 2521 853 ex
2566 800 2876 857 hatreditate
2907 807 3176 873 quondam
3230 812 3373 868 Flori
3403 817 3502 872 viri

1931 884 2196 951 magniﬁci
2242 889 2554 954 pervenisse
2603 890 2952 960 dignoscitur,
2988 910 3110 950 cum
3155 899 3507 960 dilectissimo

1932 970 2036 1022 ﬁlio
2065 981 2247 1027 nostro
2279 975 2574 1044 Epiphanio
2599 979 2836 1035 diacono.
2862 996 3167 1051 permutare
3207 989 3511 1059 desideras;

1931 1071 2148 1131 pr0pter
2197 1067 2297 1121 hoc
2343 1070 2481 1138 quod
2532 1072 2722 1128 domus
2769 1076 2914 1144 ipsa,
2948 1079 3018 1133 ita
3067 1091 3217 1150 parte
3270 1085 3504 1154 detecta,

1931 1161 2077 1218 parte
2102 1154 2296 1222 diruta,
2324 1171 2472 1226 parte
2523 1162 2642 1232 igne
2692 1166 2947 1232 probatur
2990 1187 3112 1227 esse
3158 1189 3512 1248 consumpta,

1929 1251 1985 1294 ut
2016 1244 2146 1298 nihil
2178 1248 2372 1304 exinde
2398 1255 2687 1322 commodi,
2713 1257 2849 1312 sicut
2881 1265 3115 1329 testaris,
3143 1277 3266 1320 ante
3308 1244 3509 1326 multos

1924 1334 2030 1403 jam
2062 1349 2231 1390 annos
2264 1347 2390 1394 tunc
2420 1358 2588 1412 usque
2635 1348 3016 1405 ecclesiasticis
3061 1355 3376 1413 utilitatibus
3409 1376 3506 1429 po-

1927 1425 2118 1480 tuisset
2144 1429 2419 1497 accedere,
2449 1442 2605 1500 atque
2636 1437 2734 1492 hac
2783 1439 2831 1493 in
2859 1456 2915 1494 re
2947 1454 3126 1498 nostra
3159 1447 3251 1501 tibi
3277 1449 3388 1504 dari
3410 1425 3507 1521 po-

1923 1515 2091 1568 stulas
2118 1519 2433 1576 auctoritate
2458 1523 2755 1592 licentiam;
2806 1531 3129 1598 provisionis
3179 1545 3282 1590 tuae
3316 1515 3499 1594 inte-n-

1925 1604 2120 1660 tionem
2151 1609 2456 1678 diligentius
2493 1614 2779 1680 intuentes,
2807 1630 3082 1689 postquam
3113 1635 3166 1678 et
3215 1629 3366 1682 nobis
3396 1645 3494 1684 co—

1922 1696 2121 1763 gnitum
2152 1708 2236 1752 est
2265 1701 2480 1756 domum
2515 1705 2682 1773 ipsam
2716 1709 2766 1761 in
2815 1724 2881 1765 eo
2928 1727 3047 1768 esse
3095 1724 3235 1770 statu
3273 1731 3378 1785 quo
3407 1737 3499 1774 as-

235 1773 358 1834 post
388 1765 543 1835 longa
589 1765 863 1821 intervalla
892 1767 960 1821 ad
992 1770 1167 1826 locum
1200 1780 1222 1808 ε
1253 1774 1473 1829 cauernis
1519 1776 1694 1832 redire
1723 1794 1814 1832 va-
1843 1793 1888 1853 Β
1921 1787 2079 1850 seris,
2105 1797 2262 1858 atque
2292 1792 2364 1846 ita
2399 1794 2634 1850 minante
2688 1799 2836 1852 ruina
2883 1803 3120 1868 quotidie
3170 1765 3492 1865 deteriorem

236 1858 346 1910 leat
371 1872 528 1927 quem
551 1856 781 1926 reliquit,
814 1868 972 1927 atque
1017 1875 1082 1915 ex
1107 1861 1209 1916 hoc
1256 1865 1450 1919 multos
1493 1867 1736 1924 dubitare
1766 1873 1810 1926 si

232 1953 661 2006 communionem
696 1955 927 2009 debeant
955 1955 1022 2011 de
1049 1957 1165 2025 ejus
1205 1962 1611 2017 consecratione
1642 1966 1812 2033 perci-

231 2057 385 2108 pere,
417 2042 738 2099 admonendi
784 2054 910 2101 sunt
955 2055 1013 2101 ttt
1059 2049 1360 2105 nullatenus
1408 2053 1806 2121 pertimescant,

223 2133 324 2185 scd
354 2147 471 2186 cum
504 2135 647 2188 omni
682 2136 786 2189 ﬁde
814 2144 867 2190 et
918 2140 1203 2194 securitate
1247 2143 1664 2209 communicent,
1687 2147 1808 2214 quia

224 2229 491 2294 aegritudo
522 2244 762 2298 persona:
795 2217 932 2285 sacri
967 2236 1206 2304 mysterii
1251 2236 1677 2294 benedictionem
1710 2257 1808 2295 nec

223 2329 395 2372 mutat
432 2337 526 2374 nt'c
556 2322 759 2387 polluit.
791 2323 1061 2380 Secretius
1087 2335 1261 2382 tamen
1290 2331 1508 2385 omnino
1539 2333 1673 2386 idetn
1706 2335 1807 2388 fra-

225 2417 309 2462 ter
347 2421 528 2466 noster
561 2413 851 2468 hortandus
880 2426 980 2480 est,
1016 2427 1070 2470 ut
1117 2420 1326 2487 quoties
1369 2421 1597 2491 aliquam
1630 2426 1807 2478 mule-

221 2501 385 2555 stiam
410 2505 660 2568 senserit,
678 2522 780 2560 nun
818 2504 836 2543 ι
873 2508 1144 2576 procedat,
1165 2525 1231 2564 ne
1251 2526 1317 2565 ex
1338 2513 1436 2565 hoc
1463 2523 1514 2567 et
1537 2529 1595 2568 se
1621 2514 1802 2582 despi-

219 2593 471 2648 ciendutn
518 2599 775 2667 pra'beat,
808 2608 860 2654 et
889 2600 1219 2657 infirmorum
1271 2602 1461 2658 animis
1493 2607 1800 2661 scandalum

217 2682 399 2739 faciat.

293 2776 561 2834 Praeterea
601 2779 999 2850 Pomponiano,
1053 2785 1298 2854 religiosa
1339 2785 1570 2853 femina,
1613 2801 1799 2859 questa

217 2868 377 2922 nobis
407 2878 490 2924 est
522 2871 885 2927 litereditatem
913 2876 1179 2944 quondam
1209 2879 1392 2945 generi
1435 2881 1518 2934 sui
1567 2881 1801 2951 Epipha-

217 2960 316 3025 nii,
356 2961 406 3014 in
438 2977 537 3030 qua
591 2962 920 3034 Epiphanius
972 2966 1113 3021 idem
1172 2969 1465 3024 Matronam
1517 2977 1796 3044 eunjngeut

211 3065 369 3104 suam
420 3052 575 3105 ﬁliam
624 3055 869 3110 antelatae
923 3057 1298 3126 Pontpuuiaum
1347 3061 1794 3118 usufructuariam

1915 1876 2056 1945 fieri,
2091 1888 2145 1932 ut
2177 1895 2283 1936 non
2311 1884 2480 1937 solum
2515 1886 2768 1941 Ecclesiae
2798 1899 2899 1943 tua:
2930 1908 3036 1947 non
3083 1896 3251 1961 utilis,
3282 1899 3372 1951 sed
3404 1916 3502 1966 po-

1916 1969 2019 2023 tius
2042 1971 2266 2029 subinde
2288 1975 2543 2030 damnosa
2571 1993 2726 2046 posse
2748 1981 2991 2036 videatur
3012 1984 3272 2053 existere;
3298 1989 3495 2046 idcirco

1912 2063 2245 2126 pcrntu'andi
2277 2064 2368 2119 tibi
2397 2081 2512 2120 eam
2544 2082 2664 2122 cum
2694 2071 2885 2126 balneo
2911 2081 2965 2127 et
2993 2073 3147 2129 horto
3176 2090 3295 2144 suo,
3325 2079 3501 2133 omni-

1913 2153 2117 2221 busque
2150 2156 2471 2225 generaliter
2498 2160 2562 2213 ad
2587 2174 2702 2213 eam
2735 2163 3147 2231 pertinentibus,
3177 2166 3334 2235 juxta
3365 2173 3495 2238 peti-

1913 2243 2111 2297 tiOuem
2145 2255 2312 2312 team,
2347 2263 2505 2316 quam
2559 2251 2802 2303 veritatis
2850 2261 2902 2305 et
2951 2257 3172 2309 rationis
3218 2259 3353 2322 apud
3400 2276 3499 2315 nos

1908 2333 2040 2387 ordo
2068 2336 2319 2401 suffulcit,
2354 2338 2507 2405 hujus
2555 2342 2887 2395 auctoritatis
2934 2356 3131 2399 nostra
3177 2350 3316 2402 serie
3357 2352 3491 2404 libe-

1907 2439 2020 2476 ram
2055 2442 2145 2490 per
2167 2443 2341 2479 omnia
2373 2429 2719 2483 concedimus
2750 2431 3080 2499 facultatem,
3110 2446 3370 2503 quatenus
3395 2441 3497 2492 hu-

1902 2510 2133 2580 jusmodi
2165 2528 2380 2583 accepta
2413 2516 2650 2582 licentia,
2685 2535 2783 2574 nec
2819 2530 2870 2574 te
2898 2523 3053 2587 culpa
3088 2524 3155 2578 de
3187 2525 3509 2585 temeritate

1905 2605 1985 2658 vel
2021 2605 2282 2660 incautela
2315 2609 2586 2677 respiciat.
2617 2625 2716 2665 nec
2744 2611 2833 2665 ille
2869 2613 3067 2683 aliqttid
3092 2615 3376 2674 dubietatis
3408 2622 3490 2676 in-

1903 2707 2102 2750 currat.
2138 2699 2268 2752 Nam
2303 2702 2582 2768 providum
2612 2704 2934 2774 salubreque
2979 2721 3060 2761 eSt
3107 2708 3311 2779 aliquid
3339 2728 3489 2768 com-

1905 2789 2083 2857 pendii
2115 2805 2427 2858 procurare,
2459 2794 2598 2848 unde
2630 2796 2768 2849 nulla
2794 2812 2915 2866 spes
2941 2805 3029 2853 est
3050 2799 3205 2868 lucri,
3237 2803 3329 2858 sed
3359 2821 3487 2860 ma-

1901 2881 1980 2948 gis
2000 2881 2175 2934 damni
2205 2883 2452 2937 formido.

2461 2975 2790 3030 EPISTULA
2835 2977 2920 3032 IV.

2069 3079 2135 3115 AD
2184 3080 2450 3118 FANTINUI
2498 3081 2842 3120 DEFENSOREM
2882 3084 3312 3126 PANORIITANUI.

209 3143 591 3208 conSIitucrat,
622 3148 947 3200 monasterio
975 3148 1115 3217 quod
1149 3152 1198 3202 in
1245 3149 1406 3204 domo
1449 3167 1541 3205 sua
1590 3153 1797 3210 fundari
1824 3155 1870 3218 C
1906 3153 2199 3230 Exltilarati
2224 3158 2449 3230 episcopi
2492 3157 2686 3212 actibus
2723 3160 2972 3230 inuigilet,
3005 3171 3108 3214 tum
3157 3175 3209 3217 ut
3236 3166 3324 3218 ille
3347 3167 3486 3222 clero

210 3241 496 3298 Statuerat,
531 3242 585 3287 et
616 3243 795 3302 postea
824 3238 1088 3291 etstincto
1120 3239 1398 3294 usufructu
1427 3243 1598 3296 modis
1623 3245 1798 3299 omni-

209 3322 314 3375 bus
347 3321 698 3393 profuturam,
730 3337 886 3397 atquc
909 3328 1010 3382 alia
1033 3346 1152 3398 qua:
1183 3331 1353 3386 eidem
1380 3334 1639 3411 Matt-one
1663 3349 1789 3403 pro-

209 3413 459 3479 prietatis
502 3417 621 3484 jure
651 3419 938 3486 probantur
982 3432 1307 3491 competere,
1352 3425 1418 3478 ab
1467 3425 1795 3494 experientia

205 3513 299 3564 tua
328 3517 382 3562 et
411 3524 442 3563 a
491 3511 934 3566 reverendissimo
967 3515 1125 3568 fratre
1154 3524 1208 3568 et
1248 3517 1565 3586 coepiscopo
1605 3529 1792 3573 nostro

202 3595 466 3654 Januario
494 3601 689 3670 injuste
730 3604 970 3672 sublata,
1001 3615 1054 3660 et
1096 3606 1288 3661 exinde
1333 3607 1459 3661 nihil
1511 3611 1787 3678 hactenus,

203 3689 293 3744 vel
325 3691 446 3746 filiae
493 3707 606 3748 sua:
648 3695 938 3762 redditum,
969 3699 1049 3753 vel
1101 3699 1395 3769 profecisse
1441 3704 1788 3760 monasterio.

201 3783 363 3847 Quod
394 3786 438 3838 si
473 3785 546 3840 ita
569 3789 763 3842 veritas
792 3805 849 3844 se
882 3791 1058 3855 habet,
1089 3801 1143 3847 ct
1163 3793 1359 3864 aliquid
1392 3804 1443 3849 te
1474 3795 1787 3854 indecenter

202 3878 402 3933 fecisse
422 3882 725 3949 cognoscis,
751 3884 950 3954 absque
998 3886 1100 3939 ulla
1143 3901 1290 3941 mora
1322 3887 1498 3942 ablata
1529 3881 1782 3958 restitue;

1969 3241 2064 3348 zu:
2091 3226 2423 3291 charitatem,
2455 3238 2561 3280 tum
2591 3238 2646 3281 ut
2685 3226 3022 3286 obedientiam
3061 3233 3141 3286 illi
3181 3236 3348 3291 clerus
3383 3254 3476 3292 ex-

2007 3312 2020 3347 l
2057 3305 2155 3348 eat.

2007 3305 2155 3350 lceat.

1971 3384 2260 3454 Gregorius
2283 3387 2509 3443 Fantino
2538 3389 2811 3446 defensori
2841 3392 3244 3449 Panormitano.

1967 3481 2115 3536 Talia
2144 3484 2209 3538 ad
2243 3499 2340 3538 nos
2369 3485 2436 3540 de
2466 3484 2630 3540 fratre
2658 3495 2712 3541 et
2743 3489 3060 3558 coepiscopo
3080 3501 3265 3545 nostro
3308 3491 3476 3546 Exhi-

1894 3573 2085 3638 larato,
2119 3575 2255 3629 sicut
2285 3584 2341 3630 et
2370 3576 2482 3645 ipse
2511 3578 2672 3640 nosti,
2699 3589 3056 3646 pervenerunt
3083 3595 3203 3648 qua:
3231 3580 3476 3636 districta

1891 3666 2114 3720 omnino
2143 3675 2324 3721 essent
2372 3655 2575 3722 ultione
2617 3669 2923 3737 plectenda;
2955 3671 3048 3724 sed
3095 3673 3349 3739 quoniam
3395 3674 3478 3729 bis

1891 3771 2007 3810 eam
2031 3757 2509 3812 reverendissitnus
2527 3758 2689 3812 frater
2705 3769 2759 3814 et
2779 3761 3128 3830 coepiscopus
3146 3773 3329 3817 ne-ster
3343 3763 3472 3829 Leo,

1887 3848 1975 3916 qui
2005 3849 2163 3903 etiam
2187 3851 2239 3903 in
2272 3865 2427 3904 causa
2447 3851 2562 3919 ejus
2585 3850 2817 3920 judicem
2843 3868 2900 3906 se
2928 3853 3093 3909 fuisse
3117 3866 3338 3910 testatus
3361 3869 3470 3922 est,

1887 3939 2158 4011 levigavit,
2188 3941 2253 3995 ad
2304 3941 2594 3996 Ecclesium
2646 3957 2796 3996 suam
2849 3943 2995 3997 illum
3043 3949 3473 4001 retransntitten-

197 3965 474 4026 aut‘certe
501 3973 546 4027 si
577 3973 732 4028 aliter
756 3990 875 4030 esse
906 3984 1080 4045 putas,
1099 3991 1167 4031 ne
1185 3979 1390 4048 gravari
1414 3994 1535 4049 pars
1558 3982 1783 4038 adversa

200 4062 645 4132 prazjudicialiter
666 4067 928 4134 videatur,
964 4068 1257 4123 electorum
1288 4085 1406 4124 cum
1439 4086 1498 4126 ea
1526 4072 1782 4142 judicium

198 4152 308 4206 hac
334 4153 403 4208 de
430 4170 589 4210 causa
619 4157 765 4212 nullo
797 4158 958 4213 modo
987 4159 1166 4213 subire
1189 4169 1494 4229 postponas,
1521 4172 1575 4217 ut
1604 4173 1782 4221 utrum

193 4259 333 4296 vera
351 4244 605 4316 justeque
634 4247 747 4317 ejus
776 4248 846 4303 sit
874 4249 1224 4320 querimonia,
1258 4252 1568 4310 definitione
1588 4254 1778 4327 judicii

189 4334 519 4394 declaretur.

1884 4032 2008 4085 dum
2052 4047 2170 4087 esse
2214 4033 2899 4102 praevidimus,judicantes
2950 4035 3198 4090 sufﬁci-re
3247 4039 3321 4091 illi
3366 4040 3468 4093 hoc

1883 4125 2023 4192 quod
2056 4139 2177 4178 eum
2210 4124 2297 4178 hic
2330 4125 2539 4195 1283
2579 4124 2779 4178 diutius
2822 4127 3113 4181 retinentes
3157 4128 3466 4183 affliximus.

1887 4213 2068 4283 Itaque
2096 4215 2442 4282 experientia:
2471 4225 2573 4269 tua:
2625 4217 2962 4286 praecipimus
3009 4226 3066 4270 ut
3104 4233 3230 4287 erga
3284 4235 3466 4275 mores

1879 4317 2133 4376 actusque
2157 4308 2298 4361 illius
2328 4323 2508 4362 coram
2541 4308 2752 4373 habeat,
2785 4319 2943 4375 atque
2986 4325 3106 4362 cum
3150 4309 3460 4378 frequenter

1878 4399 2180 4464 admoneat,
2213 4411 2475 4466 quatenus
2499 4417 2558 4453 se
2582 4401 2648 4454 ad
2674 4400 3083 4468 impendendum
3111 4401 3318 4455 clericis
3339 4404 3456 4459 suis

1802 4517 1855 4576 ι)
1880 4487 2194 4542 cbaritatetn
2239 4488 2544 4554 benignum,
2594 4499 2648 4542 et
2690 4489 2735 4542 si
2781 4503 2866 4542 res
2895 4489 3152 4559 exegerit,
3187 4490 3253 4544 ad
3288 4492 3461 4546 corri-

1878 4578 2077 4646 gendas
2102 4579 2284 4646 culpas
2309 4578 2502 4633 debeat
2521 4593 2579 4632 se
2609 4579 2865 4634 exhibere
2914 4581 3224 4635 sollicitum.
3271 4583 3376 4637 Sed
3405 4593 3460 4638 et

1878 4672 2078 4725 clerum
2108 4671 2224 4739 ejus
2265 4671 2554 4725 admonere
2586 4681 2638 4727 te
2682 4673 2929 4728 volumus
2955 4713 2972 4741 ,
3005 4684 3060 4728 ut
3104 4675 3459 4731 humilitatem

1878 4761 1976 4829 illi,
1995 4776 2057 4816 ac
2086 4761 2442 4816 obedientiam
2476 4779 2631 4829 quam
2656 4762 2910 4816 Dominus
2934 4764 3454 4830 mandat,exhibeat,

1878 4867 1976 4906 nec
2007 4853 2057 4905 in
2088 4852 2267 4922 aliquo
2307 4853 2379 4906 illi
2403 4854 2665 4921 superbus
2697 4863 2984 4921 prwsutnat
3011 4856 3267 4910 existere.
3299 4855 3454 4921 Quod

1879 4945 1922 4997 si
1955 4945 2073 5013 quis
2096 4958 2304 5008 eorum,
2338 4952 2364 4980 ⁸
2396 4945 2446 4999 id
2477 4955 2560 5001 est
2586 4947 2700 5002 sive
2729 4945 3031 5018 episcopus,
3062 4950 3176 5004 sive
3208 4948 3453 5016 clericus,

1877 5037 2293 5091 admonitionem
2363 5045 2505 5090 tuam
2575 5038 2906 5107 neglexerit,
2954 5053 3017 5094 ex
3098 5039 3198 5094 hac
3268 5049 3450 5094 nostra

1873 5131 2189 5184 auctoritate
2249 5131 2503 5185 canonica
2553 5131 2858 5187 coerctione
2915 5131 3292 5187 inobedientite
3342 5133 3453 5185 cul-

756 4408 1088 4464 EPISTOLA
1129 4410 1216 4464 ΙΙΙ.

430 4515 497 4552 Αἰ)
527 4515 762 4554 JOANNEM
794 4517 1200 4556 PANURIITANUDI
1235 4519 1542 4559 EPISCOPUI.

193 4586 437 4642 Positum
469 4591 648 4644 Romae
673 4592 879 4645 domum
919 4608 1037 4646 cum
1065 4594 1359 4661 Epiphanio
1391 4595 1638 4653 Romanae
1673 4599 1775 4654 Ec-

480 4663 645 4716 clesia:
673 4664 890 4716 diacono
917 4675 1206 4731 permutare
1236 4668 1489 4722 concedit.

266 4748 556 4817 Gregorius
581 4751 771 4807 Joanni
812 4754 1065 4821 episrmio
1096 4754 1488 4809 Panormitano.

262 4839 414 4895 Sicut
434 4843 623 4897 rationi
655 4845 919 4899 contraria
948 4845 1132 4913 procul
1184 4855 1266 4901 est
1316 4848 1610 4914 abjicienda
1642 4855 1776 4920 peti-

185 4929 300 4994 tio;
323 4931 392 4984 ita
423 4932 475 4986 itt
505 4933 587 4987 his
613 4949 728 5003 qua:
752 4935 887 4990 bene
910 4935 1283 4992 desiderantur
1305 4940 1552 4994 effectum
1579 4957 1774 5012 negare

183 5033 298 5074 non
323 5022 592 5076 convenit.
620 5022 754 5089 Quia
776 5023 957 5094 igitur,
976 5034 1033 5078 ut
1061 5024 1406 5083 fraternitatis
1429 5038 1532 5084 tua:
1560 5034 1766 5100 petitio,

184 5125 312 5180 qua:
337 5122 546 5168 tenetur
576 5117 628 5169 in
669 5115 916 5183 subditis,
948 5119 1219 5185 continet,
1247 5119 1298 5173 in
1326 5136 1429 5189 qua
1464 5133 1636 5177 tecum
1667 5142 1768 5178 una

262 5301 286 5327 ο
335 5291 595 5367 observat
623 5293 984 5356 Mabillonius.
1015 5305 1299 5367 comment.
1332 5296 1382 5350 in
1409 5297 1538 5353 0rd.
1573 5299 1762 5367 Rom.,

189 5379 315 5436 pag.
357 5365 448 5436 48,
477 5379 668 5431 preces
692 5367 809 5420 illas
837 5379 967 5432 quas
995 5365 1240 5418 ahsnluto
1274 5368 1489 5436 trisagio
1509 5365 1763 5426 sacerdos

190 5434 468 5507 submissa
492 5451 632 5507 voce
672 5436 876 5507 recitat,
911 5439 1205 5507 canonicam
1233 5434 1428 5501 preceni
1459 5441 1760 5507 appellasse

193 5515 426 5574 veteres,
457 5503 508 5555 in
560 5505 743 5572 primis
789 5503 1039 5572 Vigilium
1093 5519 1277 5572 papam
1325 5507 1376 5560 in
1426 5503 1648 5574 epistola
1696 5513 1761 5566 ad

193 5571 534 5627 Profuturum
563 5571 1298 5642 episcopumBracarensem.
1344 5571 1562 5633 l’recem
1614 5581 1758 5634 illam

195 5660 457 5696 runoucnt
491 5647 693 5713 primus
742 5654 834 5697 aut
887 5645 1025 5697 inter
1066 5645 1263 5711 primos
1317 5647 1560 5703 absolute
1608 5662 1761 5706 vocat

194 5713 507 5782 Gregoran
545 5714 634 5770 lib.
670 5731 751 5781 ιχ,
786 5714 968 5769 indit-t.
995 5715 1054 5782 2,
1085 5715 1239 5784 epist.
1277 5714 1358 5768 12.
1396 5716 1524 5775 Vide
1555 5730 1665 5776 not.
1690 5721 1760 5774 ξι

1869 5305 1934 5359 ad
1962 5306 2076 5362 Lib.
2105 5307 2346 5364 Sacram.

1947 5374 1967 5414 ί
2011 5378 2145 5451 Quid
2178 5381 2247 5432 sit
2276 5381 2544 5451 procedere
2569 5381 2676 5451 jam
2709 5382 2835 5436 alibi
2887 5382 3190 5451 docuimus,
3236 5394 3288 5438 et
3337 5384 3449 5442 fuse

1874 5448 2094 5511 exponit
2118 5458 2241 5502 nuta
2272 5448 2368 5501 471
2403 5451 2452 5504 iu
2478 5448 2619 5504 Lilir.
2653 5450 2895 5508 Sacram.

1943 5516 2124 5571 Ertsr.
2161 5519 2243 5572 Ill.
2273 5521 2354 5572 Al.
2386 5522 2476 5581 ϐυ,
2506 5521 2614 5574 ind.
2648 5522 2701 5575 6.

1940 5586 2122 5663 Ειηενζἶ
2171 5588 2232 5640 ιν
2266 5589 2284 5659 [_
2417 5590 2475 5663 fil
2501 5635 2514 5657 ,
2542 5592 2652 5644 ind.
2680 5591 2774 5663 6
2816 5601 2841 5630 ³
2883 5594 2957 5646 Ita
2991 5594 3221 5663 quinque
3255 5593 3443 5652 Vatic..

1867 5669 2055 5735 omnes
2080 5657 2511 5735 _Norm.‘,_Corb.,_
2542 5672 2670 5724 etc.,
2712 5657 2914 5735 c'umrin
2965 5657 3187 5720 Excusis
3234 5665 3457 5735 legitur,

1867 5726 1919 5778 id
1947 5737 2037 5793 est,
2074 5729 2235 5782 laicus
2261 5731 2365 5784 sit:
2391 5731 2630 5801 clericus,
2655 5742 2745 5788 aut
2773 5734 2848 5789 vel
2884 5737 3071 5790 clerus.
