3956 6318
507 277 635 330 1507

501 487 581 539 b's
611 485 917 538 renuntiare
969 484 1186 549 festina,
1223 497 1276 535 ut
1322 484 1606 551 disponere
1658 482 1929 536 valeamus
1951 495 2079 548 qua-

497 575 621 629 liter
651 573 943 642 disciplina:
977 576 1182 628 frenum
1212 585 1360 626 extra
1403 572 1502 626 iter
1532 587 1685 626 suum
1724 585 1816 624 eos
1859 585 2082 639 pergere

497 682 599 718 non
635 667 904 734 permittat
935 681 1068 733 quos
1092 665 1154 718 ad
1179 678 1456 718 excessntn
1485 665 1700 718 aculeus
1731 677 1904 732 pravae
1932 677 2082 715 men-

502 762 568 813 tis
599 761 790 814 irritat.

1077 826 1404 880 EPISTULA
1447 825 1509 878 V.

714 936 780 973 AD
818 934 1052 973 JOANNEM
1105 932 1516 971 PANOIHIITLNUM
1559 929 1863 969 EPISCOPL‘I.

499 1011 717 1064 Causam
751 1009 891 1062 Petri
921 1027 1032 1062 cum
1065 1007 1286 1059 Fantino
1333 1009 1597 1076 defensore
1643 1007 1900 1075 perquirat
1957 1004 2079 1056 dili-

891 1092 1061 1148 genter
1109 1080 1367 1144 faciatque
1401 1078 1681 1147 judicium.

565 1171 850 1238 Gregorius
889 1171 1074 1222 .liauui
1109 1168 1359 1243 episcopo
1392 1167 1792 1219 l’an-irmitano.

566 1264 696 1330 Quia
720 1273 840 1316 sunt
868 1262 1039 1328 culpa:
1071 1260 1123 1313 in
1154 1259 1344 1328 quibus
1373 1260 1524 1327 culpa
1560 1268 1640 1312 est
1670 1259 1914 1312 relaxare
1955 1258 2072 1311 vin-

496 1356 690 1408 dictam
725 1352 918 1422 μένοι..
954 1352 1072 1404 dist.
1104 1350 1196 1416 28,
1222 1368 1265 1402 c.
1301 1351 1413 1418 10),
1443 1349 1725 1418 qumrenda
1757 1363 1970 1415 semper
1998 1356 2080 1401 est

498 1448 720 1510 veritas,
747 1453 806 1498 ut
830 1444 1021 1513 inquiri
1046 1444 1233 1497 debeat
1262 1452 1433 1495 utrum
1464 1449 1767 1495 accusatum
1794 1454 1928 1492 noxa
1948 1454 2079 1492 con-

498 1540 731 1601 demnet,
766 1553 830 1590 an
861 1552 889 1589 a
936 1552 1089 1604 pmna
1141 1535 1442 1589 innocentia
1493 1533 1751 1601 patefacta
1795 1531 2076 1585 subducat.

499 1631 676 1696 Itaque
695 1626 1008 1694 pervenitad
1031 1641 1126 1679 nos
1151 1625 1432 1678 Fautinum
1453 1625 1794 1677 defensorem
1821 1622 2075 1675 ultionem

1708 273 1948 328 SANCTI
1990 271 2310 327 GREGURH
2351 273 2560 326 MAGNI

500 410 617 460 pit")
677 403 769 446 aut
824 402 874 444 tu
906 431 918 454 ,
974 392 1111 445 sicut
1160 390 1470 460 praevideris
1496 430 1509 453 ,
1551 390 1756 458 corrige
1785 431 1798 453 ,
1840 397 1932 442 aut
1985 401 2080 442 no-
2111 392 2160 449 Α

3640 276 3775 330 15ῡὸ

2738 400 3065 463 ΕΡΙΞΤΟΙΛ
3115 408 3196 462 Vl.

2386 516 2452 553 AD
2493 516 2821 553 MARLVIANL'M
2866 515 3217 553 RAVENNATEM
3259 514 3570 554 EPISCOPUI.

2188 589 2534 643 Fortunatum
2579 591 2810 644 abbatem
2859 593 3050 660 injuste
3103 591 3395 659 depositum
3437 592 3701 657 restituat,
3731 609 3776 647 es

2255 664 2543 729 episcopum
2571 662 2903 730 reprehendat
2923 664 3057 727 quod
3080 679 3111 713 a
3141 663 3515 730 praedecessore
3534 663 3775 716 ordinata

2256 731 2438 798 absque
2467 748 2623 784 causa
2646 733 2935 784 mutaverit.

2255 823 2542 891 Gregorius
2578 823 2877 883 Mariniano
2913 824 3166 891 episcopo
3197 824 3486 876 Ravennae.

2255 913 2387 978 Quia
2417 913 2763 982 incongruum
2796 914 2952 969 valde
2980 923 3063 967 est
3095 930 3124 968 a
3153 925 3405 982 suscepto
3429 913 3622 968 officio
3667 915 3767 968 sola

2182 1016 2500 1070 quemquam
2534 1003 2805 1057 voluntate
2869 1004 3146 1071 suspendi,
3173 1019 3329 1072 quem
3370 1005 3523 1073 culpa
3554 1019 3669 1058 non
3697 1020 3772 1058 re-

2185 1104 2378 1160 movet,
2413 1096 2638 1150 sollicite
2669 1095 3052 1165 disponendum
3086 1106 3170 1149 est
3202 1105 3257 1149 ut
3289 1111 3390 1151 nec
3436 1096 3590 1164 prior
3624 1097 3768 1150 ordi-

2188 1187 2334 1240 natio
2365 1188 2809 1242 irrationabiliter
2836 1189 3165 1255 destruatur,
3198 1203 3298 1242 nec
3343 1190 3459 1244 sine
3509 1188 3768 1244 emenda-

2184 1279 2325 1333 tione
2351 1295 2468 1348 quze
2493 1280 2632 1334 male
2675 1289 2860 1333 secuta
2909 1279 3111 1334 fuerint
3151 1280 3542 1350 relinquantur.
3581 1279 3772 1333 Fortu-

2188 1379 2347 1423 natus
2375 1370 2573 1436 itaque,
2606 1370 2742 1425 lator
2773 1370 3152 1438 prresentium,
3185 1371 3235 1424 in
3279 1371 3620 1424 monasterio
3649 1383 3769 1423 san-

2181 1469 2388 1514 ctorum
2432 1459 2705 1514 Laurentii
2737 1470 2790 1515 et
2849 1460 3101 1526 Zenonis,
3134 1461 3272 1530 quod
3326 1470 3351 1497 ι
3401 1462 3453 1514 ἰιι
3503 1461 3771 1514 Caesenati

2182 1562 2360 1606 castro
2393 1562 2475 1606 est
2506 1553 2888 1617 constitutum,
2919 1567 2947 1605 a
2981 1553 3147 1605 Natali
3195 1553 3462 1621 quondam
3515 1553 3771 1621 episcopo

2183 1643 2420 1696 officium
2453 1644 2551 1696 sibi
2586 1644 2793 1697 abbatis
2812 1657 3056 1698 asserens
3083 1659 3141 1697 es
3171 1659 3202 1697 e
3226 1643 3601 1706 commissum,
3633 1658 3771 1697 nunc

495 1734 751 1774 exercere
800 1721 849 1771 in
884 1719 1099 1774 Petrum
1153 1718 1377 1798 latorem
1431 1719 1772 1785 prtesentium
1824 1716 2074 1781 voluisse,

2191 1749 2244 1788 se
2295 1749 2323 1787 a
2379 1748 2692 1788 successore
2741 1735 2858 1802 ejus
2911 1735 3208 1788 Concordia
3241 1733 3264 1770 δ
3300 1734 3439 1786 nulla
3496 1733 3767 1787 existente

497 1827 592 1881 pro
619 1827 684 1867 eo
712 1813 876 1880 quod,
907 1820 1168 1880 quantum
1200 1811 1414 1877 dicitur,
1450 1820 1472 1847 ⁸
1525 1811 1759 1864 relictam
1806 1810 2080 1879 cujusdam

493 1903 724 1967 diaconi,
757 1911 994 1971 tempore
1016 1918 1120 1972 quo
1147 1901 1442 1956 conductor
1469 1902 1657 1967 fuerat,
1692 1903 1884 1955 marito
1914 1901 2082 1954 tradi-

500 1993 663 2046 derit.
694 1993 798 2046 Sed
833 1995 1079 2060 quoniam
1103 1995 1199 2046 iste
1221 1993 1501 2061 conjugcm
1529 1993 1737 2046 diaconi
1760 1993 1951 2046 asserit
1978 2007 2081 2046 non

496 2082 892 2149 fuisse,direus
922 2098 1019 2137 nec
1049 2085 1307 2152 virg'ncm
1356 2084 1500 2136 illam
1551 2083 1615 2136 ad
1665 2099 1787 2138 eum
1838 2084 2078 2150 venisse,

498 2172 524 2210 δ
565 2173 794 2242 denique
829 2184 881 2225 ut
914 2188 1012 2226 nec
1043 2173 1348 2240 religiosam
1386 2182 1593 2226 mutare
1641 2182 1848 2226 vestem
1881 2187 2081 2241 prtesu-

507 2276 676 2318 meret
709 2277 988 2333 pcatquam
1025 2264 1113 2319 ille
1144 2264 1195 2317 in
1229 2265 1417 2318 ordine
1449 2277 1600 2317 sacro
1645 2273 1920 2332 promotus
1967 2274 2078 2330 est,

501 2356 761 2425 adjiciens
787 2357 948 2410 etiam
984 2357 1294 2424 priusquam
1325 2367 1344 2394 ε
1366 2355 1432 2409 ad
1463 2356 1745 2409 diaconem
1778 2356 2082 2424 perveniret

502 2456 554 2500 et
585 2457 764 2514 postea
797 2462 959 2515 prava
991 2448 1133 2501 illam
1157 2449 1411 2515 Opinione
1444 2447 1660 2511 vixisse,
1687 2448 1807 2502 ideo
1834 2447 2082 2502 fraterni-

500 2546 666 2590 tatem
701 2549 846 2591 tuam
880 2537 962 2591 bis
993 2537 1267 2592 hortamur
1296 2530 1564 2604 affatibus,
1591 2545 1648 2590 ut
1679 2553 1796 2591 cum
1826 2537 1941 2602 Dei,
1966 2539 2082 2591 sic-

499 2638 556 2681 ut
597 2629 772 2692 decet,
825 2630 1036 2695 timore,
1073 2643 1290 2683 causam
1321 2629 1457 2682 hanc
1505 2628 1687 2682 subtili
1735 2629 1951 2683 omnino
1995 2629 2080 2683 in-

496 2717 849 2786 vestigatione
879 2718 1184 2787 perquirat;
1219 2729 1270 2771 et
1313 2718 1355 2771 si
1385 2718 1456 2771 ita
1493 2719 1544 2772 in
1593 2717 1838 2786 conjugio
1867 2718 2078 2786 diaconi

497 2809 522 2845 ἀ
557 2809 748 2863 mulier
782 2809 945 2864 fuisse
967 2811 1286 2876 constiterit,
1310 2819 1363 2864 et
1384 2810 1776 2879 suprascriptus
1804 2811 1941 2865 lator
1965 2827 2079 2867 me-

500 2911 708 2954 morato
738 2898 1007 2954 defensori
1039 2909 1093 2954 et
1126 2901 1319 2955 reetori
1348 2901 1660 2970 patrimonii
1689 2903 1755 2955 ad
1781 2902 2072 2957 vindictam

501 2989 669 3043 modis
693 2989 942 3043 omnibus
975 2990 1239 3056 tradatur,
1272 2998 1327 3044 et
1370 3005 1490 3044 cum
1522 2991 1851 3060 competenti
1889 3007 2079 3046 emen-

495 3082 708 3136 datione
735 3082 766 3135 ii
795 3080 885 3150 qui
928 3081 1064 3135 male
1093 3081 1281 3136 sociati
1311 3090 1437 3135 sunt
1465 3081 1868 3151 disjungantur.
1896 3082 1954 3138 Si
1984 3097 2079 3137 ve-

499 3189 557 3224 ro
578 3172 629 3224 in
658 3171 774 3240 ejus
801 3171 1045 3240 coniugio
1073 3184 1177 3224 non
1234 3170 1331 3224 fuit
1352 3214 1366 3236 ,
1391 3181 1747 3225 memoratum
1786 3170 2073 3227 Fantinum

500 3275 566 3313 ex
599 3271 782 3314 nostro
827 3262 1075 3314 mandato
1104 3274 1451 3313 commonere
1503 3267 1553 3313 te
1597 3259 1862 3324 volumus,
1894 3268 1951 3313 ut
1998 3260 2077 3314 eis

501 3354 677 3407 facere
706 3355 777 3406 nil
812 3362 1121 3422 praesumat,
1146 3362 1168 3389 ο
1200 3367 1297 3407 nec
1319 3352 1448 3406 falsa
1472 3351 1620 3405 illum
1643 3353 1913 3406 accusatio
1939 3352 2079 3420 apud

500 3459 622 3494 eum
655 3443 704 3494 iu
728 3442 907 3511 aliquo
931 3450 1249 3510 priegravet.
1291 3439 1309 3479 τ
1341 3441 1473 3508 Quia
1505 3456 1633 3495 vero
1662 3456 1750 3495 res
1775 3457 1900 3495 suas
1923 3451 2078 3497 ante-

500 3533 672 3586 dictus
709 3533 895 3586 Petrus
927 3533 1065 3602 apud
1100 3531 1350 3587 Ecclesiaa
1371 3532 1592 3586 eolonos
1619 3532 1857 3598 perbibet
1880 3535 2079 3589 retine-

501 3626 566 3686 ri,
603 3626 848 3678 voluttttts
877 3634 933 3677 ut
961 3625 1077 3678 sine
1109 3625 1416 3692 cujt-squam
1463 3623 1846 3690 impedimento
1873 3639 1968 3681 eas
1989 3625 2081 3679 ha-

504 3717 642 3778 beat,
683 3715 897 3785 ηειι
935 3717 976 3768 si
1011 3723 1189 3769 tamen
1215 3715 1287 3768 ita
1313 3723 1395 3767 est
1415 3713 1657 3782 exigendi
1689 3715 1923 3770 licentia.
1946 3718 2080 3771 Nam

502 3810 628 3861 etsi
660 3810 901 3860 illVl‘lIllls
944 3807 1102 3858 fuerit
1149 3818 1267 3857 esse
1315 3803 1619 3873 culpabilis,
1665 3818 1772 3858 non
1821 3819 1908 3859 res
1953 3819 2079 3862 suas

503 3900 772 3960 amittere,
792 3898 884 3950 sed
913 3899 963 3949 in
994 3912 1053 3951 se
1081 3895 1466 3965 debetdignam
1493 3896 1748 3950 ultionem
1780 3899 2074 3968 suscipere.

577 4027 759 4081 Etusr.
785 4026 826 4079 V
851 4025 954 4098 μζ.
982 4026 1072 4091 6‘2,
1097 4028 1205 4080 ind.
1237 4025 1311 4098 6].
1341 4057 1409 4067 —
1450 4038 1474 4063 υ
1522 4030 1596 4084 De
1645 4029 1826 4085 relicta
1867 4031 2076 4089 diaconi

502 4114 684 4160 supra,
717 4101 872 4162 epist.
900 4097 968 4148 56
993 4100 1083 4150 lib.
1113 4114 1182 4151 ιν.

577 4169 712 4240 blla
764 4169 950 4236 legitur
996 4168 1046 4222 in
1081 4169 1276 4234 Vatic.,
1322 4169 1525 4233 Norm.,
1551 4169 1813 4235 Colbert.,
1844 4172 2066 4240 Rhem.,

506 4238 692 4300 Corb.,
723 4247 774 4291 et
807 4242 855 4290 in
885 4247 985 4290 vct.
1018 4241 1181 4304 Edit.,
1216 4255 1372 4309 quem
1425 4241 1598 4293 locum
1627 4257 1756 4296 sane
1786 4238 2076 4298 obscurum

506 4310 598 4383 liic
623 4317 878 4383 mutatum
915 4309 1138 4375 legimus
1189 4313 1237 4363 in
1293 4311 1430 4363 lidit.
1493 4311 1682 4375 Vatic.,
1731 4314 1945 4383 denique
1988 4331 2079 4368 nec

504 4379 792 4440 reli,iosam
824 4392 1040 4432 mutasse
1070 4394 1273 4444 vestem,
1307 4391 1592 4447 postquam.

2188 1825 2340 1893 culpa
2370 1825 2563 1879 exinde
2589 1835 2870 1888 remotum,
2898 1832 3059 1894 atque
3081 1825 3240 1878 alium
3273 1825 3322 1876 in
3355 1824 3474 1877 loco
3501 1839 3604 1878 suo
3634 1838 3760 1891 que-

2186 1919 2323 1971 ritur
2348 1918 2676 1972 ordinatum.
2701 1917 2852 1982 Quod
2882 1917 3043 1969 etiam
3075 1932 3255 1970 coram
3285 1915 3608 1985 quibusdam
3650 1915 3766 1968 dia-

2187 2007 2338 2061 conis
2369 2008 2590 2069 nostris,
2627 2016 2889 2072 praesente
2938 2006 3162 2060 diacono
3209 2006 3448 2074 praedicti
3478 2004 3767 2058 Concordii

2187 2101 2426 2170 episcopi
2450 2101 2529 2153 sui
2557 2114 2750 2153 causas
2782 2101 3068 2168 allegante,
3099 2114 3163 2151 ex
3211 2105 3360 2165 parte
3392 2098 3460 2151 ita
3493 2111 3621 2150 esse
3650 2111 3767 2163 per-

2184 2192 2399 2246 claruit.
2432 2191 2534 2246 Sed
2568 2191 2816 2259 quoniam
2867 2200 2889 2228 ο
2925 2191 3125 2245 certior
3156 2191 3206 2242 in
3259 2189 3500 2258 partibus
3549 2187 3656 2241 illis
3685 2187 3767 2240 ubi

2186 2301 2274 2339 res
2303 2293 2420 2338 acta
2453 2292 2536 2336 est
2562 2292 2734 2351 potest
2763 2297 2883 2336 esse
2910 2281 3172 2347 probatio,
3207 2279 3516 2332 fraternitas
3549 2287 3638 2331 tua
3681 2278 3761 2332 di-

2184 2374 2412 2443 ligenter
2441 2380 2597 2439 atque
2628 2370 2859 2424 sollicite
2889 2369 2988 2424 hoc
3014 2369 3224 2423 studeat
3249 2368 3599 2436 perscrutari.
3634 2368 3697 2421 Et
3722 2368 3763 2422 si

2187 2468 2337 2520 nulla
2369 2465 2648 2518 manifesta
2676 2479 2832 2518 causa
2857 2463 3204 2531 depositionis
3232 2462 3463 2527 exstitit,
3489 2476 3606 2531 qua:
3633 2475 3768 2529 pra:-

2185 2554 2384 2609 dictum
2443 2555 2791 2608 F0itunatum
2840 2553 3046 2605 abbatis
3077 2551 3257 2606 ofticio
3287 2560 3612 2617 removeret,
3646 2566 3765 2606 eum

2186 2648 2237 2700 in
2266 2662 2419 2700 suum
2453 2647 2628 2698 locant
2662 2643 2954 2697 reformare
2979 2642 3214 2707 festinet,
3234 2652 3393 2711 atque
3417 2642 3536 2711 ejus
3560 2642 3768 2710 episw-

2187 2755 2309 2808 pum
2341 2739 2494 2807 digna
2530 2735 2946 2800 reprehensione
2979 2735 3256 2802 increpare
3281 2749 3384 2786 non
3417 2733 3651 2796 desinat,
3672 2746 3765 2785 cur

2185 2831 2484 2886 decessoris
2505 2827 2605 2893 sui,
2625 2827 2783 2880 nullis
2804 2835 3118 2894 provocatus
3136 2825 3464 2885 excessibus,
3487 2824 3767 2877 destruere

2184 2922 2578 2979 ordinationem
2611 2917 2831 2972 molitus
2853 2920 2939 2971 sit.
2975 2916 3028 2971 Si
3064 2931 3190 2970 vero
3211 2916 3365 2968 aliter
3391 2928 3552 2983 quam
3593 2913 3767 2967 edocti

2183 3028 2369 3071 sumus
2395 3027 2607 3068 causam
2635 3024 2752 3064 esse
2776 3022 2898 3077 pars
2923 3007 3087 3061 altera
3105 3006 3317 3070 dixerit,
3342 3004 3524 3058 subtili
3555 3003 3749 3056 veritas

2111 3127 2157 3190 ο
2191 3106 2601 3176 investigatione
2623 3100 2912 3172 quaerenda
2941 3109 3050 3164 est;
3075 3109 3124 3154 et
3159 3099 3227 3152 ita
3256 3097 3507 3166 quidquid
3539 3093 3760 3150 canoni-

2186 3216 2279 3256 cus
2306 3198 2444 3253 ordo
2467 3194 2773 3266 poposcerit
2801 3190 3213 3256 terminandum,
3247 3198 3302 3243 ut
3329 3189 3468 3242 nulla
3495 3203 3559 3242 ea
3607 3187 3674 3240 de
3703 3200 3761 3239 re

2188 3293 2364 3347 denuo
2386 3288 2600 3358 querela
2629 3293 2924 3341 remaneat.
2957 3283 2983 3321 ά
3019 3285 3145 3337 Data
3178 3296 3362 3337 mense
3391 3279 3643 3343 Octobri,
3677 3279 3763 3332 in.

2185 3381 2420 3436 dictione
2449 3377 2501 3430 7.

2732 3465 3059 3520 EPISTOLA
3104 3463 3210 3516 Vll.

2407 3575 2471 3612 AD
2520 3571 2823 3612 ALCYSONEII
2873 3569 3198 3608 εοιιεῑιιιευω
3243 3565 3553 3606 εριεοορωι.

2191 3650 2423 3719 Cassiepi
2445 3658 2664 3701 castrum
2694 3646 2785 3719 sub
2834 3644 3087 3714 Corcyraei
3134 3643 3356 3719 episcopi
3401 3642 3768 3719 jurisdictione

2260 3713 2582 3788 permaneat;
2611 3734 2673 3770 εκ
2703 3717 2793 3769 illo
2826 3713 2988 3768 tamen
3028 3730 3127 3766 non
3168 3713 3443 3778 eiiciantur
3475 3713 3650 3768 Euritt
3675 3729 3765 3767 sa-

2259 3791 2504 3843 cerdotcs.

2259 3901 2542 3972 Gregorius
2576 3899 2828 3967 Alcysoni
2859 3900 3112 3968 episcopo
3149 3905 3172 3932 ιι
3206 3899 3477 3966 Corcyrae.

2189 4046 2331 4107 post,
2356 4050 2528 4088 coram
2557 4035 2765 4107 testibus
2795 4034 3100 4103 quibusdam
3130 4033 3389 4107 diaconis.

2261 4117 2283 4146 ο
2321 4100 2453 4159 lla‘c
2482 4107 2641 4157 verba
2670 4100 2881 4157 videtur
2900 4113 3112 4157 sanctus
3137 4101 3424 4171 Gregorius
3451 4115 3520 4156 ex
3546 4100 3761 4171 epistola

2189 4178 2403 4232 Patrum
2435 4175 2804 4228 Africanorum
2857 4175 2920 4226 ad
2954 4170 3299 4226 (Imlestinuin
3325 4172 3449 4225 data
3504 4170 3760 4224 hausisse

2185 4248 2273 4304 Sic
2304 4247 2447 4299 enim
2481 4246 2640 4297 habet
2670 4260 2683 4295 :
2719 4243 2882 4295 Nulla
2941 4244 3154 4296 I’atrum
3200 4243 3500 4310 deﬁnitione
3524 4241 3622 4294 hoc
3670 4237 3761 4291 Ec-

2187 4320 2352 4370 clesia:
2387 4319 2688 4384 derogatum
2715 4323 2785 4366 est
2809 4314 3092 4383 Africaine,
3113 4324 3156 4365 et
3183 4314 3387 4384 decreta
3423 4313 3642 4384 Nicaeae
3669 4312 3766 4363 sin

2186 4387 2446 4456 inferioris
2477 4385 2669 4454 gradus
2692 4385 2921 4456 clericos,
2953 4385 3056 4436 sive
3077 4386 3215 4450 ipsos
3243 4383 3511 4456 episeopos
3535 4383 3643 4456 suis
3665 4397 3763 4456 rne-

579 4460 607 4528 °_
641 4450 952 4536 lii-recent"
984 4453 1276 4521 priusquam
1307 4453 1372 4502 ad
1421 4454 1744 4506 diaconatum
1777 4455 2079 4523 perveniret,
2111 4477 2164 4536 D
2187 4450 2513 4535 tropolitanis
2535 4455 2892 4534 apertissime.
2921 4450 3307 4536 commiserunt.
3358 4451 3764 4530 Prudentissime

506 4519 680 4572 invitis
707 4521 832 4574 Mss.

576 4591 599 4626 ί¹
635 4590 844 4664 ⁸νυὲιιιὶ
871 4592 1178 4664 ,Διιιιιιὶει-ιῖηι
1209 4592 1270 4644 de
1300 4609 1397 4660 qua
1429 4593 1597 4657 agitur
1620 4594 1855 4662 junctam
1892 4596 2072 4664 fuisse.

578 4671 601 4697 ε
635 4660 686 4712 ln
720 4660 960 4732 Excusis,
997 4679 1084 4714 nec
1117 4662 1261 4715 illum
1301 4664 1574 4715 accusatio.
1607 4660 1767 4717 Corb.
1792 4660 2076 4732 etNurm.,

504 4745 598 4799 βυτ)
629 4732 779 4799 falsa,
814 4730 1007 4784 habent
1037 4733 1216 4800 fallax.

585 4801 600 4838 ί
645 4803 741 4854 llic
770 4801 1092 4856 dissentiunt
1121 4804 1246 4855 Mss.
1283 4803 1338 4855 ln
1377 4803 1525 4858 Vatic
1575 4803 1649 4869 Β,
1678 4805 1740 4868 Ε,
1774 4805 1835 4869 F,
1883 4805 2072 4870 Corb.,

503 4871 766 4944 Colbert.,
801 4875 962 4938 Aud.,
997 4874 1212 4944 Lyram,
1245 4875 1364 4944 quia
1411 4891 1528 4926 vero
1571 4877 1929 4944 reliquam.....
1955 4894 2066 4943 per-

507 4944 637 4994 hilet
667 4943 1020 4997 reducere.....
1061 4960 1172 4996 cum
1201 4943 1398 4995 habeat.
1428 4943 1743 4999 lthemenSis
1768 4947 2031 5000 consentit
2052 4986 2069 5013 ,

509 5014 607 5065 nisi
638 5014 776 5080 quod
811 5028 903 5080 pro
927 5013 1176 5082 reliquam
1203 5014 1360 5067 habet
1389 5014 1634 5067 relictam.
1667 5016 1820 5070 Becc.
1844 5028 1895 5069 et
1923 5019 2072 5083 Sag.,

506 5099 610 5136 rem
637 5085 885 5150 aliquant.
923 5084 1195 5154 Vulgatam
1239 5085 1522 5138 lectionem
1570 5087 1907 5148 retinuimus,
1941 5088 2080 5156 reje-

507 5163 587 5205 cta
626 5162 799 5207 tamen
845 5169 977 5208 voce
1020 5156 1183 5208 solum
1232 5164 1357 5207 ante.
1405 5172 1486 5208 res
1536 5171 1819 5225 suas,qua:
1867 5172 2080 5210 sensum

506 5227 806 5294 evertebat,
833 5226 1152 5294 aliundeque
1180 5239 1209 5277 a
1243 5225 1366 5279 Mss.
1409 5226 1579 5279 abest.

581 5293 761 5347 Ertsr.
800 5295 858 5347 Vl
890 5295 995 5366 [ΑΙ.
1034 5299 1107 5366 t].
1138 5303 1263 5366 -νει
1293 5294 1536 5362 ϐίιξςριιει,
1571 5295 1728 5363 vulgo
1774 5295 1932 5349 etiam
1983 5296 2078 5351 Ce-

504 5378 645 5427 sena,
671 5365 798 5418 urbs
832 5365 989 5419 Italae
1016 5365 1081 5419 ad
1108 5365 1286 5433 Sapim
1335 5367 1577 5430 lluvium,
1610 5368 1878 5419 Sarsinam
1936 5368 2077 5421 inter

506 5444 559 5483 et
591 5433 917 5500 ltaveuuam,
951 5437 1269 5504 episcopalis
1306 5437 1406 5490 sub
1436 5438 1838 5504 archiepisc0po
1870 5437 2077 5492 llaven-

511 5515 653 5564 nate,
684 5507 780 5556 sita
813 5507 860 5555 in
905 5507 1204 5559 Senonibus
1251 5516 1305 5560 et
1352 5509 1402 5559 in
1457 5506 1738 5570 Flaminia,
1773 5524 1888 5574 qua:
1938 5524 2077 5562 nunc

511 5573 778 5633 proviricia
809 5575 1184 5648 ⁸Ιίφιιιςιηιίῐοψιιι
1236 5577 1447 5642 dicitur,
1473 5579 1628 5646 vulgo
1679 5579 1728 5630 la
1790 5573 2077 5648 Romagna,

507 5654 680 5695 status
706 5646 1071 5697 ecclesiastici.
1106 5647 1362 5700 Gtts~axv.

583 5713 604 5745 ιλ
651 5715 866 5778 tisi-usi,
897 5715 1035 5766 nulla
1075 5717 1312 5768 existente
1343 5732 1495 5770 causa
1526 5717 1599 5770 vel
1619 5718 1799 5785 culpa;
1845 5728 1896 5774 ct
1926 5719 2082 5789 paulo

2190 4522 2321 4581 enim
2343 4522 2723 4598 justissimeque
2754 4524 3081 4598 providerunt
3108 4539 3416 4598 quaecunque
3464 4523 3667 4598 negotia
3713 4522 3764 4598 in

2188 4600 2292 4650 suis
2322 4591 2445 4650 locis
2473 4597 2556 4647 ubi
2580 4603 2688 4647 orta
2717 4605 2832 4646 sunt
2860 4591 3127 4659 finienda;
3158 4609 3244 4646 nec
3267 4595 3449 4659 cuique
3499 4591 3764 4659 provincia

2187 4669 2406 4737 gratiam
2426 4665 2588 4719 sancti
2604 4664 2832 4737 Spiritus
2845 4665 3198 4737 defuturam...
3219 4663 3585 4737 autquomodo
3608 4665 3763 4737 ipsum

2184 4733 2581 4790 transmarinum
2603 4735 2676 4805 (id
2701 4743 2784 4788 est
2807 4738 3126 4794 Romanum)
3149 4734 3408 4802 judicium
3434 4745 3634 4786 rectum
3654 4733 3762 4794 erit,

2182 4809 2250 4861 atl
2280 4809 2414 4875 quod
2440 4807 2644 4858 testium
2669 4806 2966 4858 necessaria:
2987 4819 3216 4872 personae
3238 4805 3312 4857 uel
3343 4813 3566 4875 propter,
3594 4817 3762 4875 sexus,

2182 4878 2258 4931 uel
2274 4873 2477 4944 prapter
2490 4876 2755 4929 senectutis
2772 4876 2821 4928 in
2829 4875 2963 4942 ﬁrmi
2970 4876 3119 4926 tatem
3129 4875 3252 4938 ,mul
3257 4875 3317 4926 tis
3331 4875 3486 4927 etiam
3497 4874 3617 4944 aliis
3629 4873 3764 4944 inter-

2185 4941 2498 5001 currentibus
2538 4941 2910 5011 impedimeutis
2940 4945 3130 4997 adduci
3181 4960 3281 4997 non
3314 4943 3598 5013 poterunt?
3630 4941 3764 4994 Nam

2185 5031 2235 5070 ut
2261 5018 2418 5082 aliqui
2445 5025 2691 5084 tanquam
2721 5032 2753 5067 a
2806 5025 2904 5068 tua:
2933 5016 3215 5068 sanctitatis
3265 5015 3423 5068 latere
3467 5017 3760 5073 mittantur,

2187 5088 2332 5142 nulla
2383 5089 2664 5140 invenimus
2718 5085 2936 5139 Patrum
2985 5087 3184 5154 synodo
3225 5086 3600 5148 constitutum,
3659 5096 3760 5154 etc.

2187 5163 2348 5212 thrte
2376 5157 2418 5210 si
2447 5171 2676 5224 unquam
2703 5156 2791 5224 jus
2841 5165 2924 5208 est
2967 5151 3249 5209 revocandi
3299 5156 3544 5218 domum,
3592 5162 3650 5206 ut
3693 5151 3765 5204 lo-

2189 5237 2423 5294 quuntur
2460 5225 2828 5294 jurisconsulti
2872 5227 2985 5294 Dig.
3023 5227 3115 5279 lib.
3149 5241 3203 5288 v,
3236 5225 3297 5276 de
3322 5226 3564 5294 judiciis,
3592 5237 3762 5276 ιιιυι·

2189 5314 2279 5403 m’
2306 5298 2356 5350 in
2387 5293 2564 5350 causis
2591 5299 2640 5348 in
2671 5297 2862 5360 quibus
2888 5293 3104 5350 teStium
3136 5311 3262 5348 usus
3292 5293 3396 5349 est.
3432 5293 3702 5348 Gussasv.

2315 5370 2366 5403 In
2409 5383 2513 5403 Ilnn
2542 5382 2571 5403 ο
2600 5364 2811 5403 ΠηΙΙιονΙ
2889 5366 2999 5403 hmn
3032 5377 3150 5403 unm
3183 5365 3560 5403 nlsrnmilnainq
3593 5378 3702 5403 nm

2315 5370 2367 5421 tn
2409 5383 2513 5420 uno
2542 5382 2572 5420 e
2600 5364 2836 5420 Colbert.
2889 5366 3000 5418 haec
3032 5377 3150 5419 nota
3183 5365 3564 5433 chronnlogica
3593 5361 3767 5433 prati.

2183 5439 2322 5507 gitur
2344 5438 2602 5504 epistolae,
2628 5435 2907 5489 silentibus
2930 5435 3193 5507 aliisiblss.
3225 5437 3278 5488 In
3307 5437 3628 5502 Remigiauo
3663 5441 3770 5507 post

2186 5502 2320 5562 hanc
2361 5502 2518 5575 epist.
2573 5507 2766 5573 legitur
2819 5510 2985 5559 mense
3039 5505 3349 5569 Novembri,
3395 5507 3682 5560 indicimus
3723 5502 3768 5552 7.

2191 5577 2384 5631 Votum
2418 5583 2529 5631 haec
2556 5579 2620 5630 ad
2652 5577 2808 5645 epist.
2842 5588 3151 5643 sequentem
3187 5577 3456 5644 pertinere
3481 5576 3766 5629 credimus.

2199 5690 2216 5704 .
2261 5651 2428 5702 l‘lt'ts'r.
2469 5649 2555 5703 Vll
2585 5648 2687 5717 [ΑΙ.
2729 5646 2809 5718 2].
2848 5677 2916 5687 —
2941 5658 2964 5682 ⁴¹
3005 5649 3170 5716 Vulgo
3197 5649 3409 5715 Corfou,
3446 5646 3633 5718 insula
3659 5657 3764 5712 pro-

2189 5719 2370 5775 sint-Le
2399 5717 2795 5789 Nicopolitanr,
2824 5720 2982 5789 Epiro
3007 5719 3268 5788 ad,aceus.
3302 5721 3354 5772 ln
3380 5720 3568 5772 multis
3591 5717 3762 5772 Nona.
