3990 6370
506 370 635 425 1511

1717 371 1955 428 SANCTI
1993 368 2319 425 GREGORII
2358 368 2568 425 MAG-NI

3612 380 3765 436 131⁵3

494 481 651 535 sisset
679 477 705 516 δ
730 482 888 534 aliam
920 481 1065 535 illum
1113 479 1178 534 ad
1231 480 1495 536 Andream
1534 480 1800 550 quondam
1849 482 2063 536 fratrem
2095 492 2141 550 Α
2170 488 2229 534 ut
2255 494 2353 534 nec
2384 480 2543 534 modo
2574 480 2817 538 voluntas
2837 497 3020 538 eorum
3040 485 3128 554 qui
3155 500 3400 554 perversa
3426 489 3749 556 moliuntur,

493 579 733 625 nostrum
765 581 887 625 tunc
914 571 1339 641 Nic0politanum
1367 571 2062 640 metropolitamjussionem

493 664 729 727 dedisse,
761 672 821 717 ut
848 665 1094 731 quoniam
1124 672 1345 732 utraque
1370 676 1490 731 pars
1520 663 1636 731 ejus
1673 662 2056 730 eratjurisdic-

504 753 630 806 tioni
656 752 919 822 subjecta,
950 753 1063 822 ipse
1091 752 1225 806 hanc
1254 766 1467 806 causam
1506 766 1829 819 cognoscere
1852 760 1905 806 et
1946 753 2061 807 fini-

496 858 555 896 re
577 843 835 896 canonice
858 843 1145 896 debuisset.
1169 842 1267 909 Qui
1293 843 1646 911 metropolita,
1667 842 1879 911 cognita
1903 858 2062 896 causa

497 935 803 1003 prolataque
831 935 1115 999 sententia,
1149 933 1300 1000 cujus
1326 932 1416 986 tibi
1446 933 1766 1001 exemplaria
1798 933 2061 999 misimus,

496 1023 799 1091 praedictum
826 1022 1063 1091 Cassiopi
1084 1030 1317 1076 castrum
1363 1022 1465 1077 sub
1522 1031 1780 1089 potestate
1812 1036 1873 1076 ac
1899 1022 2063 1090 juris-

494 1116 726 1170 dictione
752 1113 1081 1184 Corcyritani
1111 1113 1383 1182 episcopi,
1428 1113 1579 1180 cujus
1618 1121 1671 1165 et
1718 1128 1927 1179 semper
1967 1111 2064 1165 fuit

448 1196 453 1217 ³
494 1205 756 1267 dimcesis,
785 1219 902 1259 esse
931 1204 1189 1256 distinxit.
1214 1204 1380 1268 Quam
1423 1217 1517 1255 nos
1568 1204 1884 1255 sententiam
1909 1217 2054 1255 com-

450 1302 457 1309 '
496 1298 803 1366 probantes,
849 1295 1153 1364 apostolicae
1194 1294 1335 1347 sedis
1368 1294 1681 1347 auctoritate
1725 1293 2063 1361 pra‘vidimus

492 1386 929 1441 confirmandam.
1005 1384 1069 1437 Et
1125 1400 1191 1438 ne
1248 1399 1308 1438 ea
1358 1400 1476 1451 qua:
1532 1384 1913 1453 decrevimus,
1988 1386 2061 1438 ita

501 1478 796 1545 potuissent
833 1489 952 1528 esse
974 1474 1233 1536 districta,
1266 1484 1323 1527 ut
1344 1473 1472 1527 nihil
1503 1474 1841 1541 benignitatis
1868 1472 2063 1529 habere

494 1568 769 1620 videretur
796 1565 1106 1630 admistutn,
1138 1580 1280 1619 curae
1312 1565 1463 1618 nobis
1493 1563 1589 1618 fuit
1619 1566 1687 1618 ita
1718 1579 1931 1618 causam
1964 1578 2061 1632 pro

491 1666 729 1725 tempore
759 1655 1063 1723 disponere,
1096 1654 1233 1708 sicut
1252 1656 1528 1709 sementim
1558 1664 1775 1719 nostrze,
1806 1670 1963 1724 quam
1991 1656 2056 1708 ad

490 1756 544 1802 te
570 1749 831 1810 misimus,
877 1754 1051 1799 textus
1076 1748 1330 1810 ostendit,
1357 1755 1415 1800 ut
1442 1761 1610 1815 neque
1638 1746 1942 1815 episcopus,
1975 1747 2059 1801 vel

2167 570 2364 637 aliquid
2408 579 2590 623 contra
2620 573 2891 639 antiquum
2921 576 3298 629 ecclesiastica:
3340 581 3757 635 con~netudinis

2166 670 2361 714 statum
2385 660 2641 727 obtineat,
2675 678 2773 718 nec
2800 672 2918 733 post
2944 666 3011 719 ad
3050 668 3349 735 exemplum
3384 685 3468 723 res
3520 672 3749 725 nefanda

2169 752 2424 819 proficiat.

2240 841 2445 907 Quanta
2471 853 2727 911 praeterea
2782 846 2941 914 mala,
2985 857 3315 918 quantasque
3358 851 3745 918 opprrssivinvs

2164 933 2554 1000 supraSCriptus
2584 935 2833 1002 Alcyson,
2868 937 3029 991 frater
3053 946 3106 992 et
3132 944 3486 1007 coepiscopus
3537 953 3741 1007 noster,

2165 1020 2232 1073 ab
2301 1021 2605 1076 actionariis
2672 1025 2927 1079 Ecclesia:
2984 1027 3473 1084 Thessalonicensis
3538 1044 3745 1085 asserat

2164 1111 2448 1175 sustinere,
2508 1122 2563 1166 ut
2593 1115 2763 1181 possis
2779 1129 3119 1184 cognoscere,
3162 1118 3329 1186 ipsam
3352 1135 3509 1187 quam
3554 1121 3617 1171 ad
3645 1136 3745 1174 nos

2166 1203 2307 1255 misit
2334 1205 2609 1271 epistolam
2655 1206 2925 1260 dilectioni
2951 1218 3051 1260 tua:
3074 1210 3483 1267 transmisimus.
3510 1210 3746 1282 Ideoque

2166 1294 2431 1362 praedicta:
2461 1296 2713 1351 Ecclesia:
2745 1299 3109 1368 responsalem
3140 1301 3319 1356 venire
3347 1302 3412 1354 ad
3444 1311 3495 1355 te
3544 1302 3706 1358 facito
3727 1343 3744 1366 ,

2165 1392 2322 1452 atque
2347 1400 2560 1439 causam
2584 1386 2698 1455 ipso
2727 1396 2988 1455 praesente
3007 1402 3289 1458 cognosce,
3313 1400 3369 1444 et
3394 1391 3462 1445 de
3492 1392 3745 1458 capitulis

2164 1474 2355 1541 quibus
2386 1483 2437 1528 te
2458 1477 2594 1528 ratio
2624 1477 2848 1530 moverit
2899 1478 3047 1531 fratri
3097 1487 3149 1532 et
3188 1481 3509 1550 coepiscopo
3555 1493 3742 1535 nostro

2166 1564 2393 1619 Eusebio
2422 1567 2617 1631 scribe,
2645 1575 2699 1619 ut
2722 1568 2962 1623 homines
2988 1583 3112 1623 suos
3132 1586 3291 1640 agere
3320 1573 3516 1641 injusta
3553 1575 3744 1643 prohi-

2164 1654 2290 1708 beat
2310 1697 2323 1719 ,
2358 1666 2412 1709 et
2437 1656 2673 1710 minores
2719 1672 2822 1709 non
2855 1672 3121 1725 premere,
3153 1660 3245 1713 sed
3276 1662 3444 1731 magis
3472 1663 3524 1717 in
3552 1666 3747 1732 quibus

2157 1747 2356 1816 justum
2387 1745 2541 1800 fuerit
2585 1756 2796 1801 moneat
2815 1747 3083 1832 adjuvare.
3110 1749 3218 1804 lloc
3238 1766 3449 1820 quoque
3474 1754 3745 1816 volumus,

488 1837 663 1893 clerus
737 1836 910 1890 Ettrize
988 1836 1217 1890 civitatis
1276 1836 1646 1890 necessitatem
1714 1836 2057 1890 habitationis
2096 1847 2220 1913 But
2246 1837 2295 1891 ei
2317 1838 2404 1905 qui
2433 1836 2484 1890 in
2541 1837 2756 1891 civitate
2802 1837 3165 1907 Nicopolitana
3210 1844 3544 1921 metropolita
3589 1844 3750 1899 fuerit

495 1930 829 1983 incurrerent
855 1968 870 1989 ,
902 1942 1001 1982 nec
1028 1927 1388 1997 Corcyritante
1421 1927 1672 1981 Ecclesia:
1702 1928 1972 1996 privilegia
2005 1928 2056 1981 in

2158 1929 2450 1993 ordinatus,
2516 1929 2730 1983 dilectio
2811 1938 2895 1983 tua
2921 1931 3156 1986 scribere
3217 1934 3427 2000 debeat,
3480 1949 3749 2004 quatenus

491 2019 671 2088 aliquo
717 2020 1074 2072 turbarentur.
1116 2018 1220 2072 Sed
1245 2019 1365 2086 quia
1399 2026 1422 2053 ⁸
1456 2017 1592 2071 inter
1625 2018 1733 2086 ipsa
1764 2018 2053 2085 primordia

487 2107 836 2163 serenissimo
863 2108 1067 2176 1267
1092 2107 1287 2160 domno
1306 2107 1608 2177 imperatori
1630 2108 1935 2177 subreptum
1950 2117 2052 2176 est,

482 2206 644 2265 atque
708 2206 892 2249 contra
937 2197 1227 2265 judicatum
1300 2196 1651 2265 Nicopolitani
1706 2199 2058 2267 metropolita:

2159 2034 2371 2075 causam
2393 2018 2459 2074 de
2484 2019 2692 2074 damnis
2728 2035 2845 2088 qua:
2876 2020 3125 2075 Ecclesia:
3146 2038 3255 2076 sua:
3284 2023 3426 2077 illata
3459 2025 3747 2091 praedictus

2161 2110 2322 2165 frater
2351 2120 2532 2165 noster
2553 2110 2782 2181 Alcyson
2809 2113 3046 2180 queritur
3065 2127 3406 2181 cogno~cere,
3429 2124 3482 2169 et
3505 2117 3646 2184 quod
3670 2116 3756 2184 ju-

2161 2212 2298 2257 stnm
2324 2211 2407 2256 est
2427 2201 2616 2256 debeat
2639 2201 3020 2271 definire,quia
3043 2217 3071 2256 a
3094 2203 3377 2259 decessore
3400 2205 3566 2274 ipsius
3588 2222 3750 2275 nego-

487 2304 596 2358 quo
627 2290 981 2345 ecclesiasuica
1008 2291 1324 2343 rectitudine
1352 2298 1405 2344 et
1432 2291 1685 2343 canonica
1714 2290 1916 2344 ratione
1946 2289 2060 2343 suf-

488 2379 676 2433 fultum
706 2390 807 2443 est,
839 2381 1090 2449 episcopo
1131 2379 1326 2445 Eurim,
1376 2378 1515 2449 quod
1564 2394 1662 2432 nec
1712 2378 1829 2433 sine
1871 2379 2055 2433 dolore

485 2467 674 2521 audire
706 2469 785 2522 vel
827 2469 967 2536 loqui
998 2470 1113 2521 sine
1141 2468 1341 2536 gemitu
1374 2482 1675 2535 possumus,
1705 2482 1824 2520 cum
1868 2468 2057 2535 majori

482 2555 678 2623 injuria
698 2555 932 2623 episcopi
964 2554 1296 2624 Corcyritani
1351 2564 1509 2623 atque
1566 2555 1881 2609 clericorum
1911 2556 2050 2622 ejus,

479 2648 773 2700 antefatuin
803 2647 1044 2714 Cassiupi
1067 2654 1299 2701 castrqu
1335 2647 1581 2700 traditum
1615 2655 1965 2713 memoratur;
2003 2660 2058 2701 ut

480 2746 681 2801 amota,
710 2737 849 2806 quod
871 2752 1029 2806 grave
1043 2746 1124 2791 est
1147 2737 1271 2805 dici,
1302 2737 1676 2806 jurisdictione
1693 2739 2055 2809 Corcyritanze

481 2826 753 2891 Ecclesiae,
785 2828 898 2896 ipse
920 2827 1029 2881 illic
1056 2842 1266 2883 omnem
1299 2836 1546 2897 tanquam
1578 2829 1924 2897 principalem
1958 2830 2050 2882 ha-

480 2918 605 2972 beat
628 2908 991 2993 potestatean
1001 2919 1320 2973 sententiam
1337 2928 1574 2973 nostram
1606 2919 1733 2972 nulli
1765 2919 1893 2973 dare
1922 2936 2060 2987 pra:-

480 3009 735 3077 vidimus,
765 3025 833 3064 ne
860 2998 1042 3063 conira
1071 3010 1366 3078 jusslonem
1416 3010 1819 3065 clementissimi
1874 3011 2059 3065 domui

480 3102 837 3168 imperatoris,
868 3102 973 3167 vel,
1025 3103 1166 3173 quod
1214 3102 1377 3167 absit,
1426 3102 1478 3155 in
1526 3102 1836 3171 despectum
1894 3102 2058 3172 ipsius

2164 2296 2295 2350 tium
2332 2295 2504 2365 ipsum
2538 2310 2640 2348 non
2668 2294 2937 2360 decisum,
2970 2295 3064 2349 sed
3115 2296 3304 2366 legitur
3334 2307 3664 2353 reservatum
3701 2298 3747 2354 ί.

2615 2386 2824 2455 1233
2856 2386 3183 2442 EPISTOLA
3209 2386 3299 2441 Ix.

2393 2495 2461 2534 AD
2482 2493 2716 2532 JOANNEM
2757 2493 3169 2533 PANORIITANUI
3202 2495 3507 2534 EPISCOPUI.

2411 2570 2647 2623 Basilica:
2686 2568 3040 2623 consecranda
3059 2570 3146 2622 dat
3167 2572 3482 2638 facultatem.

2232 2662 2524 2731 Gregorius
2555 2661 2743 2716 Joanni
2774 2662 3027 2730 episcopo
3055 2660 3457 2715 Panormitano.

2232 2754 2511 2808 Basilicam
2536 2768 2692 2821 quam
2721 2768 2748 2803 a
2782 2752 3064 2806 dilectione
3092 2760 3178 2806 tua
3210 2753 3263 2805 in
3291 2752 3547 2806 honorem
3577 2750 3752 2806 beata

2162 2859 2483 2914 semperque
2512 2843 2731 2913 virginis
2774 2842 2976 2907 Mariae,
3008 2857 3099 2910 per
3145 2841 3399 2897 Savinum
3460 2840 3749 2894 subdiaco-

2162 2953 2285 2992 num
2318 2946 2555 2991 nostrum
2579 2946 2631 2991 et
2656 2946 2919 2990 rectorem
2951 2932 3274 3003 patrimonii,
3335 2931 3579 3003 suggeris
3623 2948 3751 2987 esse

2162 3034 2449 3102 perfectam
2479 3029 2824 3085 consecrandi
2859 3028 2949 3082 tibi
2982 3027 3355 3096 praeceptionis
3382 3036 3578 3080 nostra!
3602 3025 3750 3080 serie

2163 3123 2374 3177 noveris
2402 3120 2704 3175 facultatem
2737 3118 3063 3172 attributum.
3098 3126 3384 3186 quatenus,
3416 3116 3582 3169 frater
3613 3114 3749 3169 cha-

478 3195 674 3265 aliquid
709 3196 883 3250 facere
914 3174 1460 3267 videremur.ﬁ)ltaque
1501 3194 1719 3248 dilectio
1750 3203 1835 3247 tua
1868 3191 2056 3263 pietati

2176 3213 2405 3275 rissime,
2433 3209 2733 3265 devotionis
2763 3218 2867 3262 tute
2916 3206 3239 3262 desiderium
3271 3204 3568 3272 complens,
3601 3204 3753 3257 cele-

478 3285 596 3351 ejus
622 3292 813 3338 cuncta
843 3281 1121 3352 diligenter
1152 3270 1410 3350 insinuet,
1471 3292 1630 3353 atque
1657 3290 1968 3337 consmuter
1999 3296 2057 3334 a-

480 3383 653 3428 struat
679 3376 781 3429 hoc
808 3374 1026 3429 omnino
1076 3374 1341 3442 illicitum,
1373 3375 1590 3429 omnino
1649 3389 1888 3444 pravum,
1947 3388 2063 3427 om-

481 3468 609 3519 nino
632 3466 906 3535 injustum,
934 3475 986 3520 et
1015 3466 1181 3519 sacris
1205 3480 1327 3520 esse
1392 3466 1544 3519 valde
1602 3466 1895 3520 canonibus
1951 3463 2057 3520 ini-

480 3561 696 3614 micum.
725 3561 789 3614 Et
818 3559 938 3614 ideo
964 3558 1267 3628 hujusmodi
1298 3568 1571 3628 peccatum
1600 3557 1928 3626 temporibus
1946 3556 2059 3610 suis

476 3650 743 3705 introduci
788 3652 840 3705 in
884 3650 1137 3704 Ecclesia:
1169 3650 1528 3720 pra‘judieium
1595 3662 1698 3702 non
1766 3649 2063 3716 permittat.

483 3742 592 3798 Sed
614 3742 739 3812 quid
762 3740 828 3796 de
857 3741 960 3797 hoc
993 3742 1202 3809 negotio
1223 3741 1514 3809 judicatum
1539 3737 1756 3794 antefati
1792 3738 2058 3808 quondam

483 3836 833 3905 metropolitre
862 3836 1155 3897 contineat,
1187 3834 1268 3887 vel
1298 3834 1521 3902 qualiter
1542 3851 1567 3885 a
1595 3832 1746 3885 nobis
1768 3847 1827 3885 ea
1853 3847 1972 3900 quae
1996 3831 2063 3885 ab

483 3927 578 3982 illo
605 3929 821 3982 decreta
870 3934 993 3980 sunt
1018 3925 1329 3979 confirmata
1361 3925 1551 3979 fuerint
1580 3933 1867 3993 suggerat,
1902 3933 2062 3990 atque

480 4018 537 4074 id
561 4031 720 4085 agere
761 4016 990 4081 studeat,
1037 4025 1095 4068 ut
1127 4030 1245 4068 cum
1287 4014 1402 4082 ejus
1437 4014 1675 4081 iussione
1727 4022 1905 4067 nostra
1956 4013 2064 4066 illic

483 4108 744 4165 sententia
769 4108 1180 4168 transmittatur,
1203 4115 1467 4175 quatenus
1494 4117 1547 4160 et
1568 4106 1842 4161 serenitati
1875 4107 2061 4174 ipsius,

481 4201 619 4256 sicut
655 4200 872 4269 dignum
904 4208 1004 4263 est,
1038 4213 1362 4267 reservasse,
1401 4210 1456 4254 et
1506 4198 1893 4253 rationabiliter
1946 4212 2067 4252 cor-

486 4290 690 4346 rexisse
723 4306 839 4361 qua:
867 4291 1007 4345 male
1046 4300 1365 4360 praesumpta
1398 4299 1519 4345 sunt
1541 4290 1836 4344 videamur.
1863 4291 1975 4357 Qua
2012 4290 2064 4343 in

484 4397 543 4437 re
566 4383 784 4455 omnino
812 4380 980 4434 danda
1005 4395 1166 4451 opera
1198 4390 1279 4434 est
1323 4391 1396 4444 ut,
1430 4383 1472 4435 si
1505 4380 1617 4434 fieri
1652 4389 1826 4448 potest
1854 4424 1867 4449 ,
1904 4380 2063 4434 etiam

480 4474 772 4542 jussi0nem
802 4488 952 4527 suam
985 4475 1095 4535 ipse
1153 4474 1383 4538 tribuat,
1434 4475 1484 4526 in
1525 4487 1624 4541 qua
1665 4488 1727 4527 ea
1756 4489 1873 4541 qua:
1903 4488 1933 4526 a
1972 4488 2067 4527 no-

486 4565 566 4619 bis
605 4565 821 4620 definita
870 4573 996 4619 sunt
1042 4566 1243 4619 servari
1276 4564 1565 4634 prmcipiat.
1599 4563 1730 4618 Nam
1779 4564 1879 4618 hoc
1928 4563 2068 4617 facto

483 4656 656 4708 omnis
695 4654 762 4709 de
800 4667 995 4711 caetero
1045 4655 1405 4724 subreptionis
1452 4656 1596 4709 locus
1640 4655 1949 4708 obstruitur.
1994 4652 2068 4708 Ita

486 4766 615 4819 ergo
646 4751 711 4804 ad
766 4749 1154 4819 compescenda
1215 4750 1330 4803 haec
1387 4747 1692 4815 pra'jud'cia
1746 4746 2068 4815 vigilantiam

484 4850 627 4895 tuam
650 4856 770 4895 cum
794 4840 1169 4907 omnipotentis
1190 4838 1280 4893 Dei
1297 4837 1561 4907 adjutorio
1578 4850 1831 4891 exercere
1854 4836 2069 4901 festina,

2168 3304 2377 3358 britatis
2404 3302 2729 3372 perfectione
2756 3299 3062 3372 gratuleris.
3095 3305 3118 3333 ⁸
3154 3297 3285 3353 Data
3314 3311 3500 3353 mense
3527 3297 3756 3351 Decem-

2168 3395 2269 3460 bri,
2301 3394 2587 3449 indictione
2618 3393 2671 3445 7.

2735 3456 3063 3513 EPISTOLA
3099 3456 3167 3513 X.

2666 3566 2733 3603 ΑΙ)
2762 3562 3027 3603 ουυυιηωί
3053 3560 3246 3601 Βυϐεὶί.

2352 3642 2568 3697 Ancilla:
2600 3639 2696 3694 Dei
2715 3649 3057 3709 stupratorem
3085 3637 3301 3691 militem
3329 3638 3528 3706 puniat.

2238 3738 2525 3809 Gregorius
2555 3745 2580 3773 ι
2603 3734 2849 3791 Guduino
2870 3734 2988 3787 duci
3016 3729 3283 3798 Neapolis.

2238 3830 2367 3886 Cum
2400 3831 2539 3883 inter
2566 3829 2729 3881 multa
2776 3826 2912 3879 bona
2944 3838 3060 3893 qua:
3090 3822 3244 3876 nobis
3294 3821 3361 3876 de
3390 3819 3764 3889 magnitudine

2170 3932 2348 3976 vestra
2376 3920 2570 3988 saepius
2597 3918 2908 3971 nuntiantur
2936 3914 3059 3969 illud
3090 3914 3142 3968 in
3169 3911 3320 3967 vobis
3341 3912 3460 3980 plus
3487 3911 3764 3966 laudabile

2172 4014 2377 4068 dicatur
2415 4010 2675 4074 existere,
2703 4008 2843 4078 quod
2898 4008 3196 4062 castitatem
3251 4003 3493 4073 diligitis,
3533 4010 3591 4057 et
3645 4002 3766 4057 dis-

2174 4106 2446 4173 ciplinam,
2476 4103 2613 4156 sicut
2638 4101 2854 4171 dignum
2902 4106 3007 4163 est,
3053 4095 3355 4160 custoditis,
3400 4094 3537 4148 satis
3582 4092 3762 4147 mirati

2175 4214 2358 4254 sumus
2388 4196 2527 4265 quod
2570 4195 2622 4248 in
2657 4194 2825 4248 milite
2856 4192 2946 4246 illo
2969 4190 3055 4259 qui
3084 4188 3331 4242 ancillam
3366 4187 3455 4239 Dei
3493 4184 3761 4239 diabolica

2175 4289 2515 4358 instigatione
2539 4285 2850 4355 perdiderit,
2882 4280 3273 4336 districtissima
3302 4277 3536 4331 vindicta
3567 4277 3759 4329 hacte-

2178 4399 2274 4436 nus
2293 4383 2424 4435 facta
2448 4395 2551 4432 non
2572 4378 2747 4432 fuerit.
2764 4376 2892 4430 Nam
2916 4384 2967 4428 et
2989 4372 3225 4427 moribus
3242 4380 3297 4426 et
3316 4368 3542 4424 bonitati
3568 4377 3768 4421 vestra:

2172 4473 2325 4527 valde
2343 4472 2666 4527 conveniens
2692 4467 2790 4523 fuit
2808 4476 2863 4522 ut
2879 4476 3002 4520 ante
3017 4463 3083 4517 ad
3110 4477 3211 4518 nos
3231 4462 3363 4515 ultio
3383 4476 3544 4531 quam
3574 4473 3770 4528 perpe-

2174 4573 2325 4617 tratze
2346 4560 2518 4630 culpa:
2549 4559 2798 4628 iniquitas
2820 4556 3145 4625 perveniret.
3168 4551 3273 4607 Sed
3302 4551 3427 4621 quia
3468 4549 3762 4603 vindictam

2176 4650 2333 4720 hujus
2391 4649 2615 4703 sceleris
2654 4662 2756 4700 non
2790 4646 3063 4700 voluntate
3109 4650 3309 4707 vestra,
3388 4640 3481 4695 sed
3539 4640 3767 4693 aliorum

2175 4740 2442 4797 credimus
2484 4736 2915 4807 subreptionibus
2962 4749 3083 4789 esse
3155 4746 3493 4799 suspensam,
3545 4744 3613 4783 ne
3669 4730 3769 4781 hoc

2180 4826 2621 4900 peccatum‘vel
2667 4841 2948 4881 numerum
2996 4824 3372 4892 indisciplinati
3422 4821 3627 4888 militis,
3684 4819 3769 4873 vel

557 4977 583 5017 ἀ
618 4977 777 5031 Iidem
812 4975 1135 5027 recentiores
1163 4971 1350 5026 eadem
1388 4968 1622 5031 licentia,
1646 4966 1799 5019 talem
1821 4968 1969 5020 illum
1995 4968 2062 5021 ad
2101 4973 2145 5032 υ
2246 4967 2427 5020 Errs'r.
2454 4963 2521 5017 Χ.
2550 4960 2655 5034 [Αἰ.
2686 4956 2763 5028 5].
2785 4985 2857 5034 _—_-
2886 4964 2912 4991 ι
2939 4953 3502 5034 ἀρρειιίιιυτβυάςιξη,
3534 4969 3563 5034 a
3594 4958 3769 5034 scrip.

488 5051 765 5105 Andream.
788 5046 900 5111 Qua
934 5044 1244 5106 mutatione,
1271 5038 1452 5093 invitis
1480 5038 1609 5092 Mss.
1638 5037 1828 5103 Vatic.,
1858 5038 2063 5104 Norm.,

489 5121 665 5179 Colh.,
694 5117 853 5178 facta,
888 5116 1131 5167 turbatur
1162 5126 1371 5165 sensus.

561 5201 585 5229 ι
604 5177 773 5255 supra
794 5177 1024 5252 loquitur
1044 5184 1111 5237 de
1129 5180 1474 5255 subreptione
1496 5177 1914 5255 lacta_lil-auricio
1939 5177 2068 5255 imp.

491 5262 586 5314 llic
610 5247 693 5313 de'
715 5258 814 5309 alia
850 5247 1007 5335 (illa!!!
1037 5269 1223 5335 passus
1252 5260 1368 5306 erat
1397 5247 1603 5302 Phocas
1645 5247 1798 5301 initio
1838 5248 2068 5316 imperii,

488 5332 597 5399 agit
620 5338 841 5399 sanctus
870 5324 1206 5399 Gregorius._
1301 5392 1332 5399 η
1476 5388 1489 5399 ι
1703 5386 1714 5395 ,
1755 5395 1764 5399 _
1826 5386 1837 5399 .
1866 5387 1876 5397 .

566 5400 582 5437 ί
618 5397 674 5452 1η
727 5396 1117 5451 recentioribus
1159 5392 1426 5447 clauditur
1476 5388 1591 5442 hrec
1632 5386 1790 5455 epist.
1826 5386 1909 5439 his
1949 5402 2071 5440 ver-

489 5468 614 5524 bis:
648 5469 782 5521 Data
826 5483 995 5519 meme
1031 5464 1330 5525 Decembrii,
1366 5460 1545 5513 indict.
1577 5460 1630 5523 7,
1663 5472 1782 5526 qum
1813 5471 1941 5510 sane
1971 5458 2071 5510 ah-

492 5548 614 5593 sunt
653 5554 682 5591 a
729 5539 851 5591 Mss.
888 5538 1104 5597 nostris,
1136 5544 1189 5587 et
1215 5534 1281 5587 ab
1308 5532 1541 5601 antiquis
1567 5526 2070 5601 Ettitis._‘Pertinent

490 5608 544 5662 in
588 5609 716 5662 Mss.
766 5608 831 5661 ad
882 5610 1039 5676 epist.
1080 5597 1531 5673 sequentemfut
1582 5616 1704 5655 mox
1746 5597 1935 5651 dicturi
1983 5612 2073 5650 su-

487 5690 745 5829 Turis”.
796 5745 861 5829 ΙΔΧ
891 5741 1110 5829 [ξυλη.
1139 5770 1209 5781 -
1256 5751 1280 5779 ι
1316 5740 1393 5794 Ita
1442 5754 1547 5793 non
1580 5738 1805 5809 legimus
1827 5774 1841 5800 ,
1889 5735 1989 5791 nisi
2023 5736 2074 5790 in

493 5814 763 5868 Vaticanis
792 5816 857 5880 A,
890 5814 950 5881 ll,
984 5814 1045 5868 Ε.

2182 5038 2384 5091 toribus
2420 5025 2621 5090 Grmcis
2648 5025 2918 5088 Γούνδὸης.
2952 5026 3062 5079 Dux
3095 5026 3361 5079 exercitus
3392 5025 3627 5081 Mauricii
3660 5029 3765 5081 sub

2180 5107 2384 5170 Prisco,
2437 5119 2501 5159 ex
2546 5100 2948 5170 Cedrenohan.
2983 5094 3333 5170 “Mauricii.
3380 5096 3512 5170 Ejus
3541 5100 3770 5170 egregia

2180 5176 2305 5231 belli
2337 5164 2572 5228 facinora
2605 5178 2785 5224 narrat
2826 5167 3136 5228 Simocatta,
3171 5164 3258 5216 lib.
3290 5180 3380 5230 vn,
3414 5179 3463 5217 c.
3495 5165 3557 5217 ll
3592 5164 3647 5221 et
3681 5164 3768 5225 {2.

2180 5261 2338 5314 quem
2366 5246 2653 5315 ταξίαρχον
2681 5238 2931 5315 appellat.
2966 5234 3205 5315 Petro.
3231 5234 3395 5301 fratre
3435 5234 3678 5315 Mauricii
3724 5248 3775 5315 et

2179 5303 2319 5369 duce
2350 5303 2601 5381 supremo
2634 5303 2906 5381 exercitus
2932 5303 3160 5381 efficitur
3180 5303 3603 5381 ὖποστρβτῃγὸξ,
3634 5309 3774 5381 11ml-

2180 5394 2336 5453 taque
2366 5372 2621 5453 praeclare
2650 5379 2805 5453 gerit.
2836 5375 2999 5453 Idem,
3030 5375 3123 5453 lib.
3150 5388 3267 5451 vni,
3302 5372 3437 5453 αξξ,
3462 5372 3605 5453 (ξεῖ.
3636 5376 3778 5431 Gus-

2179 5442 2329 5509 ssav.
2369 5442 2435 5507 'ln
2466 5451 2617 5505 Colh.
2654 5442 2900 5516 'quidem,
2950 5444 3003 5516 in
3047 5444 3250 5516 Regio,
3285 5452 3354 5516 _et
3401 5442 3775 5516 in_No_rtnan.,

2180 5526 2375 5594 legitur
2407 5522 2637 5594 Cuduin,
2663 5512 2722 5594 _at
2766 5520 2818 5594 in
2863 5514 3031 5594 vatio.
3086 5514 3150 5594 D_,
3183 5513 3246 5594 ΕΞ,
3283 5512 3343 5594 Ε,
3376 5521 3435 5594 et_
3462 5513 3777 5594 innRhemq

2180 5581 2443 5647 Guduino.
2477 5595 2529 5646 In
2555 5588 2741 5651 Corb.,
2777 5586 3083 5641 Gunduiuo.
3118 5583 3171 5636 In
3203 5582 3378 5635 Vatic.
3406 5583 3475 5646 A,
3502 5581 3777 5636 Caudino.

2184 5665 2238 5717 In
2278 5664 2444 5716 Vatic.
2481 5663 2540 5725 Β,
2571 5660 2813 5713 Guidoui.
2863 5656 2915 5708 lu
2948 5665 3055 5708 vel.
3100 5652 3264 5718 Edit.,
3296 5661 3590 5729 corrupte~
3618 5653 3781 5707 Desi-

2187 5733 2327 5786 derio
2351 5734 2589 5799 εμὶεεορο
2614 5729 2815 5803 “allii”.
3070 5793 3080 5803 .
3141 5792 3171 5803 ..
3424 5794 3432 5803 .
3527 5794 3538 5803 .

2260 5803 2284 5840 δ
2327 5792 2575 5867 Ιὶὸςεηιί,
2625 5799 2699 5853 vel
2750 5796 3018 5851 humerum
3066 5792 3432 5862 indisciplinati
3467 5794 3609 5863 mil.,
3645 5793 3788 5851 forte
