3990 6350
164 314 293 367 ιδιδ

891 303 1371 361 EPISTOLARUM
1411 305 1541 361 LIB.
1587 304 1725 362 XIV.
1764 332 1834 344 -—
1871 302 2116 358 ISDICT.
2160 301 2267 357 VII.
2307 332 2377 343 -——
2419 303 2634 360 EPIST.
2680 306 2792 361 XII.

3287 304 3425 359 13H

162 428 268 481 loca
297 426 385 480 illa
411 424 464 480 in
491 423 685 491 quibus
708 421 1054 476 commissum
1082 430 1188 485 est,
1245 423 1419 475 valeat
1465 433 1731 489 premere,
1763 423 1808 479 Α
1837 414 2038 468 dictum
2061 421 2166 481 est,
2185 413 2306 482 quia
2330 429 2595 482 nunquam
2620 416 2821 470 amicus
2840 417 3057 474 domum
3080 420 3197 490 ejus
3221 423 3424 492 ingres-

162 516 432 569 hortamur
465 520 521 565 nt
548 511 666 566 sine
691 512 1036 567 excusatione
1066 511 1238 579 aliqua
1266 511 1349 564 vel
1377 509 1556 573 modo,
1601 523 1735 577 qua-

163 608 224 661 lis
248 606 399 659 vobis
427 603 603 658 fervor
631 602 704 656 sit
756 615 776 640 ο
809 615 935 668 erga
989 601 1250 654 castitatis
1301 600 1596 654 custodiam
1644 599 1734 653 de-

159 692 621 759 tnonstrantes,ita
650 705 746 759 pro
775 691 1021 756 exemplo
1047 691 1270 744 aliorum
1294 689 1536 745 districte
1558 704 1739 742 emen-

161 788 288 842 dare
320 793 524 838 tantum
549 783 754 836 facinus
785 781 1066 843 festinetis,
1099 790 1155 833 nt
1198 790 1252 835 et
1284 780 1448 834 Deum
1481 780 1653 844 vobis,
1685 780 1736 833 in

162 876 306 945 cujus
341 875 442 928 hoc
470 873 558 926 ille
598 871 845 938 injuriam
890 868 1233 938 perpetravit,
1265 878 1320 923 et
1349 870 1594 922 timorem
1624 869 1740 936 ejus

162 955 422 1032 despexit,
456 962 768 1031 placabilem
802 961 1028 1024 faciatis,
1053 972 1104 1015 et
1126 975 1224 1016 nos
1247 959 1398 1014 vobis
1427 960 1494 1014 de
1523 960 1619 1013 zeli
1652 974 1742 1013 ve-

164 1055 258 1108 stri
289 1052 608 1107 rectitudine
646 1050 845 1120 gratias
879 1048 1199 1104 referamus.
1249 1049 1380 1103 Nam
1414 1057 1610 1102 tantam
1643 1048 1740 1102 ini-

164 1145 418 1214 quitatem
447 1143 668 1197 inultam
700 1155 984 1197 remanere
1016 1139 1164 1194 nullo
1208 1139 1366 1195 modo
1390 1139 1643 1209 patimur.

703 1249 1035 1305 EPISTOLA
1079 1248 1170 1304 XI.

630 1348 696 1386 ΑΒ
725 1345 964 1384 JOANNEI
993 1343 1303 1383 EPISCOPUI.

165 1411 236 1468 De
265 1411 418 1466 trium
443 1412 498 1465 in
540 1411 803 1478 episwpos
830 1409 1100 1461 electorum
1134 1407 1382 1474 personis,
1411 1406 1656 1473 moribus,
1685 1423 1745 1460 ac

689 1481 898 1531 scientia
930 1478 1174 1544 requirat.
1195 1478 1211 1534 I

228 1572 514 1643 Gregorius
535 1569 723 1624 Joanni
754 1570 1021 1637 episcopo.

229 1673 255 1701 ι
284 1663 361 1717 Ne
401 1663 609 1717 incauta
641 1675 828 1716 eorum
859 1658 1130 1715 ordinatio
1150 1657 1240 1728 qui
1269 1657 1336 1712 ad
1380 1657 1745 1725 episcopatum

173 1757 444 1826 eliguntur
470 1755 640 1808 valeat
664 1753 964 1819 provenire,
985 1749 1221 1820 vigilanti
1243 1749 1454 1820 1269
1477 1748 1542 1803 de
1563 1763 1744 1802 eorum

165 1848 408 1916 personis
434 1844 796 1900 sollicitudine
816 1853 899 1898 est
920 1841 1322 1910 requirendum.
1348 1840 1640 1894 lndicatum
1672 1840 1746 1894 si-

165 1938 380 2007 quidem
405 1935 555 1989 nobis
577 1943 660 1988 est
682 1932 1074 1995 Florentinum,
1102 1929 1538 1985 arcltidiaconum
1564 1929 1748 1983 Eccle-

165 2028 254 2082 sia:
292 2027 659 2090 Anconitame,
692 2025 780 2093 qui
812 2022 878 2075 ad
927 2022 1293 2090 episcopatum
1325 2021 1494 2074 fuerat
1523 2019 1746 2082 elecms,

159 2117 453 2184 Scriptura:
490 2115 702 2185 quidem
732 2126 902 2168 sacras
927 2111 1206 2165 scientiam
1259 2109 1493 2175 habere;
1551 2109 1646 2165 sed
1678 2111 1748 2163 ita

164 2210 334 2264 aetatis
363 2222 482 2263 esse
521 2207 673 2262 senio
697 2205 807 2275 jam
867 2203 1223 2270 contractum,
1255 2214 1311 2257 ut
1364 2202 1430 2256 ad
1477 2203 1750 2272 regiminis

155 2299 397 2353 officium
454 2311 557 2351 non
602 2295 770 2366 possit
817 2308 1122 2363 assurgere.
1173 2293 1440 2348 Addentes
1469 2292 1629 2347 etiam
1680 2293 1750 2347 ita

174 2389 322 2444 illum
349 2396 590 2441 tenacem
616 2385 868 2449 existere,
897 2381 926 2420 ι)
960 2391 1018 2437 ιιι
1043 2382 1259 2437 domum
1287 2381 1403 2451 ejus
1455 2380 1656 2436 amicus
1686 2380 1752 2435 ad

169 2481 490 2536 charitatem
523 2491 790 2545 nunquam
827 2477 1074 2530 introeat.
1107 2473 1354 2528 Ilusticus
1406 2484 1607 2538 autem,
1635 2473 1754 2528 dia-

172 2584 341 2624 conus
369 2567 613 2638 ejusdem
647 2565 919 2629 Ecclesiae,
948 2567 1035 2635 qui
1069 2566 1314 2620 similiter
1337 2564 1536 2620 electus
1561 2565 1750 2631 fuerat,

169 2661 396 2731 vigilans
420 2660 632 2730 quidem
659 2658 817 2712 homo
840 2658 1051 2724 dicitur,
1069 2658 1162 2713 sed
1191 2667 1442 2728 quantum
1473 2659 1753 2724 asseritur,

176 2752 418 2808 Psalmos
448 2751 680 2821 ignorat.
703 2748 1062 2804 Florentinnm
1091 2765 1240 2817 vero,
1262 2750 1541 2804 diaconum
1567 2749 1756 2805 Eccle-

177 2845 274 2897 sia:
303 2842 644 2906 Ravennatis,
671 2844 758 2911 qui
777 2841 982 2896 electus
1011 2842 1076 2895 ab
1103 2843 1351 2896 omnibus
1400 2853 1756 2907 memoratur,

173 2934 466 2988 sollicitum
496 2948 617 2989 esse
641 2934 906 2998 novimus,
941 2932 1034 2986 sed
1073 2933 1245 3000 qualis
1274 2933 1344 2987 sit
1371 2933 1613 2997 interius,
1637 2947 1757 2987 om-

173 3025 302 3078 nino
325 3024 614 3078 nescimus.
650 3022 876 3091 ldeoque
901 3021 1212 3075 fraternitas
1240 3029 1327 3074 tua
1359 3037 1459 3074 una
1489 3036 1612 3074 cum
1647 3020 1759 3075 fra-

170 3123 256 3171 tre
285 3125 338 3168 et
359 3114 679 3181 coepiscopo
702 3123 886 3166 nostro
914 3111 1194 3173 Armenio,
1242 3113 1620 3178 suprascripta:
1648 3112 1760 3164 An-

173 3205 446 3258 conitana:
479 3200 730 3256 Ecclesia:
749 3201 1046 3269 visitatore,
1072 3200 1199 3255 illuc
1229 3202 1441 3256 festinet
1472 3202 1754 3268 accedere,

180 3305 236 3348 et
263 3294 546 3362 diligenter
574 3291 641 3346 de
670 3292 774 3346 vita
820 3306 884 3346 ac
918 3292 1155 3346 moribus
1196 3293 1524 3361 singulorum
1581 3293 1760 3362 requi-

181 3388 429 3456 rere,vel
444 3391 488 3444 si
504 3384 730 3443 dennllo
745 3380 844 3434 sibi
868 3391 989 3434 sunt
1017 3381 1240 3435 crimine
1269 3381 1469 3436 conscii
1499 3381 1638 3452 quod
1670 3397 1762 3437 eos

172 3477 247 3530 ad
277 3477 378 3528 hoc
406 3475 637 3528 ollicium
663 3481 808 3527 vetet
828 3474 1104 3526 accedere.
1140 3472 1344 3527 Pariter
1391 3479 1551 3528 etiam
1581 3477 1764 3545 requi-

173 3565 402 3621 rendum
434 3572 517 3618 est
563 3564 609 3616 si
676 3562 780 3617 hoc
826 3560 968 3631 quod
1017 3561 1085 3616 de
1127 3561 1346 3632 prmfato
1386 3565 1764 3621 arcliidiacuno

170 3683 321 3753 quod
365 3681 675 3753 ignorarunt
713 3677 841 3753 quid
889 3692 954 3733 eo
982 3677 1096 3753 loci
1145 3677 1470 3753 significaret
1511 3681 1757 3753 militaris

173 3747 454 3809 numerus.
497 3749 551 3804 Id
587 3750 701 3804 l'nse
729 3747 952 3803 docetur
981 3749 1034 3802 in
1051 3747 1205 3820 _n_otis
1232 3748 1296 3800 ad
1324 3747 1417 3802 lib.
1447 3765 1497 3803 Iv
1526 3751 1754 3820 Dialog.,

175 3839 233 3904 c._
259 3823 361 3904 _55.
401 3821 532 3904 )‘id‘e
569 3835 799 3904 quoque,
824 3832 1003 3904 supra,
1050 3817 1144 3904 lib.
1192 3833 1306 3887 vin,
1335 3821 1492 3888 epist.
1521 3819 1576 3872 5.
1605 3817 1762 3877 Certe

177 3895 381 3961 ubique
406 3887 598 3972 legitur
625 3893 674 3944 in
698 3887 830 3943 Mss.
863 3887 938 3940 vel
966 3903 1253 3942 numerum.
1373 3887 1379 3888 7
1446 3960 1458 3972 _
1666 3960 1678 3972 .

256 3973 280 4002 ε
315 3963 370 4016 Ιιι
412 3962 586 4014 Valte.
631 3961 693 4023 Β,
725 3960 786 4024 Ε,
819 3957 880 4022 F,
921 3957 1163 4030 Colbert.
1188 3966 1319 4030 vet.,
1352 3967 1406 4030 et
1445 3977 1496 4013 tn
1531 3959 1761 4030 Ilemtg.,

174 4050 305 4104 erga
333 4032 617 4104 charitatis.
669 4029 1044 4104 IIetnigianus‘,
1075 4028 1248 4104 initio
1291 4029 1558 4104 epistolae,
1605 4028 1766 4104 habet

176 4098 319 4186 quod
341 4102 643 4155 charitatem
668 4100 907 4169 diligitis,
928 4100 1018 4154 ubi
1041 4099 1150 4168 alii,
1177 4098 1313 4168 quod
1333 4099 1615 4153 castitatem
1646 4101 1768 4154 ditio

173 4189 437 4299 gugrtsr.
465 4241 538 4313 XI
569 4240 677 4313 [.41.
704 4239 759 4308 6]
813 4268 881 4279 —
906 4246 929 4273 ⁸
975 4239 1053 4313 Ita
1080 4239 1293 4313 passim
1318 4239 1371 4294 in
1418 4239 1543 4295 Mss.
1577 4252 1630 4296 et
1655 4247 1767 4296 vet.

181 4316 428 4372 Est-usis.
460 4308 826 4372 IIecéntiores,
859 4325 955 4377 pro
979 4308 1223 4376 arbitrio,
1252 4311 1331 4364 sic
1357 4320 1632 4366 mutarunt
1661 4329 1672 4364 :
1705 4327 1768 4363 ne

177 4390 248 4441 de
272 4387 476 4439 incauta
497 4398 670 4437 eorum
695 4380 1153 4433 ordinatione......
1179 4381 1346 4434 valeat
1373 4385 1634 4450 provenire
1653 4398 1771 4435 con-
1798 4393 1850 4454 ι)
1875 4380 2128 4454 Augttst.,
2147 4380 2238 4432 lib.
2261 4393 2296 4431 Il

207 4471 344 4510 usto.

180 4460 476 4590 [ηδιξοριιοᾱ
515 4518 983 4590 ερῐεοορὶῌάοιηιιξ
1021 4519 1271 4590 omnibus
1315 4528 1496 4583 patere
1537 4521 1767 4586 debeat,

181 4586 470 4652 InculEutis
501 4586 819 4644 testimoniis
863 4586 1050 4652 probat
1092 4588 1360 4642 Alteserra
1406 4590 1459 4642 in
1505 4592 1645 4644 nunc
1685 4593 1767 4645 lo-

179 4680 344 4729 cum,
377 4676 534 4731 quem
567 4660 734 4712 lector
784 4657 1048 4710 consulet.
1095 4657 1251 4711 Plura
1296 4658 1365 4712 de
1411 4659 1772 4728 hospitalitate

181 4732 428 4778 onismni
457 4729 689 4778 diximus
715 4725 866 4778 alias.
901 4724 1168 4778 Gnssssv.

181 4732 429 4805 episc0pi
457 4731 689 4785 diximus
715 4731 866 4779 alias.
901 4731 1168 4780 Gnssssv.

267 4818 288 4844 ε
331 4806 413 4856 An
454 4799 623 4853 virtus
651 4806 743 4851 aut
772 4795 956 4850 vitium
987 4798 1036 4850 in
1066 4798 1244 4865 aliquo
1272 4795 1448 4852 delixa
1495 4797 1634 4863 sint,
1665 4798 1772 4854 haz-

181 4883 344 4932 reant
366 4914 381 4939 ,
407 4887 523 4926 cum
551 4867 688 4921 omni
708 4866 884 4939 studio
909 4881 970 4939 ac
995 4866 1736 4939 sollicitudine_requirendum
1753 4909 1768 4932 ,

180 4935 441 5001 subtiliter
471 4937 816 4993 indicandum
840 4935 1077 4990 declarat
1101 4944 1318 4992 sanctus
1335 4936 1649 5007 Gregorius,
1668 4939 1772 4993 sol-

183 5015 369 5072 Iicitus
400 5022 454 5067 et
481 5010 548 5063 de
591 5007 801 5062 defectu
846 5007 1060 5076 hospitii
1099 5016 1156 5062 et
1193 5007 1262 5061 de
1300 5021 1461 5062 causa
1507 5007 1767 5062 defectus.

183 5081 406 5143 Scilicet
463 5079 658 5148 ubique
709 5079 1025 5148 alterutrum
1071 5090 1356 5132 secernere
1413 5093 1520 5132 non
1561 5091 1774 5146 semper

183 5159 431 5211 obvium.
473 5147 652 5202 Facile
681 5147 824 5202 enim
849 5156 922 5199 est
967 5148 1208 5201 simulare
1253 5148 1528 5214 uirtutem,
1569 5149 1774 5217 difﬁcile

185 5227 372 5281 habere
414 5224 684 5283 virtutem,
731 5226 866 5270 teste
904 5226 1101 5286 sancto
1138 5217 1462 5286 Augustino,
1509 5219 1601 5274 lib.
1644 5235 1659 5272 ι
1706 5219 1773 5274 de

187 5297 430 5353 Moribus
501 5289 794 5350 Ecclesim,
845 5301 894 5339 c.
949 5285 997 5338 I.
1059 5285 1526 5357 Fili,’diligenter
1571 5291 1775 5344 αάοεηε

183 5381 358 5421 motus
389 5374 589 5418 natura:
617 5367 664 5411 et
694 5357 904 5427 gratim,
934 5358 1056 5427 quia
1085 5357 1232 5410 valde
1267 5362 1522 5413 contrarie
1562 5369 1606 5412 et
1650 5362 1769 5412 sub-

185 5437 351 5491 tiliter
381 5441 640 5487 moventur
659 5445 678 5493 ,'
698 5426 754 5480 et
784 5427 868 5479 uia:
895 5426 989 5478 nisi
1018 5442 1049 5478 a
1076 5427 1332 5493 spirituali
1363 5437 1408 5479 et
1442 5429 1619 5483 intimo
1652 5429 1774 5480 illu-

183 5508 383 5559 minato
416 5502 616 5556 homine
655 5499 1039 5563 discernuntur,
1078 5495 1236 5551 docet
1276 5507 1462 5550 auctor
1489 5498 1552 5550 de
1585 5495 1772 5549 Imita-

185 5580 328 5631 tione
355 5573 564 5635 Christi,
599 5568 691 5622 lib.
725 5583 802 5634 nt,
829 5582 879 5620 c.
903 5565 994 5620 54.
1013 5567 1162 5633 Quod
1187 5567 1489 5635 si‘penitius
1506 5567 1662 5619 mIlIII
1692 5581 1775 5619 re-

186 5653 500 5708 volverent,
543 5641 751 5695 cautius
800 5647 850 5692 et
901 5637 1264 5692 ambularent-
1290 5639 1342 5690 in
1397 5638 1493 5690 viis
1544 5635 1771 5690 Domini.

191 5720 326 5777 Vide
359 5717 520 5772 emin.
552 5711 697 5766 card.
735 5710 875 5764 Bona
909 5748 922 5772 ,
954 5709 1016 5762 de
1044 5708 1348 5762 discretione
1377 5708 1646 5777 spirituum
1676 5747 1693 5775 ,
1719 5719 1770 5761 c.

1838 521 1929 559 sus
1957 516 2061 572 est,
2082 506 2126 559 si
2157 507 2225 559 ita
2246 519 2305 559 se
2334 506 2531 559 veritas
2582 507 2761 573 liabet,
2789 520 2842 562 et
2869 520 2889 546 ε
2920 520 3094 565 utrum
3122 530 3185 567 ex
3236 530 3426 570 neces-

1839 599 2026 661 sitate,
2070 611 2134 649 an
2158 612 2220 650 ex
2254 599 2458 651 tenacia
2491 599 2609 652 talis
2639 601 2728 666 sit,
2762 611 2851 654 aut
2874 605 2915 656 si
2947 607 3014 657 ita
3046 622 3209 661 senex
3239 619 3341 674 est,
3371 623 3426 665 ut

1841 688 1904 741 ad
1932 689 2215 756 regendum
2236 704 2339 742 non
2363 692 2524 759 possit
2542 706 2839 761 assurgere,
2867 697 2947 749 vel
2968 699 3034 763 si,
3060 701 3211 754 tactis
3239 716 3426 758 sacro-

1841 780 2039 833 sanctis
2053 778 2372 849 Evangeliis,
2391 781 2529 836 sicut
2547 783 2698 837 nobis
2718 787 3012 840 nuntiatum
3032 799 3131 854 est,
3155 792 3426 860 jusjuran-

1840 870 1964 924 dum
1997 870 2275 938 prazbuerit
2303 887 2570 939 nunquam
2597 887 2654 926 se
2694 873 2757 926 ad
2780 874 3140 948 episcopatum
3189 883 3421 938 accede-

1843 973 1921 1014 re.
1950 958 2055 1013 Sed
2082 959 2240 1013 etiam
2272 958 2338 1013 de
2365 959 2582 1014 Rustico
2605 962 2847 1028 diacono,
2876 964 2901 999 ά
2929 978 3155 1033 quantos
3184 969 3426 1025 Psaltnos

1845 1051 2018 1105 minus
2054 1059 2250 1116 teneat,
2295 1051 2734 1118 perscrutandum
2767 1063 2867 1107 est.
2903 1055 3217 1112 Florentino
3246 1073 3420 1115 autem

1843 1143 2070 1197 diacono
2110 1141 2427 1211 Ravennati,
2459 1143 2502 1196 si
2535 1144 2758 1207 nullum,
2788 1145 2923 1200 sicut
2949 1147 3200 1214 diximus,
3224 1152 3426 1206 crimen

1844 1241 1926 1287 est
1954 1231 2095 1301 quod
2125 1232 2371 1297 obsistat,
2403 1231 2541 1300 apud
2591 1237 2899 1302 episcopum
2947 1236 3064 1305 ejus
3093 1241 3176 1307 agi
3209 1256 3428 1296 necesse

1843 1332 1946 1386 est,
1973 1331 2029 1376 ut
2065 1323 2113 1377 ei
2143 1322 2336 1376 debeat
2358 1330 2382 1357 ο
2412 1323 2706 1376 cessionem
2760 1327 3051 1380 concedere
3076 1344 3090 1390 ;
3117 1344 3220 1383 non
3254 1340 3427 1386 tamen

1845 1429 1911 1468 ex
1943 1421 2127 1467 nostro
2151 1412 2401 1465 mandato
2435 1408 2454 1447 τ
2492 1411 2571 1465 vel
2611 1411 2773 1479 dieto,
2832 1429 2899 1467 ne
2949 1426 3129 1470 contra
3156 1435 3304 1473 suam
3339 1438 3429 1473 vo-

1846 1503 2102 1557 luntatem
2136 1517 2258 1558 eum
2290 1503 2483 1558 cedere
2509 1502 2770 1558 videatur.
2799 1505 2905 1560 Sed
2966 1507 3066 1562 hoc
3096 1520 3151 1562 nt
3175 1525 3366 1566 norunt
3394 1515 3426 1567 ii

1845 1594 2075 1662 quicum
2105 1592 2327 1662 eligunt,
2356 1608 2422 1648 ex
2452 1610 2510 1649 se
2539 1604 2699 1664 agant
2737 1611 2752 1659 ;
2812 1606 2864 1650 ιιι
2909 1613 3036 1652 vero
3083 1600 3152 1654 de
3205 1604 3428 1672 singulis

1844 1695 1965 1735 cum
1995 1682 2140 1736 onmi
2179 1683 2354 1737 studio
2383 1697 2445 1738 ac
2495 1685 2852 1740 sollicitudine
2899 1690 3077 1742 omnia
3124 1707 3242 1758 qua:
3267 1695 3432 1764 scrip-

1778 1793 1824 1852 Β
1850 1775 2015 1829 simus
2035 1775 2307 1844 requirere
2331 1785 2490 1844 atque
2515 1778 2668 1833 nobis
2709 1781 2860 1834 stude
2889 1781 3152 1837 subtiliter
3199 1787 3431 1842 indicare

1850 1873 1926 1932 ut,
1956 1866 2349 1922 renuntiatione
2375 1875 2460 1921 tua
2491 1867 2680 1922 redditi
2701 1869 2976 1936 certiores,
3005 1872 3126 1940 quid
3151 1885 3268 1942 post
3294 1877 3426 1946 haec,

1851 1955 1960 2096 Ξ)εο
1983 1964 2201 2097 ιιιιοιέιιε
2219 1956 2333 2013 ﬁeri
2355 1957 2546 2013 debeat
2571 1959 2934 2028 dsponamus.
2966 1960 3070 2032 (Cf.
3089 1962 3248 2020 Joau.
3283 1968 3431 2028 Diac.

1877 2084 1890 2097 .
1918 2059 1998 2097 Ill-
2029 2045 2111 2097 ελ
2160 2045 2200 2097 .)

1877 2084 1890 2099 .
1918 2059 1998 2116 ιιι,
2029 2045 2200 2116 c,I2.)

2398 2151 2722 2207 EPISTULA
2767 2153 2883 2210 XII.

1996 2274 2063 2312 AD
2101 2273 2506 2315 τιιεουειιιιωιι
2550 2277 3000 2319 ιΑιςαοιιΑιιυοιιυιι
3039 2281 3290 2322 REGINAM.

1861 2366 2168 2445 Gratulatur
2206 2371 2269 2423 de
2303 2373 2498 2445 sociato
2533 2373 2801 2445 catholica:
2837 2376 2958 2444 ﬁdei
2988 2379 3118 2445 ﬁlio.
3153 2381 3302 2444 Quod
3336 2382 3434 2435 Se-

1933 2441 2098 2492 cundo
2136 2456 2236 2517 non
2275 2443 2628 2517 responderit,
2659 2441 2901 2517 causatur
2931 2441 3229 2517 podagram.
3265 2449 3434 2503 Habi-

1930 2517 2036 2580 tant
2069 2511 2162 2561 sub
2187 2509 2486 2564 Iustiniano
2511 2509 2761 2580 synOdum
2788 2509 2962 2570 mittit.
2991 2509 3234 2571 Romanae
3263 2519 3438 2573 Eccle-

1927 2579 2020 2717 sit;
2058 2579 2414 2699 (:rthodoxiam
2453 2579 2642 2635 tuetur.
2675 2582 2806 2652 Regi
2833 2585 2897 2637 de
2930 2589 3066 2654 [aeta
3095 2604 3218 2657 pace
3246 2594 3438 2656 gratias

1929 2663 1982 2701 re
2008 2665 2064 2700 er
2091 2688 2104 2701 .

1929 2663 2104 2701 retert.

1930 2737 2216 2808 Gregorius
2244 2751 2269 2777 ι
2300 2739 2677 2798 Theodelindae
2707 2745 2924 2815 reginae.

1931 2826 2141 2896 Scripta
2181 2843 2298 2898 qua:
2341 2828 2407 2882 ad
2448 2845 2547 2884 nos
2583 2830 2781 2886 dudum
2809 2848 2838 2886 a
2866 2832 3236 2890 Genuensibus
3275 2839 3441 2905 parti-

1861 2916 1963 2970 bus
1993 2919 2370 2973 transmisistis
2399 2921 2575 2987 gaudii
2606 2924 2765 2976 vestri
2797 2939 2892 2978 nos
2924 2925 3096 2979 fecere
3123 2931 3440 2996 participes,

1868 3010 2080 3078 1270
2123 3021 2404 3079 propterea
2449 3013 2590 3079 quod
2637 3015 3012 3082 omnipotentis
3046 3019 3135 3072 Dei
3166 3021 3358 3088 gratia,
3390 3034 3445 3076 et

1867 3100 2034 3153 lilium
2075 3103 2229 3157 vobis
2280 3104 2529 3158 donatum
2554 3149 2568 3174 ,
2609 3115 2696 3172 et,
2736 3111 2876 3176 quod
2920 3111 3076 3164 valde
3113 3112 3442 3167 excellentia:

1871 3202 2062 3246 vestra:
2103 3203 2183 3246 est
2225 3193 2518 3261 laudabile,
2559 3196 2833 3250 catholica:
2874 3213 2994 3252 eum
3037 3200 3155 3255 lidei
3198 3203 3444 3257 ttOvitnns

1866 3287 2144 3342 sociatum.
2195 3285 2304 3341 Nec
2351 3287 2493 3341 enim
2538 3289 2604 3343 de
2649 3289 3036 3345 christianitate
3084 3302 3260 3346 vestra
3300 3293 3442 3347 aliud

1868 3379 2193 3435 credendum
2223 3379 2426 3445 fuerat,
2461 3380 2562 3434 nisi
2592 3381 2642 3435 id
2671 3383 2888 3443 studere
2919 3399 3040 3448 vos,
3072 3392 3129 3437 ut
3165 3399 3320 3452 quem
3357 3385 3444 3438 di-

1869 3476 1993 3530 vino
2021 3489 2241 3529 munere
2271 3473 2578 3543 suscepistis
2604 3472 2879 3529 catholica:
2920 3476 3250 3530 rectitudinis
3292 3479 3447 3530 auxi-

1872 3567 1944 3622 lio
1971 3565 2281 3632 muniretis,
2310 3573 2366 3618 ut
2393 3574 2447 3620 et
2490 3565 2811 3634 Redemptor
2840 3577 3019 3622 noster
3049 3568 3361 3622 familiarem
3396 3581 3446 3623 te

1863 3686 1888 3739 1
1920 3692 1971 3739 et
1995 3681 2047 3735 4.
2066 3682 2266 3751 Legere
2291 3687 2380 3751 est
2398 3677 2535 3746 apud
2562 3687 2802 3751 sanctum
2829 3677 3203 3751 Augustinum,
3225 3679 3445 3742 ibidem.

1862 3769 1912 3807 c.
1954 3754 2053 3807 15:
2090 3748 2239 3815 Quod
2266 3751 2308 3803 si
2333 3748 2491 3801 virtus
2519 3749 2586 3799 ad
2618 3749 2816 3800 beatam
2847 3751 3000 3801 vitam
3030 3765 3122 3801 nos
3163 3748 3322 3811 ducit,
3368 3754 3446 3803 ni-

1865 3824 1939 3876 hil
1969 3825 2176 3876 omnino
2207 3837 2313 3874 esse
2343 3821 2576 3871 virtutem
2619 3819 2973 3886 a/ﬁrmaverim
2993 3859 3008 3881 ,
3055 3819 3152 3872 nisi
3192 3836 3445 3873 summum

1870 3909 2092 3945 antorem
2122 3892 2220 3945 Dei
2245 3931 2256 3942 .
2283 3929 2297 3943 .
2327 3927 2341 3941 .
2368 3926 2383 3940 .
2409 3925 2422 3940 .
2450 3926 2464 3940 .
2490 3890 2683 3940 utinam
2713 3890 2785 3940 ita
2813 3889 2878 3941 sit
2909 3889 2961 3940 in
2989 3889 3237 3942 mentibus
3267 3892 3371 3958 vis,
3397 3900 3452 3945 ut

1871 3963 2076 4017 nomina
2103 3971 2220 4016 sunt
2251 3963 2303 4014 in
2334 3975 2420 4012 ore
2447 3959 2670 4011 omnium
2694 3959 2714 4011 .'
2742 3958 3004 4014 Gusssuv.

1941 4031 1970 4070 ἀ
2012 4032 2244 4095 Quantus
2273 4044 2367 4099 pro
2397 4039 2518 4097 quot
2566 4045 2669 4082 non
2722 4043 2843 4082 raro
2871 4039 3172 4098 usurpatur.
3203 4030 3332 4084 Luc.
3361 4046 3450 4099 xv,

1873 4104 1938 4157 I7
1966 4119 1978 4154 :
2018 4103 2209 4168 Quanti
2237 4099 2534 4152 mercenarii
2563 4100 2612 4168 in
2639 4100 2790 4152 domo
2816 4101 2976 4164 patris
3001 4102 3119 4153 mei.
3147 4099 3208 4153 L.
3237 4117 3270 4155 tt
3298 4100 3452 4162 Cod.,

1873 4173 1939 4225 de
1971 4167 2222 4238 praefecto
2251 4169 2500 4238 pra‘torio
2541 4167 2766 4238 Africae.
2814 4169 2842 4238 §
2883 4170 2945 4223 Si
2987 4186 3103 4222 vero
3127 4184 3148 4223 :
3172 4169 3236 4220 Et
3275 4173 3452 4236 quanti

1873 4235 2150 4302 Iimitanei,
2197 4235 2302 4292 etc.
2357 4237 2524 4290 Item:
2572 4235 2764 4291 Milites
2806 4235 2898 4305 pro
2937 4239 3171 4291 custodia
3221 4235 3452 4293 loeurunt

1874 4321 2093 4383 quantos
2244 4308 2542 4383 magnitudo
2583 4318 2678 4383 tua
2725 4309 3052 4383 providerit._
3080 4307 3207 4360 Vide
3252 4309 3449 4383 Anton.

2371 4376 2784 4443 bscrvationum,
2810 4393 2925 4443 cap.
2943 4378 2997 4431 5.
3014 4378 3280 4430 Caeterum
3309 4378 3454 4432 Psal-

1874 4447 2082 4507 morum
2116 4448 2413 4518 ignorantia
2443 4458 2491 4500 et
2527 4447 2784 4500 tenacitas
2811 4457 2994 4518 arcent
3022 4447 3089 4518 ab
3118 4448 3450 4518 episcopatu.

1875 4523 2100 4592 Oportet
2124 4516 2265 4592 enim
2309 4517 2618 4592 episcOputn
2655 4530 2775 4592 esse
2806 4516 3227 4592 _l_iospitalem,_et
3268 4516 3453 4592 docto.

1874 4585 2009 4649 rem.
2038 4592 2188 4658 Quod
2219 4591 2285 4643 de
2307 4585 2658 4658 jurejurando
2687 4585 2867 4658 subdit
2895 4595 3108 4658 sanctus
3141 4585 3448 4658 Gregorius,

1875 4665 1927 4718 id
1958 4654 2171 4733 quidem
2203 4654 2455 4715 notabile.
2476 4656 2679 4733 _Videat
2706 4656 2874 4710 lector
2901 4654 3145 4733 Glossam
3165 4694 3180 4719 ,
3207 4656 3331 4709 dist.
3364 4657 3454 4733 8_5,

1877 4726 1989 4787 ubi'
2009 4731 2160 4786 multi
2201 4743 2436 4785 canones
2476 4728 2528 4781 in
2559 4736 2836 4795 utramque
2867 4735 3069 4794 partem
3101 4726 3346 4779 citantur.
3382 4727 3456 4780 De

1877 4803 2104 4857 Psalmis
2141 4810 2195 4854 et
2236 4800 2462 4855 scientia
2507 4798 2741 4865 episcopi
2784 4799 2958 4851 videat
2998 4797 3124 4849 dist.
3157 4797 3224 4865 58
3258 4807 3451 4860 totam,

1874 4882 1927 4926 et
1959 4871 2252 4939 prtesertim
2283 4885 2333 4924 c.
2368 4868 2555 4921 Omnes
2585 4868 2876 4929 psallentes.
2909 4867 3114 4939 et_dist.
3144 4864 3234 4939 25,
3267 4881 3316 4939 c.
3339 4868 3453 4939 Qui

1875 4937 2176 5010 episcopus,
2208 4957 2271 4993 ex
2304 4939 2554 5006 Cartliag.
2587 4939 2783 4992 concil.
2813 4937 3092 5010 lmodicta
3125 4937 3252 4990 dist.
3283 4937 3371 4997 58,
3403 4951 3450 5010 c.

1878 5006 2003 5076 Qua:
2027 5006 2185 5080 ipsis,
2217 5013 2356 5064 inter
2384 5025 2445 5062 ea
2472 5024 2590 5074 quae
2616 5013 2736 5061 sunt
2762 5006 3126 5062 sacerdotibus
3157 5008 3454 5080 necessaria

1875 5084 1939 5135 ad
1983 5077 2327 5144 diécendurn,
2363 5081 2575 5146 reperio
2605 5092 2708 5131 non
2741 5083 2902 5131 modo
2931 5092 3163 5131 canones
3197 5077 3457 5146 paeniten-

1878 5153 2028 5206 tialcs
2049 5194 2062 5214 ,
2092 5153 2184 5205 sed
2213 5151 2372 5204 etiam
2404 5149 2739 5202 Psalterium.
2774 5148 2846 5202 De
2873 5149 3206 5202 Psalmorum
3234 5148 3457 5199 scientia

1880 5224 2027 5290 plura
2056 5222 2174 5276 vide
2208 5223 2271 5275 ad
2301 5220 2460 5288 epist.
2499 5219 2570 5272 45
2600 5219 2691 5272 lib.
2722 5233 2809 5285 tv,
2839 5233 2978 5272 nunc
3014 5217 3083 5269 48
3110 5218 3203 5271 lib.
3239 5232 3291 5271 v.
3327 5216 3460 5269 l’ar-

1877 5296 1968 5345 tim
1998 5309 2060 5345 ea:
2083 5292 2349 5347 Gussmv.

1951 5373 1974 5400 ο
2019 5364 2222 5417 Dictum
2255 5377 2414 5429 supra
2438 5404 2452 5425 ,
2484 5363 2639 5428 epist.
2679 5360 2744 5414 19
2775 5358 2865 5414 lib.
2903 5374 2976 5425 tv,
3005 5373 3144 5412 nunc
3177 5357 3242 5411 Π
3274 5356 3366 5410 lib.
3403 5373 3458 5413 v.

1955 5433 1971 5470 τ
2017 5434 2385 5498 Ilecentiores,
2415 5433 2593 5488 invitis
2619 5432 2746 5486 Mss.
2778 5429 2973 5496 Vatic.,
3007 5429 3191 5483 Norm.
3224 5439 3276 5482 et
3303 5429 3422 5481 aliis
3444 5468 3460 5494 ,

1876 5505 1953 5556 vel
1982 5504 2168 5556 edicto.

1880 5577 2130 5697 “tiam.
2170 5573 2264 5630 XII
2304 5573 2411 5646 [ΑΙ.
2451 5572 2527 5644 7].
2572 5605 2640 5616 —
2684 5580 2706 5610 α
2753 5569 2826 5628 De
2863 5584 2924 5625 ea
2967 5569 3086 5624 vide
3124 5568 3188 5624 ad
3229 5570 3387 5633 epist.
3431 5569 3464 5621 2

1899 5661 1972 5697 ιι.
2011 5660 2079 5696 tv.

1899 5660 1972 5698 II).
2011 5660 2079 5696 IV.
