3956 6314
244 305 383 358 εἴη

922 300 1397 357 EI’ISTOLARL'M
1439 299 1564 353 LIB.
1611 297 1744 351 XIV.
1789 326 1856 335 σ-
1898 293 2141 349 INDICT.
2189 295 2294 349 \ill.
2347 324 2409 340 ιιι-
2450 295 2662 349 EPIST.
2711 297 2846 351 XIV.

3357 301 3489 355 lilii

240 417 443 489 gratias
472 413 713 470 referatis
742 423 896 482 atque
923 418 1040 483 ejus
1072 419 1337 479 animum,
1370 416 1505 471 sicut
1533 416 1815 469 consuevi-
1846 414 1897 470 Α
1931 417 2091 464 tatem
2122 451 2135 473 ,
2170 411 2239 465 ita
2270 426 2401 465 sane
2430 422 2485 465 ut
2524 416 2671 479 prius
2711 416 2973 481 scriptura
3022 418 3408 474 interveniente
3451 432 3498 473 te

239 508 345 562 slis
364 546 381 571 ,
413 505 478 558 ad
513 519 693 574 pacem
720 503 787 557 de
818 503 996 557 futuro
1024 520 1118 572 per
1141 507 1317 559 omnia
1349 504 1665 573 provocetis,
1693 515 1823 571 qua-

244 608 408 652 tenus
439 594 740 651 mercedem
771 595 957 662 populi
987 594 1318 659 innocentis,
1349 596 1436 663 qui
1481 596 1530 649 in
1572 593 1824 647 seandan

243 687 425 754 perire
469 693 704 752 poterat,
753 692 875 736 ante
913 694 1255 751 conspectum
1296 684 1431 749 Dei,
1478 684 1616 737 inter
1662 683 1821 735 multa

243 780 386 833 bona
417 792 532 846 qua!
562 777 746 844 agitis,
783 776 1017 828 invenire
1046 777 1256 841 possitis
1288 773 1335 827 ιι.

783 863 1111 919 EPISTULA
1154 864 1292 918 XIII.

477 972 545 1009 AD
583 968 887 1007 ALCYSONESI
929 968 1249 1007 οοιιογιιῇευιί
1289 966 1591 1007 εριεεοιδωι.

241 1045 398 1100 Beati
426 1046 616 1099 Donati
644 1060 829 1107 corpus
856 1044 907 1095 in
941 1042 1173 1114 Cassiepi
1212 1055 1382 1097 castra
1412 1043 1618 1097 recondi
1655 1046 1822 1109 sinat,

554 1116 697 1167 salva
732 1114 971 1167 Ecclesite
999 1130 1106 1166 sua:
1129 1116 1507 1184 jurisdictione.

321 1206 610 1275 Gregorius
641 1205 893 1274 Alcysoni
921 1204 1169 1272 episcopo
1200 1205 1469 1274 Corcyrm.

321 1295 777 1364 Resipiscentibus
818 1294 1068 1348 fratribus
1110 1305 1161 1349 et
1205 1296 1268 1347 ad
1314 1295 1523 1347 salubre
1562 1308 1619 1347 se
1646 1294 1821 1346 consi-

244 1388 379 1443 lium
410 1384 842 1441 convertentibus
870 1401 973 1438 non
1003 1394 1086 1439 est
1124 1384 1361 1452 neganda
1394 1384 1693 1453 benignitas
1714 1425 1727 1446 ,
1758 1398 1825 1436 ne

249 1481 375 1549 plus
406 1480 457 1533 in
487 1479 860 1549 episeOporum
891 1477 1157 1533 mentibus
1198 1480 1349 1549 culpa
1390 1479 1631 1533 videatur
1672 1493 1825 1547 posse

244 1585 404 1640 quam
433 1571 685 1623 cbaritas.
709 1568 1021 1623 Venientem
1051 1568 1209 1637 igitur
1235 1568 1302 1621 ad
1332 1582 1429 1621 nos
1456 1569 1690 1634 Petrum,
1726 1568 1825 1621 Ec-

243 1660 428 1714 clesize
460 1658 635 1714 Euria:
668 1658 951 1724 lectorem,
985 1672 1103 1711 eum
1136 1658 1350 1727 scriptis
1382 1658 1497 1711 frati
1515 1658 1559 1712 is
1605 1668 1659 1713 et
1697 1673 1820 1712 coe-

1930 502 2133 555 muniat
2159 517 2425 571 nunquam
2455 502 2553 555 sibi
2585 502 2636 555 in
2666 503 2897 558 antefata
2926 506 3159 562 Ecclesia
3191 510 3272 564 vel
3299 520 3495 572 castro,

1928 591 2029 645 sub
2056 592 2290 660 quolibet
2315 603 2629 662 argumento
2654 636 2669 657 ,
2698 594 2925 662 aliquam
2953 596 3377 664 jurisdictionem
3407 602 3488 654 vel

1929 683 2255 751 piivi'egium
2287 692 2534 752 tanquam
2577 686 2822 754 proprius
2861 688 3141 755 episcoiius
3186 691 3483 754 vindicare,

1928 773 2023 826 sed
2075 788 2233 827 omne
2285 773 2394 827 illic
2442 774 2528 840 jus
2580 788 2642 827 ac
2690 783 3003 843 potestatem
3057 778 3304 834 Ecclesiae
3358 790 3491 845 tum,

1930 863 2125 931 quippe
2152 864 2302 931 cujus
2343 871 2425 917 est
2469 863 2717 931 parocbia
2740 905 2755 929 ,
2799 864 3173 920 inviolabiliter
3210 869 3497 923 custodire.

1929 952 2137 1006 Pariter
2166 968 2376 1022 quoque
2408 961 2491 1019 te,
2539 954 2677 1007 sicut
2721 954 2859 1008 idem
2906 955 3066 1010 frater
3102 966 3284 1011 noster
3321 961 3497 1026 tetiit,

1928 1044 2178 1096 convenit
2203 1042 2562 1110 respondere,
2598 1054 2653 1096 ut
2684 1052 2920 1112 tempore
2946 1060 3049 1114 quo
3077 1048 3362 1101 miserante
3394 1049 3501 1102 Deo

1932 1145 2063 1200 pace
2094 1132 2300 1185 reddita
2323 1133 2394 1185 illi
2421 1132 2484 1186 ad
2514 1134 2723 1202 propria
2755 1133 2912 1188 fuerit
2936 1137 3236 1190 revertendi
3269 1137 3499 1205 licentia,

1926 1221 2256 1276 antedictum
2296 1224 2601 1279 venerabile
2641 1239 2832 1294 corpus
2874 1225 3147 1282 auferendi
3178 1242 3354 1283 secum
3387 1229 3503 1284 sine

1935 1313 2113 1379 aliqua
2142 1312 2440 1380 olijeetione
2469 1311 2549 1367 fas
2581 1313 2791 1368 habeat.
2824 1315 2935 1381 Qua
2965 1316 3032 1371 de
3061 1332 3120 1371 re
3150 1316 3173 1353 ἀ
3208 1334 3275 1373 ne
3317 1332 3501 1387 perso-

1930 1400 2051 1452 uale
2093 1408 2211 1451 esse
2254 1399 2494 1453 videatur
2532 1402 2670 1468 quod
2702 1403 2928 1469 geritur,
2968 1412 3021 1457 et
3062 1404 3283 1459 inveniri
3327 1407 3493 1474 possit

1928 1487 2067 1540 unde
2100 1487 2329 1541 recidiva
2363 1501 2548 1541 rursus
2582 1490 2842 1543 excitetur
2868 1493 3161 1560 contentio,
3192 1495 3350 1548 etiam
3378 1510 3498 1549 suc-

1928 1591 2174 1632 cessures
2206 1579 2369 1632 vestri
2405 1578 2457 1631 in
2490 1578 2587 1632 hac
2618 1581 2969 1647 promissione
2998 1598 3093 1652 pro
3122 1587 3498 1641 conservandis

1933 1670 2178 1723 omnibus
2225 1679 2350 1724 sunt
2398 1686 2493 1738 per
2541 1670 2719 1725 omnia
2772 1672 3191 1739 complectendi,
3243 1684 3500 1744 quatenus

243 1751 450 1822 piscOpi
506 1751 675 1805 nostri
728 1749 981 1813 Joannis,
1022 1764 1199 1804 coram
1246 1750 1646 1819 responsalibus
1690 1749 1822 1803 dile-

1950 1760 2237 1830 iujusmodi
2272 1761 2633 1830 praeveniente
2659 1763 2894 1830 cautela,
2926 1779 3024 1819 nec
3067 1766 3155 1821 ille
3200 1767 3393 1823 ibidem
3433 1770 3498 1822 de

243 1842 443 1897 ctionis
494 1849 599 1895 tua:
651 1840 1013 1909 suscepimus,
1066 1850 1226 1909 atque
1275 1856 1396 1895 eum
1455 1850 1573 1909 post
1622 1840 1820 1895 reiecta

242 1935 476 2002 scripta,
508 1946 629 2001 qua
659 1932 958 1998 detulerat,
988 1946 1129 1985 curre
1158 1931 1311 1991 nobis
1344 1930 1440 1985 fuit
1480 1931 1750 2000 requirere
1777 1931 1822 1985 si

244 2026 374 2096 quid
421 2034 606 2080 contra
653 2024 1027 2093 allegationem
1077 2024 1385 2079 corumdem
1434 2024 1821 2093 responsalium

248 2129 461 2171 tuorum
511 2113 731 2169 haberet
778 2115 919 2184 quod
965 2115 1183 2170 diceret.
1236 2114 1335 2181 Qui
1383 2114 1507 2169 dum
1556 2116 1685 2170 nihil
1723 2116 1822 2170 sibi

244 2206 392 2261 aliud
434 2206 728 2276 injunctum
768 2205 855 2260 vel
896 2219 1275 2274 responsurum
1316 2219 1374 2260 se
1408 2205 1619 2275 penitus
1648 2206 1824 2275 perhi-

247 2299 399 2352 beret
419 2338 434 2363 ,
463 2306 610 2352 extra
641 2296 742 2351 hoc
770 2295 906 2365 quod
940 2296 1176 2364 episcopi
1207 2295 1375 2364 ipsius
1405 2297 1627 2365 epistola
1655 2294 1825 2349 couti-

250 2389 447 2454 nebat,
480 2404 541 2444 ea
572 2404 688 2459 quae
718 2387 1393 2455 canonibuseongrnebant
1412 2428 1425 2452 ,
1455 2387 1564 2441 Deo
1587 2399 1821 2450 auczore,

248 2482 368 2535 sine
398 2479 645 2534 tarditate
675 2479 1031 2533 decrevimus.
1062 2478 1187 2531 Post
1218 2478 1431 2547 longum
1464 2492 1589 2531 vero
1618 2487 1825 2543 tempus

252 2570 653 2640 suprascriptus
695 2568 883 2623 Petrus
927 2568 1216 2637 capitulare
1256 2568 1502 2636 pretulit,
1546 2565 1684 2635 quod
1725 2565 1826 2620 sibi

251 2662 433 2717 datum
482 2677 512 2715 a
549 2675 647 2716 suo
688 2660 964 2714 asserebat
1008 2659 1291 2727 episeopo,
1326 2668 1377 2713 et
1410 2656 1606 2710 ideirco
1651 2671 1826 2709 moras

252 2767 411 2809 causa
450 2750 716 2806 sustinuit.
760 2749 866 2806 Sed
907 2749 1027 2819 quia
1066 2748 1121 2802 in
1167 2748 1356 2803 eodem
1399 2745 1679 2816 capitulari
1713 2760 1825 2799 me—

255 2854 493 2899 moratus
521 2852 545 2879 α
577 2857 822 2913 sperasse
863 2840 1134 2910 legebatur
1164 2840 1388 2895 antistes
1420 2847 1476 2892 ut
1503 2837 1556 2891 in
1590 2836 1825 2891 Ecclesia

258 2936 398 2992 beati
440 2935 695 3000 Joannis,
727 2933 753 2972 ιτ
784 2949 902 3004 quae
944 2932 1080 2988 intra
1120 2942 1353 2987 castrum
1403 2929 1544 3000 quod
1591 2926 1829 2997 Cassiopi

256 3037 479 3084 vocatur
518 3035 602 3081 est
641 3026 811 3095 posita
840 3066 854 3090 ,
898 3034 1139 3079 sanctum
1181 3038 1242 3077 ac
1290 3021 1592 3076 venerabile
1637 3033 1830 3089 corpus

1928 1861 2126 1906 cetero
2156 1852 2256 1905 sibi
2300 1851 2583 1920 quidquam
2616 1853 2665 1905 in
2697 1852 2912 1907 dimcesi
2947 1864 3033 1909 tua
3064 1864 3247 1909 contra
3274 1858 3493 1926 aequita-

1927 1951 2031 1996 tem
2063 1951 2116 1996 et
2145 1957 2418 1997 sacrorum
2446 1957 2707 1997 canonum
2738 1944 2953 2001 decreta
2985 1958 3267 2015 prmsumat
3306 1949 3496 2004 defen—

1928 2033 2057 2087 dere
2079 2074 2092 2100 ,
2120 2042 2174 2087 et
2198 2033 2283 2101 jus
2316 2033 2571 2088 Eeclesiw
2600 2042 2703 2088 tua:
2728 2051 2793 2089 ex
2823 2036 3122 2105 lmjusmodi
3150 2043 3493 2095 concessione

1926 2122 2290 2191 prmjudieium
2341 2122 2551 2191 aliquod
2603 2124 2747 2177 nulla
2793 2140 3022 2195 unquam
3077 2130 3282 2185 ratione
3332 2133 3494 2186 susti-
3558 2108 3561 2111 Ι

1930 2222 2053 2268 neat
2085 2224 2131 2265 θ.
2164 2214 2325 2284 (Vide
2350 2231 2467 2283 sup.
2495 2232 2613 2285 epp.
2642 2217 2671 2267 7
2700 2224 2749 2269 et
2780 2217 2859 2285 8.)

2311 2330 2518 2397 1273
2554 2338 2581 2366 ⁸
2614 2332 2940 2387 EPISTOLA
2981 2333 3120 2388 XIV.

2333 2436 2399 2472 AD
2438 2436 2664 2476 FELICEM
2704 2438 3091 2479 SUBDIACONUM.

1928 2505 2171 2561 Ecclesia
2193 2509 2358 2560 sanati
2380 2507 2629 2633 Pauli
2651 2515 2862 2633 [οιέῃιία
2885 2515 3080 2567 lumina
3106 2517 3302 2586 amplas
3323 2533 3499 2573 conce-

2589 2591 2623 2633 zt
2660 2598 2714 2633 re
2754 2591 2873 2633 itus.

2589 2591 2623 2634 ll
2660 2591 2873 2636 reditus.

1999 2667 2287 2737 Gregorius
2316 2668 2479 2725 Felici
2519 2670 2847 2729 subdiacono
2872 2682 2926 2730 et
2970 2677 3163 2732 rectori
3205 2678 3505 2747 patrimonii

1927 2759 2132 2829 Appiae.
3412 2754 3419 2765 ’

2002 2851 2150 2907 Licet
2172 2851 2347 2905 omnia
2378 2867 2496 2920 qua:
2520 2852 2605 2907 hic
2629 2855 2918 2922 apostolica
2952 2855 3110 2911 habet
3132 2858 3358 2912 ecclesia
3389 2860 3509 2912 boa-

1932 2948 2105 2994 torum
2152 2940 2291 2994 Petri
2333 2949 2387 2995 et
2416 2941 2583 3004 Pauli.
2617 2958 2841 3011 quorum
2883 2945 3084 3000 honore
3124 2955 3178 3001 et
3224 2947 3498 3001 beneﬁciis

1935 3046 1998 3085 ac
2021 3031 2191 3094 ,uisita
2221 3041 2362 3098 sunt,
2399 3032 2509 3086 Deo
2529 3035 2636 3087 sint
2656 3045 2872 3090 auctore
2896 3037 3218 3099 communia,
3249 3052 3367 3091 esse
3410 3038 3508 3091 de-

260 3118 405 3173 beati
450 3118 638 3173 Donati
677 3118 886 3188 1272
932 3116 1123 3170 habeat
1163 3113 1487 3169 recondendi
1530 3112 1829 3177 licentiam,

1948 3125 2031 3178 bet
2073 3123 2124 3177 in
2170 3124 2632 3179 administratione
2658 3126 2921 3179 actionum
2950 3127 3231 3183 diversitas
3260 3144 3513 3197 persona-

258 3216 502 3278 paratum
533 3222 592 3263 se
628 3222 747 3263 esse
788 3207 1033 3277 inquiens
1071 3204 1339 3260 dilectioni
1381 3213 1513 3268 tum,
1556 3212 1832 3273 propterea

257 3301 405 3369 quod
437 3308 520 3352 tua
554 3297 811 3367 probatur
840 3313 961 3351 esse
993 3296 1273 3361 diteccsis,
1304 3294 1652 3348 munitionem
1684 3294 1837 3346 em't-

262 3400 379 3445 tere
408 3388 611 3443 nullum
649 3387 745 3442 tibi
774 3403 837 3441 ex
869 3387 972 3441 huc
1002 3386 1364 3454 praajmlicium
1392 3384 1664 3454 generari,
1699 3384 1836 3451 peti-

262 3483 466 3539 tionem
495 3482 614 3552 ejus
643 3481 759 3537 sine
795 3480 985 3535 etlectu
1020 3494 1123 3533 non
1154 3477 1493 3548 prrevidimus
1534 3476 1838 3546 relinquen-

262 3571 413 3639 dam,
446 3582 723 3641 postquam
754 3570 825 3625 ita
855 3568 956 3625 sibi
987 3569 1321 3624 necessitatis
1357 3578 1593 3636 tempore
1624 3564 1837 3619 deside—

260 3674 346 3718 rat
378 3673 401 3703 ο
435 3661 548 3718 fieri
575 3660 900 3728 consultum,
930 3671 984 3714 ut
1011 3658 1261 3715 Ecclesia:
1290 3666 1394 3713 tua:
1416 3657 1839 3727 iurisdictionem

262 3767 485 3808 servare
514 3766 572 3807 se
601 3751 653 3806 in
684 3752 931 3806 omnibus
972 3754 1216 3805 fateatur.
1261 3749 1369 3804 llac
1415 3750 1591 3817 itaque
1636 3748 1842 3802 ratione

264 3846 532 3916 permoti,
588 3843 973 3898 fraternitatem
1028 3853 1170 3897 tuam
1226 3840 1436 3909 scriptis
1492 3839 1843 3909 praesentibus

269 3936 645 4001 adhortantur,
681 3945 735 3989 ut
765 3936 877 3988 sine
909 3935 1083 4002 aliqua
1118 3948 1265 3985 mora
1288 3973 1303 3996 ,
1344 3929 1428 3985 vel
1465 3928 1841 3992 excusatione,

273 4030 328 4082 in
381 4029 762 4099 praenominata
808 4027 946 4081 beati
997 4026 1216 4080 Joannis
1249 4024 1484 4079 Ecclesia
1530 4021 1844 4077 ruconleudi

270 4117 622 4187 suprascripti
654 4116 823 4171 sancti
858 4115 1158 4170 venerabile
1185 4130 1377 4182 corpus
1410 4114 1642 4183 prazbeat
1683 4112 1847 4166 facul-

269 4252 400 4303 dum
432 4249 594 4305 ﬁlium
637 4249 851 4319 Agilulfi
894 4250 1068 4318 regis,
1110 4264 1186 4303 sc.
1228 4264 1367 4302 anno
1405 4248 1544 4313 603,
1586 4263 1691 4314 quo
1732 4249 1847 4317 festi

276 4321 547 4375 Paschalis
577 4322 682 4373 dies
712 4321 809 4387 fuit
841 4323 1053 4389 septimo
1096 4319 1224 4372 ldus
1268 4319 1498 4389 Aprilis;
1537 4334 1643 4389 quo
1684 4320 1844 4372 etiam

275 4405 463 4445 mense
493 4392 762 4457 Septemb.
796 4388 957 4453 cos-{nt
984 4389 1199 4444 indictio
1227 4388 1446 4457 septima
1477 4406 1487 4439 :
1519 4388 1750 4456 factaque
1775 4396 1846 4438 est

271 4477 414 4530 pax,
447 4462 611 4528 inquit
633 4503 645 4523 ,
678 4476 863 4512 mense
886 4475 1016 4511 nono
1041 4475 1215 4530 nsque
1254 4462 1320 4511 ad
1362 4457 1583 4530 Kalend.
1619 4457 1846 4530 Aprilis,

1942 3228 2077 3271 runt.
2106 3220 2165 3266 ut
2189 3212 2239 3265 in
2282 3212 2560 3280 aasignatis
2585 3215 2773 3283 cuique
2796 3215 2957 3270 rebus
2979 3230 3105 3271 cura
3131 3218 3369 3272 adhiberi
3396 3233 3514 3285 pos-

1941 3300 2011 3353 sit
2041 3300 2349 3369 impensior.
2390 3300 2522 3354 Cum
2574 3316 2704 3371 ergo
2759 3317 2855 3370 pro
2908 3305 3134 3359 ecclesia
3184 3305 3324 3360 beati
3368 3307 3515 3361 Pauli

1944 3403 1991 3453 a,
2012 3398 2107 3442 ostt
2132 3388 2189 3454 li,
2214 3388 2515 3443 sollicitudo
2537 3388 2713 3444 debita
2739 3407 2836 3445 nos
2856 3404 3224 3449 commoneret
3250 3410 3316 3449 ne
3341 3396 3515 3451 minus

1942 3477 2050 3533 illic
2088 3478 2284 3536 habere
2332 3480 2612 3534 luminaria
2644 3480 2781 3535 idem
2810 3497 2985 3551 praeco
3032 3483 3153 3537 fidei
3179 3496 3516 3549 cerneretur,

1944 3571 2029 3639 qui
2064 3578 2229 3624 totum
2257 3570 2510 3624 mundum
2538 3570 2739 3625 lumine
2760 3586 2869 3626 sua:
2902 3572 3296 3641 praedicationis
3321 3575 3513 3643 imple-

1886 3722 1889 3725 λ
1944 3663 2039 3727 vit,
2068 3659 2096 3700 ιι
2126 3672 2178 3716 et
2208 3663 2363 3716 valde
2390 3663 2732 3731 incongruum
2762 3678 2880 3719 esse
2909 3679 2971 3717 ac
3001 3664 3341 3718 durissimum
3366 3666 3511 3719 vitle-

1946 3760 2092 3807 retur
2117 3760 2173 3806 ut
2202 3753 2290 3807 illa
2317 3754 2365 3807 ei
2395 3754 2696 3822 specialiter
2724 3754 2989 3822 possessio
3030 3769 3133 3808 non
3167 3756 3415 3821 serviret,
3466 3756 3516 3809 iu

1947 3857 2047 3909 qua
2092 3843 2315 3910 palmam
2346 3858 2567 3898 sumens
2597 3843 2836 3911 martyrii
2861 3844 3035 3911 capite
3061 3851 3143 3898 est
3166 3852 3434 3896 truncatus
3467 3854 3523 3898 ut

1947 3937 2169 4000 viveret,
2200 3935 2327 3989 utile
2352 3935 2652 4004 judieamus
2675 3933 2915 3989 eamdem
2942 3948 3167 3987 massam
3196 3950 3315 4004 quae
3343 3936 3520 4003 Aquas

1947 4026 2150 4082 Salvias
2177 4038 2533 4095 nuncupatur,
2567 4041 2685 4079 eum
2716 4025 2964 4079 omnibus
2986 4022 3165 4078 fundis
3195 4026 3326 4089 suis,
3358 4024 3408 4078 ἰιΙ
3440 4035 3521 4077 cst

1951 4119 2080 4173 cella
2113 4117 2336 4185 vinaria,
2368 4118 2687 4182 Antoniano,
2717 4128 2737 4155 ε
2767 4115 2892 4170 villa
2926 4115 3146 4169 Pertusa
3176 4115 3227 4168 in
3260 4114 3373 4168 fore
3405 4115 3516 4167 Pri—

1950 4250 2116 4361 [ὶεὲἰο
2139 4289 2155 4315 ,
2190 4250 2311 4319 ferri
2342 4247 2653 4301 consultum.

2091 4319 2258 4361 Vatia
2298 4320 2333 4361 Il
2353 4358 2363 4361 _
2398 4330 2451 4361 ut
2480 4317 2725 4361 mmmiale
2751 4331 2855 4361 esse
2878 4314 3106 4361 uideatur
3126 4347 3212 4361 ....
3235 4321 3283 4361 et
3315 4311 3528 4361 inveniri

2091 4312 2260 4373 vane.
2295 4320 2333 4371 Β
2352 4358 2366 4383 ,
2398 4330 2451 4371 ut
2480 4317 2725 4386 synodale
2751 4331 2855 4369 esse
2878 4314 3106 4367 videatur
3235 4321 3283 4364 et
3315 4312 3526 4364 inveniri

1956 4406 2056 4498 "-0?
2080 4398 2439 4525 Apflilsilopusset
2466 4471 2632 4508 mense
2679 4451 2954 4525 Januario,
3004 4451 3184 4503 indiet.
3216 4450 3270 4502 7.
3308 4448 3531 4525 legitur

274 4519 554 4583 indictione
581 4519 777 4583 cetera.
830 4530 959 4582 llinc
987 4528 1053 4595 ad
1082 4519 1276 4581 annum
1319 4528 1457 4590 (105,
1502 4542 1607 4595 quo
1649 4519 1847 4579 mensis
1879 4524 1928 4583 Ι)
1954 4528 2093 4582 enim
2130 4529 2180 4580 in
2211 4519 2381 4580 tribus
2416 4526 2581 4578 Vatic.
2612 4534 2666 4577 et
2691 4524 2749 4595 iu
2790 4523 3104 4595 Colb._vet.,
3136 4519 3528 4595 quospmlices

281 4600 480 4665 Aprilis
509 4616 572 4652 ru
601 4623 627 4649 ιι
660 4610 847 4652 octava
882 4592 1168 4652 indiciione
1211 4598 1454 4651 currebat
1475 4635 1489 4654 ,
1521 4592 1844 4661 productam

278 4683 466 4738 pacem
498 4671 899 4736 colligeremus,
939 4669 1035 4721 nisi
1069 4680 1306 4738 oetavam
1339 4668 1578 4719 eamdem
1611 4665 1850 4738 indictio-

279 4735 406 4791 item
438 4755 529 4807 seq
584 4735 757 4805 rapite
787 4740 852 4790 i0
884 4742 1179 4805 assignaret
1209 4737 1402 4790 Paulus
1424 4778 1437 4800 ,
1471 4735 1849 4807 tum‘secuudo

280 4809 477 4863 Phoea:
506 4803 813 4877 imperantis
844 4803 1017 4871 anno,
1053 4819 1161 4861 tum
1193 4808 1449 4873 Gregorio
1488 4806 1551 4857 ad
1583 4803 1849 4877 Christum

282 4880 562 4948 migranti,
584 4873 606 4930 ⁷(
627 4896 711 4932 um
744 4888 922 4948 tamen
952 4877 1150 4931 nemini
1178 4878 1396 4930 dubium
1425 4876 1496 4929 sit
1524 4875 1752 4948 septima
1781 4873 1852 4925 iti-

283 4943 519 5004 ili'c'tione
545 4943 740 5003 ebiissc
769 4945 1077 5015 Gregorium
1106 4964 1119 5012 ;
1161 4956 1310 5001 sexta
1351 4961 1478 5000 vero
1499 4985 1513 5008 ,
1556 4943 1655 4998 sub
1694 4945 1853 4997 linem

281 5021 411 5073 anni
444 5020 575 5081 602,
606 5018 836 5072 Phocam
868 5017 1133 5086 imperare
1162 5019 1411 5086 caspisse.

364 5088 387 5124 I‘
429 5089 483 5142 Ill
522 5097 721 5144 recent.
770 5083 1049 5140 subditur:
1095 5085 1217 5141 Dat.
1252 5083 1427 5140 Vmense
1468 5083 1746 5144 Januarii,
1775 5083 1857 5138 in-

287 5161 412 5212 dici.
437 5157 492 5225 7,
517 5159 653 5228 quod
684 5157 810 5211 nulli
837 5155 1092 5228 exhibent
1112 5172 1143 5210 e
1171 5158 1365 5228 nostris
1392 5170 1522 5209 mss.
1549 5154 1857 5209 Cudicibus.

292 5232 512 5295 \‘erum,
532 5225 671 5296 quod
701 5226 1001 5298 pertinebat
1029 5225 1093 5279 ad
1115 5227 1394 5294 epistolam
1423 5236 1748 5298 sequentem
1762 5238 1860 5292 pro

288 5304 390 5354 hac
437 5294 661 5365 epistola
703 5294 1066 5366 assignarunt.
1113 5297 1373 5361 Corrupte
1425 5297 1476 5348 itt
1524 5294 1858 5366 Collectione

293 5372 440 5423 l'auli
476 5364 608 5422 Data
637 5368 718 5421 die
744 5364 967 5420 secanda
996 5366 1181 5419 mensis
1211 5366 1418 5430 Martii,
1450 5365 1626 5418 indict.
1659 5364 1712 5416 ‘2.

368 5441 547 5493 Ιεῖριετ.
588 5437 701 5492 XIII
738 5436 862 5507 [ΑΙ.
888 5432 972 5505 δ].
1014 5445 1143 5507 ές*
1184 5435 1240 5488 In
1276 5435 1440 5488 Vatic.
1479 5436 1517 5488 D
1547 5444 1599 5487 et
1631 5434 1856 5507 Ritetn._.

289 5510 495 5578 petiisse
549 5504 829 5578 legebat—ur.
883 5504 1033 5578 Apud
1087 5504 1346 5562 Gussanv.
1397 5515 1451 5558 et
1495 5507 1546 5558 in
1599 5504 1863 5559 nonnullis

290 5574 418 5634 Mss.
444 5621 458 5643 ,
497 5574 759 5649 supErasse
814 5574 1088 5649 legebatur.

363 5661 387 5685 υ
432 5651 523 5702 Ex.
547 5644 627 5701 usi
647 5689 660 5707 ,
693 5662 804 5713 qua:
830 5648 883 5697 in
911 5644 1147 5713 Castiopi
1173 5655 1336 5697 castra
1366 5654 1439 5697 est
1472 5645 1657 5712 posita,

365 5732 388 5761 ο
429 5722 563 5778 'l‘ves
595 5718 858 5780 Vaticani,
895 5715 1173 5770 Bcccensis
1194 5756 1208 5781 ,
1238 5724 1289 5769 et
1319 5715 1405 5766 alii
1434 5730 1496 5766 ex
1530 5716 1708 5767 Norm.
1743 5728 1865 5767 cum

1956 4596 2320 4665 prmierendos
2358 4606 2603 4662 putamus
2630 4594 2835 4647 duobus
2877 4588 3218 4653 Tclleranis,
3243 4588 3328 4641 ubi
3362 4588 3526 4641 habes

1957 4682 2126 4720 mense
2155 4667 2395 4735 August.,
2420 4665 2597 4735 indici.
2629 4669 2680 4717 li.

2029 4738 2209 4790 Ertsv.
2238 4726 2491 4806 Χινμι.
2519 4731 2611 4806 Ἢ.
2659 4760 2728 4773 -——
2758 4740 2783 4766 ⁸
2817 4732 2940 4806 Ilzre
2983 4729 3205 4806 epistola
3249 4729 3301 4781 in
3354 4726 3531 4806 tabula

1961 4821 2255 4861 marmorea
2304 4796 2656 4858 ad‘basili'cau
2696 4804 2862 4856 sancti
2902 4796 3042 4855 Petri
3076 4799 3327 4867 parietem
3366 4796 3531 4867 allisa

1961 4876 2173 4945 legitur.
2206 4875 2399 4929 Afiixaa
2430 4872 2586 4941 hujus
2626 4873 2838 4945 tabulae
2870 4866 3115 4945 meminit
3162 4870 3316 4922 Joan.
3363 4866 3529 4925 Diae...

1963 4942 2057 5001 liii.
2093 4962 2154 5009 ll,
2181 4961 2229 4999 c.
2256 4945 2350 4997 20.
2382 4946 2457 4999 Ex
2516 4947 2615 4996 hac
2653 4942 2874 5011 epistola
2933 4942 3100 5009 liquet
3152 4954 3269 5011 quae
3314 4946 3533 5011 tuncet

1966 5006 2160 5086 quanta
2189 5025 2369 5069 essent
2406 5006 2729 5086 in‘ecclcsiis
2767 5006 3092 5086 _Inn_tinar’.u.
3122 5008 3272 5086 Apud
3325 5006 3535 5086 Cassio.

1964 5078 2174 5148 dorum,
2222 5086 2312 5139 lio.
2343 5100 2397 5138 tu
2432 5083 2663 5146 Variam,
2695 5084 2833 5151 epist
2855 5082 2909 5146 7,
2937 5081 3122 5135 scribit
3165 5078 3532 5151 Theodericus

1968 5171 2058 5211 rex
2112 5156 2364 5225 episeopo
2417 5148 2744 5225 Salonitano:
2776 5148 3422 5225 ut_pvrsolvat_pretium
3476 5156 3543 5198 me

1966 5218 2209 5280 orcaru'm
2242 5218 2343 5278 olei
2397 5225 2462 5277 ad
2504 5222 2773 5291 implenda
2815 5221 2930 5290 ejus
2981 5219 3227 5275 ecclesia:
3260 5218 3539 5291 luminaria

1965 5306 2409 5364 comparatarum.
2428 5296 2501 5347 De
2521 5287 2763 5364 ecl-lesitc
2785 5287 3135 5345 luininaribus
3169 5304 3223 5343 si
3246 5302 3310 5356 pe
3339 5287 3535 5339 dictum

1967 5381 1997 5419 a
2019 5363 2173 5420 nobis
2201 5367 2250 5418 in
2276 5375 2413 5418 notas
2441 5364 2504 5416 ad
2540 5363 2805 5432 Dialogos.

2038 5435 2064 5472 1’
2098 5436 2269 5490 Vatic.
2295 5436 2356 5501 Β,
2383 5446 2435 5489 et
2464 5434 2526 5500 ιε’,
2553 5424 3066 5503 ναιάῖὴιεουςνιηυη
3088 5426 3357 5481 accessisse
3385 5432 3430 5477 et
3455 5424 3541 5475 du.

1968 5507 2240 5561 rissimum.

2044 5588 2064 5614 ε
2099 5581 2147 5629 In
2179 5575 2351 5630 tabula
2369 5586 2667 5627 marmorea
2699 5588 2713 5627 :
2744 5569 2885 5626 Villa
2910 5579 3133 5641 pertusa.
3167 5564 3376 5638 Bifurco
3427 5561 3470 5617 Γ
3474 5561 3545 5616 τίη

1972 5647 2217 5700 minimio.
2243 5646 2517 5701 Consentit
2541 5645 2672 5716 Iieg.
