3990 6326
504 288 641 344 1519

1692 274 1936 331 SANCTI
1979 273 2304 332 GREGORII
2344 270 2557 328 MAGNI

3650 274 3808 331 1520

499 399 698 461 niiano,
730 392 984 449 Cassiano
1025 388 1242 455 Silonis,
1268 386 1292 425 δ
1324 386 1582 452 Cornelii,
1613 385 1948 452 Thessclata,
1993 394 2077 439 at-
2113 392 2163 450 Α
2185 397 2364 441 autem
2396 392 2595 456 quanta
2627 384 2950 451 necessitas,
2984 391 3040 439 et
3069 397 3187 452 qua
3219 399 3315 439 nos
3337 384 3480 439 mala
3506 389 3805 441 constrin-

498 502 603 554 qtte
626 484 963 545 Corneliano,
991 490 1014 516 °
1047 496 1165 534 cum
1198 480 1341 531 oinni
1370 480 1512 546 jure,
1564 476 1849 538 instructo,
1882 477 2081 529 instru-

499 584 787 640 utentoque
816 586 914 625 suo
946 579 999 625 et
1027 569 1276 623 omnibus
1318 564 1637 636 generaltter
1666 564 1729 616 ad
1762 566 1876 617 eam
1925 566 2085 631 perti-

499 665 768 728 nentibus,
798 679 917 718 cum
967 660 1168 715 Christi
1201 661 1371 729 gratia
1415 656 1767 710 luminaribus
1810 654 2085 723 deputare,

496 755 811 824 adjicientes
841 753 1000 807 etiam
1043 752 1215 805 eideut
1266 750 1495 804 cessiuni
1542 749 1727 804 hortos
1770 750 1902 804 duns
1944 750 2084 804 inter

499 846 731 901 Tiberim
764 854 816 899 et
841 843 1097 913 porticum
1122 844 1285 909 ipsius
1316 843 1577 902 ecclesim.
1601 842 1853 897 euntibus
1875 858 1904 895 a
1930 850 2084 909 porta

498 937 730 991 civitatis
761 944 909 1005 parte
940 935 1181 998 dextera,
1229 949 1362 1003 quos
1386 934 1572 986 dividit
1603 931 1797 990 ﬂuvius
1822 931 1842 972 ί
1868 936 2084 999 Altnon,

501 1036 527 1074 s
560 1027 697 1080 inter
726 1025 913 1078 alliues
936 1023 1075 1075 horti
1107 1023 1414 1076 monaSterii
1439 1022 1607 1075 sancti
1632 1022 1915 1091 Stephani,
1938 1025 2084 1092 quod

501 1126 586 1170 est
612 1116 925 1169 ancillarum
960 1113 1075 1177 Dei,
1111 1113 1337 1177 positum
1370 1112 1433 1163 ad
1486 1122 1725 1165 Sanctum
1761 1113 2003 1178 Paulum,
2034 1124 2087 1169 ct

500 1207 567 1259 ad
614 1206 745 1259 lines
786 1202 1140 1274 possessionis
1186 1201 1508 1264 Pissiuiani,
1563 1202 1722 1255 simul
1765 1213 1817 1257 et
1863 1206 2089 1260 terrnlas

416 1368 419 1371 _
502 1311 623 1365 qua:
654 1304 909 1350 vocantur
941 1295 1105 1348 Fossa
1137 1295 1384 1357 latronis,
1430 1296 1632 1362 positas
1658 1292 1687 1333 δ
1713 1296 1906 1351 ibidem
1932 1297 2090 1366 juxta

505 1388 748 1442 eamdem
796 1387 1059 1455 porticum
1100 1386 1376 1449 euntibus;
1405 1385 1650 1439 similiter
1679 1396 1826 1457 parte
1873 1388 2090 1442 sinistra

505 1480 572 1534 ad
603 1487 808 1549 portam
856 1478 946 1531 ubi
978 1492 1117 1531 nunc
1146 1478 1314 1531 vinea:
1345 1478 1494 1531 laeta:
1547 1489 1689 1541 sunt,
1721 1492 1838 1545 quae
1875 1480 2092 1533 terrul;e

508 1573 784 1627 cohmrent
829 1571 898 1625 ab
932 1586 1037 1626 uno
1070 1570 1235 1624 latere
1262 1570 1584 1637 possessioni
1619 1569 1890 1640 Eugenitis
1923 1586 2094 1639 quon-

500 1664 624 1718 dam
650 1661 976 1726 scholastici,
1011 1670 1065 1714 et
1094 1660 1163 1713 ab
1190 1661 1292 1714 alia
1326 1670 1475 1728 parte
1509 1660 1940 1727 possessionibus
1969 1673 2086 1712 mo-

2187 483 2334 543 gant,
2356 482 2413 528 et
2447 475 2725 541 praesentis
2749 473 3076 541 responsalis
3107 476 3274 526 nostri
3305 474 3595 539 relatione,
3632 486 3689 529 et
3721 492 3801 531 ex

2184 562 2429 629 epistolis
2460 562 2641 615 fratris
2669 570 2723 616 et
2751 562 3053 631 coepiscopi
3086 562 3190 617 mei
3224 562 3508 617 Mariniani
3557 565 3801 631 potestis

2186 667 2498 722 agnoscere.
2527 653 2675 708 Unde
2696 653 2920 722 gloriam
2943 660 3174 707 vestram
3190 653 3347 707 decet
3366 654 3613 709 studiose
3637 658 3798 725 cogi-

2189 753 2325 811 tare,
2356 746 2476 815 quia
2508 760 2606 799 nos
2630 746 2696 799 de
2728 746 2988 815 sapientia
3021 753 3197 802 vestra
3229 761 3480 816 magnam
3515 750 3570 802 in
3601 752 3796 803 omni-

2189 844 2404 903 potente
2435 836 2660 890 Domino
2689 836 2935 892 ﬁduciam
2977 836 3254 900 habemus,
3285 847 3339 891 et
3370 838 3460 891 ubi
3498 854 3599 891 vos
3624 840 3789 901 estis,

2189 926 2297 981 illic
2328 942 2543 982 causam
2574 929 2769 998 negligi
2816 929 2960 983 nullo
3003 930 3161 985 modo
3204 930 3498 985 credimus.
3549 931 3624 983 lta
3658 946 3796 999 ergo

2190 1018 2367 1087 facite,
2404 1030 2462 1075 ut
2502 1021 2827 1077 confidentia
2870 1031 3054 1075 nostra
3096 1037 3125 1073 a
3172 1036 3267 1076 sua
3309 1022 3646 1076 certitudine
3681 1038 3795 1075 non

2190 1112 2488 1166 inveniatur
2518 1113 2713 1167 aliena.
2747 1098 2929 1168 Gratia
2963 1128 3056 1168 vos
3104 1127 3335 1183 superna
3366 1113 3688 1178 custodiat,
3732 1125 3795 1168 et

2190 1217 2445 1272 prospere
2469 1218 2627 1273 agere
2654 1203 2833 1257 omnia
2859 1203 3137 1257 concedat.

2728 1315 3056 1372 EPISTOLA
3098 1315 3240 1371 XVI.

2297 1444 2501 1484 FELICIS
2531 1443 2879 1483 MESSANENSIS
2904 1442 3135 1484 EPISCOPI
3164 1444 3230 1482 AD
3262 1441 3307 1482 S.
3344 1441 3680 1483 GBEGOBIL’II.

2196 1541 2392 1605 Quterit
2418 1541 2483 1593 de
2528 1540 2984 1609 consanguinitatis
3025 1538 3269 1609 gradibus
3296 1539 3350 1592 in
3377 1539 3565 1609 quibus
3596 1538 3795 1590 nubere

2266 1614 2407 1673 lict-1;
2459 1610 2521 1663 de
2567 1608 2918 1681 episcoporum
2964 1608 3241 1681 ttea'ationer
3276 1625 3307 1681 ιι
3351 1608 3597 1681 subditis,
3633 1624 3697 1659 ac
3731 1610 3799 1659 de

2266 1683 2486 1735 ecclesiis
2512 1678 3099 1749 quarum'dedicationes
3121 1680 3245 1732 sunt
3268 1678 3459 1732 dubite.

503 1753 765 1808 nasteriii
804 1755 973 1808 ετιιιοιί
1008 1751 1220 1817 Edistii,
1269 1766 1386 1820 qua:
1431 1749 1607 1804 omnia
1659 1750 1767 1803 Deo
1810 1750 2093 1819 adjuvanle

2272 1772 2496 1825 Domino
2545 1772 2854 1826 beatissimo
2900 1779 2955 1826 et
3009 1770 3341 1835 honorabili,
3391 1777 3585 1822 sancto
3648 1766 3797 1819 Patri

501 1860 600 1915 per
626 1845 911 1899 antediclac
936 1842 1179 1899 CClICSiiB
1226 1841 1545 1911 prmpositos
1586 1841 1673 1912 qui
1707 1856 1801 1908 per
1846 1850 2089 1911 tempora

504 1934 707 1990 fuerint
733 1942 788 1988 et
810 1950 837 1987 a
865 1932 1114 2001 praasenti
1130 1931 1353 2000 septima
1378 1931 1668 1985 indictione
1685 1932 1929 1986 volumus
1951 1932 2089 1985 ordi-

508 2025 643 2079 nari.
677 2024 743 2078 Et
770 2023 1023 2093 quidquid
1054 2023 1252 2076 exinde
1277 2023 1590 2087 accesserit,
1612 2022 1964 2076 luminaribus
1978 2021 2095 2090 ejus

505 2114 766 2185 impendi,
798 2124 958 2183 atque
979 2114 1125 2183 ipsos
1151 2113 1347 2168 exinde
1378 2128 1577 2182 ponere
1605 2114 1861 2168 rationes.
1894 2113 2096 2168 Idcirco

505 2206 859 2275 experientia:
886 2214 992 2258 tua:
1020 2205 1362 2274 praecipimus
1391 2212 1449 2257 ttt
1496 2205 1914 2273 suprascriptam
1956 2218 2096 2257 mas-

504 2310 619 2349 sam
648 2295 826 2365 Aquas
856 2294 1064 2349 Salvias
1093 2309 1215 2348 cum
1250 2293 1652 2362 praenominatis
1682 2295 1935 2349 omnibus
1961 2293 2088 2347 lun-

507 2385 591 2441 dis
620 2388 753 2451 suis,
779 2402 983 2441 necnon
1014 2386 1220 2449 hortos,
1247 2395 1406 2453 atque
1434 2384 1662 2438 terrulas
1691 2399 1811 2452 qua;
1850 2386 2097 2452 superius

506 2477 874 2541 centinentur,
905 2478 972 2530 de
1002 2476 1252 2529 brevibus
1275 2476 1386 2529 suis
1409 2474 1591 2529 delere
1618 2474 1808 2530 debeat
1831 2490 1895 2530 ac
1917 2475 2096 2530 aufer-

511 2585 598 2635 re,
627 2578 683 2624 et
706 2578 897 2623 cuncta
944 2566 969 2605 ι
1006 2569 1070 2621 ad
1120 2583 1313 2622 nomen
1358 2567 1627 2636 prmdictre
1665 2568 1909 2622 ecclesia:
1958 2570 2099 2624 beati

512 2662 665 2717 Pauli
692 2660 917 2731 apostoli
958 2660 1198 2725 tradere;
1232 2668 1494 2729 quatenus
1534 2660 1836 2715 servientes
1864 2661 1933 2715 ibi
1964 2676 2102 2729 pra:-

511 2752 695 2821 positi,
723 2751 868 2805 omni
926 2752 1147 2821 posthac
1189 2758 1438 2805 carentes
1483 2750 1850 2819 excusatione,
1891 2751 2103 2823 1274

513 2842 583 2897 de
614 2842 958 2896 luminaribus
980 2844 1095 2910 ejus
1124 2843 1193 2896 ita
1220 2842 1338 2897 sine
1364 2848 1543 2895 nostra
1573 2842 1822 2897 studeant
1845 2843 2104 2897 sollicitu—

510 2934 636 2987 dine
663 2933 917 3003 cogitare,
951 2942 1008 2987 ut
1035 2934 1210 2987 nullus
1241 2948 1471 3001 unquam
1492 2934 1598 2987 illic
1626 2933 1899 3002 neglectus
1932 2934 2105 3003 possit

517 3026 771 3080 existere.
807 3024 964 3079 Facta
988 3040 1116 3080 vero
1139 3025 1627 3094 suprascriptarum
1651 3026 1887 3080 omnium
1916 3041 2098 3081 rerum

518 3117 826 3179 traditione,
879 3116 1125 3170 volumus
1172 3126 1227 3170 ut
1274 3114 1379 3169 hoc
1428 3125 1751 3184 praeceptum
1803 3117 1853 3170 in
1905 3109 2180 3174 scrinioC

518 3207 762 3262 ecclesia:
793 3216 990 3262 nostrae
1018 3207 1350 3276 experientia
1383 3216 1469 3260 tua
1506 3209 1751 3263 restituat
1786 3206 1830 3264 ι.

1077 3297 1406 3353 EPISTULA
1446 3297 1559 3352 XV.

892 3406 959 3445 AD
999 3405 1307 3444 ANTllEIllUIl
1349 3403 1729 3444 SUBDIACONUH.

523 3481 824 3536 Exarrltum
854 3491 1036 3536 temere
1075 3484 1361 3550 loqumtem
1393 3491 1616 3549 moneat,
1642 3492 1689 3535 et
1734 3484 1842 3547 ipse
1865 3497 1953 3549 per
1976 3483 2110 3551 epis-

586 3557 744 3606 tolum
790 3553 1139 3606 Romanorum
1187 3553 1337 3605 malis
1406 3562 1668 3619 speratum
1730 3562 1971 3617 procuret
2033 3554 2107 3607 lc-

589 3640 765 3675 tamen
775 3663 786 3675 .

588 3715 875 3785 Gregorius
903 3723 924 3747 τι
955 3714 1248 3766 Anthemio
1290 3714 1639 3766 subdiacono.

587 3798 721 3861 Quia
743 3796 967 3865 gloriam
1010 3805 1241 3846 vestram
1275 3792 1431 3844 lixam
1474 3794 1625 3846 valde
1651 3802 1809 3861 atque
1840 3794 2091 3849 stabilem

520 3887 573 3939 in
602 3891 712 3939 suis
736 3900 856 3938 esse
886 3884 1126 3937 moribus
1169 3883 1348 3948 audio,
1384 3884 1610 3937 multum
1640 3884 1903 3949 laetiﬁcor,
1928 3894 1981 3940 et
2031 3888 2109 3942 sic

521 3972 674 4025 vobis
694 3986 815 4039 quae
844 3971 975 4023 mihi
1022 3971 1307 4038 displicent
1337 3973 1473 4025 sicut
1498 3973 1715 4041 speciali
1748 3974 1855 4027 lilio
1887 3975 2108 4031 liducia-

520 4065 641 4119 l;tcr
665 4063 874 4131 loquor.
912 4063 1416 4118 Excellentissintus
1442 4065 1587 4125 enim
1618 4068 1887 4123 exarchus
1931 4070 2108 4140 aliqua

521 4151 759 4220 loquitur
787 4166 909 4221 qua:
940 4168 1128 4208 omnes
1174 4154 1264 4223 qui
1295 4154 1446 4209 illum
1485 4166 1667 4210 amant
1710 4158 1776 4212 ad
1808 4158 2110 4217 inimicitias

522 4240 665 4297 illius
697 4242 911 4297 valeant
950 4258 1259 4312 provocare.
1309 4244 1384 4300 De
1428 4262 1532 4317 qua
1562 4263 1624 4303 re
1666 4249 1717 4303 ei
1759 4264 1856 4318 per
1886 4252 2108 4307 latorem

521 4337 866 4403 praesentium
898 4338 951 4389 in
985 4347 1209 4406 excepto
1255 4352 1373 4407 quae
1401 4338 1532 4395 mihi
1578 4340 1690 4396 visa
1716 4352 1844 4397 sunt
1871 4346 2112 4414 relegen-

521 4428 589 4479 da
614 4426 852 4492 dictavi;
883 4442 1024 4498 quae,
1067 4427 1113 4483 si
1159 4428 1355 4498 placet,
1386 4439 1441 4483 et
1486 4430 1639 4486 vobis
1681 4433 2009 4503 relegantur,
2054 4443 2111 4488 ut

522 4520 711 4575 sciatis
757 4521 883 4591 quid
915 4521 964 4576 ei
994 4523 1062 4577 de
1103 4538 1161 4578 re
1206 4522 1393 4579 eadem
1435 4523 1673 4579 scribere
1712 4525 1973 4582 debeatis.
2015 4526 2112 4583 llic

594 4679 621 4714 ⁶
648 4678 809 4750 lbid.,
833 4678 1039 4733 Corneli
1060 4682 1319 4745 tesselata,
1342 4689 1492 4750 atque
1515 4681 1840 4736 Corneliana.

601 4756 628 4820 ἐ
659 4749 799 4803 Nihil
832 4750 920 4803 hic
941 4764 1160 4805 necesse
1184 4760 1266 4805 est
1287 4761 1464 4805 notam
1488 4752 1801 4820 adjungere,
1828 4768 1929 4820 qtta
1949 4767 2112 4807 voca-

531 4818 780 4890 bulorum
810 4820 1036 4873 istorum
1060 4820 1385 4890 significatus
1411 4818 1703 4889 aperiatur.
1735 4818 1946 4876 Sullicit
1972 4823 2110 4877 indi-

531 4904 656 4942 care
686 4889 779 4942 lib.
810 4904 892 4953 tu,
943 4891 1057 4957 Dig.
1091 4889 1172 4943 tit.
1204 4892 1258 4953 7,
1288 4893 1376 4959 qui
1408 4891 1717 4945 inscribitur
1745 4893 1807 4943 de
1860 4893 2108 4947 instructa

530 4961 611 5030 uel
637 4962 969 5030 instrumento
994 4960 1182 5030 legato,
1214 4965 1302 5014 ubi
1343 4962 1521 5014 omnia
1545 4971 1894 5015 recensentur
1917 4963 2111 5030 quibus

529 5028 725 5081 fundus
758 5030 839 5083 vel
869 5028 1062 5083 domus
1085 5040 1307 5097 possunt
1335 5030 1548 5093 instrui,
1578 5028 1976 5099 discrimenque
2000 5044 2110 5085 sta-

532 5100 704 5152 tuitur
734 5100 872 5152 inter
916 5114 977 5153 ea
1011 5114 1129 5169 quae
1157 5110 1282 5152 sunt
1310 5100 1577 5165 instructi,
1609 5116 1728 5169 qua:
1757 5110 1880 5153 sunt
1908 5101 2112 5155 instru-

531 5177 934 5239 ruentum,quac
952 5179 1083 5239 sunt
1112 5168 1472 5239 instrumenti.
1516 5168 1743 5223 Sanctus
1797 5170 2111 5239 Gregorius,

531 5236 585 5288 in
644 5238 1082 5311 hac_donatione_
1119 5237 1248 5291 nihil
1280 5254 1386 5292 non
1418 5239 1844 5309 comprehendit,
1895 5236 2001 5309 r'es,
2030 5236 2113 5311 ju-

531 5313 731 5365 menta,
758 5304 1021 5360 homines.
1045 5307 1306 5362 GllSSANV.

611 5372 631 5409 τ
668 5372 838 5441 Vatic.
879 5379 946 5441 A,
976 5378 1186 5429 Armon.

607 5450 633 5511 β
663 5440 838 5511 Υδιίο.
875 5447 933 5509 Β,
955 5447 1088 5497 inter
1108 5448 1255 5511 ﬁnes.

603 5506 633 5543 δ
665 5508 884 5587 Εξξςιιεὶ,
917 5506 1127 5587 positas,
1165 5517 1218 5567 id
1248 5518 1493 5587 estgjuxta
1523 5518 1773 5575 eamdem.
1802 5518 2107 5587 Legendnm

541 5577 873 5652 ‘Ianeibidem
895 5577 986 5631 aut
1007 5583 1200 5652 itidem,
1235 5598 1287 5637 ut
1317 5577 1371 5637 ἱῗι
1402 5586 1532 5652 Reg.
1566 5596 1619 5640 el.
1646 5588 1698 5640 in
1733 5577 2020 5643 Vaticanis.
2054 5591 2106 5643 ln

541 5638 720 5693 tabula
761 5660 1056 5699 marmorea
1100 5638 1287 5716 legitur
1332 5638 2103 5727 idem,"forte—compendiose,

2197 1861 2455 1931 Gregorio
2505 1878 2675 1932 papze,
2724 1863 2873 1919 Felix
2904 1871 3097 1918 vestras
3135 1861 3326 1917 salutis
3374 1874 3439 1915 ac
3484 1857 3800 1913 sanctitatis

2198 1962 2426 2008 amator.

2271 2042 2602 2097 Beatissimae
2624 2051 2817 2097 vestra:
2839 2043 3028 2098 salutis
3056 2056 3119 2096 ac
3140 2040 3441 2096 sanctitatis
3468 2039 3595 2109 jura
3625 2054 3798 2109 penes

2201 2133 2369 2188 Deum
2401 2142 2527 2188 sunt
2564 2134 2863 2189 manifesta.
2903 2133 3036 2188 Dum
3083 2131 3552 2202 praedicationibus
3583 2130 3799 2183 scilicet

2200 2227 2506 2295 apostolicis
2550 2236 2606 2283 et
2641 2227 2898 2283 doctrinis
2927 2241 3066 2280 verte
3112 2224 3234 2279 lidei
3275 2224 3486 2278 cultura
3535 2222 3791 2274 universa

2203 2318 2404 2387 repleta
2445 2320 2515 2372 sit
2558 2327 2725 2382 terra,
2773 2330 2869 2387 per
2891 2317 3192 2371 divinorum
3224 2323 3400 2367 tamen
3430 2312 3793 2367 eruditionem

2202 2410 2561 2479 eloquiorum,
2596 2420 2774 2464 vestra
2804 2409 3100 2462 instruente
3138 2405 3508 2459 admonitione
3538 2402 3797 2458 exhorta-

2207 2502 2366 2569 toria,
2381 2502 2837 2571 superazdilicatur
2858 2500 3155 2555 orthodoxa
3168 2496 3365 2552 Christi
3389 2495 3631 2550 Ecclesia
3664 2509 3795 2562 apo-

2205 2595 2393 2650 stolica
2424 2594 2754 2649 institutione
2776 2592 3011 2657 fundata,
3032 2598 3085 2645 et
3105 2605 3132 2643 a
3158 2588 3401 2643 ﬁdelibus
3424 2584 3669 2655 patribus
3694 2585 3792 2635 lir-

2207 2689 2443 2743 ntissime
2471 2688 2743 2741 roborata.
2774 2685 2855 2740 Ad
2887 2698 3042 2754 quam
3076 2680 3370 2735 beatissimi
3423 2692 3621 2732 omnes
3652 2691 3791 2745 apo-

2207 2780 2329 2835 stoli
2385 2778 2497 2846 pari
2551 2777 2771 2833 honoris
2821 2784 2876 2831 et
2915 2777 3190 2845 potestatis
3239 2771 3514 2826 consortio
3545 2768 3793 2839 prazditi,

2214 2871 2422 2943 1275
2454 2872 2768 2941 pepulerunt
2796 2869 3008 2939 agmina
3036 2872 3433 2929 convertentes,
3458 2862 3546 2932 pie
3577 2871 3799 2915 sancte-

2207 2980 2311 3033 que
2343 2969 2409 3018 de
2432 2963 2665 3018 tenebris
2690 2963 2755 3017 ad
2788 2961 2987 3025 lumen,
3019 2959 3087 3013 de
3115 2958 3265 3027 lapsu
3293 2955 3359 3009 ad
3389 2969 3572 3008 veram
3610 2953 3798 3014 tidem,

2208 3055 2277 3110 de
2305 3064 2477 3109 morte
2498 3053 2565 3108 ad
2592 3054 2774 3118 vitam,
2806 3052 3050 3107 hoinines
3088 3049 3278 3103 divinae
3308 3043 3803 3113 praedestinatinnis

2210 3145 2379 3215 gratia
2412 3146 2689 3214 prtescitos
2714 3185 2731 3212 ,
2779 3143 3103 3198 salutaribus
3154 3136 3435 3209 prmceptis
3466 3151 3529 3188 ac
3580 3134 3802 3186 monitis

2211 3239 2597 3309 perduxerunt.
2629 3240 2867 3304 Quorum
2891 3246 3201 3290 sanctorum
3232 3229 3603 3300 apostolorum
3620 3234 3803 3278 vestra

2212 3331 2505 3399 paternitas
2533 3328 2845 3385 honoranda
2886 3339 3117 3397 sequens
3160 3323 3373 3384 tnerita,
3406 3328 3463 3373 et
3508 3316 3805 3387 perfectius

2214 3420 2441 3488 implens
2464 3418 2737 3487 exempla,
2767 3415 3062 3471 Ecclesiam
3094 3412 3185 3468 Dei
3209 3426 3417 3465 morum
3456 3407 3731 3476 probitate
3753 3413 3807 3454 et

2211 3518 2425 3563 actuum
2459 3510 2743 3564 sanctitate
2772 3508 3116 3570 condecorat,
3139 3514 3193 3558 et
3224 3502 3329 3556 ﬁde
3356 3514 3510 3554 sacra
3541 3495 3808 3551 Christia-

2213 3600 2402 3668 ηἱείιιιθ
2429 3601 2670 3655 moribus
2696 3602 2904 3670 vigens,
2933 3612 3050 3667 quae
3074 3595 3189 3651 lieri
3214 3594 3322 3649 Deo
3337 3592 3534 3662 placita
3560 3585 3810 3656 praecipit

2212 3689 2404 3743 studiis
2421 3690 2817 3759 pontiﬁcalibus
2835 3687 3197 3742 indesinenter
3218 3692 3475 3752 operatur
3497 3688 3553 3733 et
3570 3676 3805 3748 perlicit,

2211 3797 2437 3838 scrvans
2465 3784 2658 3838 divinae
2688 3783 2820 3853 legis
2841 3787 3127 3849 prtecepta,
3157 3778 3280 3847 quia
3304 3790 3404 3826 non
3426 3771 3695 3824 auditores
3730 3769 3800 3819 le-

2212 3877 2291 3946 gis
2309 3876 2442 3945 justi
2469 3885 2583 3930 sunt
2613 3875 2752 3943 apud
2777 3873 2960 3935 Deum,
2992 3873 3133 3926 sicut
3160 3876 3343 3923 narrat
3370 3864 3689 3933 Apostolus,
3724 3859 3807 3911 sed

2213 3974 2431 4045 factores
2453 3971 2575 4041 legis
2589 3966 3013 4039 justi/imbuatur
3040 3964 3215 4034 (Rom.
3248 3975 3304 4027 tt,
3331 3957 3446 4026 t5).

2286 4061 2413 4116 Hac
2445 4061 2662 4130 quidem
2712 4057 3062 4122 meditantes,
3102 4053 3168 4107 ad
3222 4066 3318 4105 nos
3356 4047 3624 4119 perlatum
3654 4052 3741 4097 est
3779 4056 3807 4092 a

2215 4156 2533 4226 quibusdam
2569 4154 2734 4207 ltoma
2771 4151 3110 4207 venientibus
3144 4160 3240 4200 vos
3267 4141 3576 4210 Augustino
3605 4148 3806 4189 conso—

2214 4248 2323 4304 dali
2363 4255 2581 4311 nostro,
2632 4259 2731 4314 per
2777 4243 3138 4299 venerabilem
3181 4236 3523 4293 sanctitatem
3572 4238 3808 4282 vestram

2215 4338 2556 4411 postmodum
2582 4338 2833 4407 episcopo
2856 4335 3151 4404 Anglorum
3174 4328 3318 4400 genti
3336 4325 3589 4380 ordinato
3610 4328 3669 4372 et
3688 4320 3812 4372 illuc

2216 4435 2441 4497 directo,
2470 4441 2630 4501 atque
2658 4429 2842 4499 Anglis
2871 4425 3173 4496 scripsisse,
3198 4435 3333 4492 quos
3384 4416 3513 4472 olim
3539 4413 3610 4467 ad
3646 4411 3808 4466 tidem

2219 4538 2512 4582 conversos
2542 4538 2637 4593 per
2668 4538 2763 4579 vos
2803 4519 3152 4591 cognovimus
3177 4555 3190 4578 ,
3220 4522 3280 4567 ut
3305 4518 3496 4581 quarta
3550 4504 3809 4576 progenie

2216 4698 2314 4753 pro
2344 4682 2573 4753 ibidenh,
3013 4743 3043 4753 Α.
3095 4743 3107 4753 .
3150 4744 3159 4753 .
3200 4741 3231 4753 -.
3284 4738 3300 4753 ι
3372 4735 3518 4753 ιν-.τ-
3583 4732 3603 4753 Α
3676 4741 3720 4753 Δ.
3751 4731 3778 4753 ιι

2296 4731 2309 4791 ἶ
2345 4731 2611 4807 ἰῖιῖξιῦιιιει
2636 4762 2852 4813 marm.,
2882 4743 3044 4799 sancti
3074 4735 3545 4813 Aristi._ln‘\’_atic.
3572 4732 3636 4785 Α.
3671 4741 3727 4785 et
3750 4731 3805 4795 li,

2215 4806 2377 4877 sancti
2408 4821 2639 4876 Hedesti.
2675 4820 2728 4871 lu
2766 4806 2935 4870 Va'tic.
2972 4812 3220 4877 F,sancti
3245 4806 3445 4884 ‘Edis'i.
3510 4872 3544 4884 η

2288 4872 2571 4961 {'ttég'jér
2593 4872 2762 4943 Vatic.
2790 4887 2849 4950 F,
2881 4885 2948 4937 ad
2978 4872 3346 4961 monasterium
3378 4872 3666 4961 prtedictte.

2294 4963 2308 5001 ι
2341 4940 2923 5017 lii'touﬁbulamarmorea
2948 4962 3065 5022 post
3091 4954 3324 5022 restituat
3349 4940 3599 5022 subditur
3625 4940 3811 5022 :hliene

2214 5010 2509 5088 itala-"Dat:
2524 5010 2876 5082 v—tttilt'alend.
2911 5010 3246 5082 Februarias,
3266 5020 3393 5083 imp.
3417 5018 3506 5065 du.
3551 5030 3607 5064 rt.
3637 5010 3813 5090 Ρξιοτα

2221 5104 2338 5156 ΡΙ).
2398 5118 2532 5155 anno
2570 5101 2814 5165 secundo,
2847 5104 2894 5149 et
2939 5092 3231 5145 consulatus
3272 5092 3385 5159 ejus
3423 5099 3563 5136 anno
3621 5098 3811 5148 primo,

2223 5175 2394 5226 indict.
2428 5173 2481 5225 7.
3509 5222 3521 5228 _
3696 5220 3726 5228 Α.

2217 5175 2481 5295 Wiiiffsl'
2515 5238 2604 5292 XV
2648 5238 2753 5309 [ΑΙ.
2786 5235 2903 5305 ‘28].
2928 5262 2999 5273 -—
3022 5242 3044 5266 ι*
3076 5229 3297 5309 Falsum
3338 5237 3463 5309 esse
3509 5220 3812 5309 hung-tilio:

2218 5289 2617 5380 Iunii-l'iq—uetﬂex
2649 5289 2762 5360 Lhis
2816 5289 3017 5380 verbis,
3059 5300 3288 5380 .gloria’rn
3333 5301 3577 5380 uestram.
3615 5290 3684 5341 Et
3713 5289 3811 5341 alea

2216 5398 2333 5451 qua:
2371 5366 2477 5439 nim
2498 5375 2920 5451 adaptantugad
2945 5366 3191 5451 clericqs.
3220 5366 3491 5451 Gussstvv.

2291 5436 2470 5504 Epist.
2498 5436 2634 5501 ΧΠ.
2665 5476 2733 5486 -
2763 5454 2786 5479 ει
2814 5443 3103 5515 Epistulam
3128 5438 3264 5515 hanc
3289 5436 3691 5515 hactenttsnon
3724 5443 3820 5515 exf

2216 5501 2396 5573 ens—ant
2441 5501 2735 5586 reperimus
2767 5516 2818 5569 in
2849 5501 3183 5586 Cerbeiensi,
3215 5504 3442 5586 Pratel_._,
3491 5501 3719 5586 Gentes.
3761 5512 3819 5549 ac

2216 5590 2483 5659 Sagiensi,
2504 5573 2604 5657 lqui
2633 5587 2854 5643 Codices
2880 5585 2962 5637 vix
2993 5594 3094 5636 una
3121 5583 3170 5633 in
3207 5588 3336 5628 voce
3372 5573 3719 5641 discrepant.
