3956 6374
152 430 273 481 ιῖίὶι

786 423 1265 480 EPISTOLARUM
1311 422 1437 477 LIB.
1483 419 1619 475 XIV.
1661 449 1731 461 —
1768 415 2009 473 lNDlCT.
2057 412 2247 467 Vll.—~
2293 410 2504 468 EPlST.
2554 412 2708 467 XVll.

3279 400 3414 452 151⁸3

147 539 412 607 conjuncti
446 552 550 590 non
597 549 932 606 separentur.
964 539 1096 602 Quae
1139 534 1471 591 consuetudo
1518 531 1715 587 dudum
1749 532 1797 589 Α
1825 537 1966 589 neat,
2001 538 2285 592 rumorque
2318 534 2513 587 vester,
2545 526 2633 592 qui
2661 540 2875 590 semper
2908 528 3077 580 bonus
3096 537 3148 582 et
3169 523 3410 597 optimus

147 632 195 686 in
220 631 323 685 illis
351 637 442 682 aut
467 626 519 682 in
551 626 665 681 istis
694 628 951 696 partibus,
974 629 1185 697 quando
1215 644 1317 681 una
1356 627 1629 680 vobiscum
1655 623 1721 677 ab

148 718 360 773 infantia
408 719 638 772 nutritus
676 726 833 785 atque
862 719 1083 773 edoctus
1108 720 1203 785 fui,
1241 733 1344 771 non
1370 727 1507 778 erat,
1542 729 1641 770 nec
1670 716 1719 767 in

148 810 268 862 ullis
300 808 755 878 prmdecessorum
789 816 1086 859 vestrorum
1113 806 1347 861 decretis
1378 806 1460 859 vel
1490 804 1720 872 reliquo-

149 915 262 953 rum
313 896 630 967 generaliter
679 896 761 950 vel
822 897 1130 963 Speeialiter
1194 898 1408 949 Patrum
1464 894 1723 948 institutis

149 990 270 1057 legi,
314 998 402 1040 aut
434 986 692 1040 hactenus
723 986 790 1040 ab
833 987 956 1040 ullis
987 985 1317 1055 sapientibus
1356 1000 1475 1039 esse
1503 998 1726 1038 conces-

150 1092 267 1131 sum
296 1074 477 1129 didici.
508 1074 615 1129 Sed
640 1089 852 1141 semper
892 1089 1058 1143 nsque
1090 1077 1152 1127 ad
1185 1075 1472 1143 septimum
1507 1073 1728 1141 originis

151 1181 259 1219 sua:
282 1167 506 1235 gradum
544 1165 658 1219 haec
685 1180 714 1218 a
745 1166 943 1219 sanctis
990 1165 1419 1220 antecessoribus
1457 1163 1646 1218 vestris
1676 1173 1730 1217 et

152 1257 355 1311 etetcris
402 1255 602 1309 sanctis
654 1256 922 1320 Patribus,
970 1267 1076 1309 tam
1136 1256 1189 1309 in
1241 1256 1451 1309 Niewna
1498 1255 1727 1325 synodo,

152 1365 307 1418 quam
353 1358 408 1402 et
454 1349 506 1402 in
554 1348 670 1401 aliis
700 1350 901 1402 sanctis
937 1350 1180 1403 conciliis
1218 1348 1730 1427 congregatis,ser-

155 1440 266 1493 vari
291 1440 485 1494 debere
507 1441 701 1508 reperi,
736 1448 788 1493 et
817 1455 845 1491 a
870 1448 1013 1495 recte
1039 1440 1335 1495 vive.itibus
1360 1454 1421 1493 ac
1446 1440 1729 1494 Dominum

153 1530 463 1585 timentibus
510 1529 815 1585 hominibus
872 1530 1109 1585 studiose
1153 1530 1432 1599 praevideri
1478 1528 1725 1598 cognovi.

151 1624 285 1677 Dum
312 1623 426 1676 haec
455 1623 728 1678 nobiscum
762 1622 1136 1686 versabantur,
1168 1636 1529 1690 supervenere
1555 1631 1606 1674 et
1627 1621 1740 1673 alia

150 1714 220 1769 de
246 1715 439 1784 quibus
465 1714 828 1769 necessariqu
863 1715 1015 1768 nobis
1038 1715 1250 1769 videtur
1276 1723 1504 1767 vestram
1535 1727 1729 1765 consu-

150 1805 267 1860 lere
285 1806 682 1859 auctoritatem.
702 1804 979 1859 Venerunt
1004 1804 1197 1874 quippe
1215 1805 1281 1859 ad
1314 1818 1411 1857 nos
1432 1813 1539 1857 tam
1570 1801 1596 1841 δ
1624 1803 1723 1856 Be-

1828 616 1946 684 fnit,
1977 618 2541 671 detractionibuslacei
2562 633 2704 683 etur,
2734 620 2813 672 vel
2838 622 3171 688 subrogetur,
3204 639 3293 675 aut
3313 640 3409 676 no-

1830 724 1950 762 men
1983 715 2238 773 vestrum,
2269 707 2408 777 quod
2442 708 2598 771 absit,
2633 710 3135 776 supervenientibus
3164 716 3409 779 tempori-

1832 801 1929 854 bus
1957 800 2379 867 blaSphetnetur.
2414 797 2517 852 Nos
2544 788 2683 852 enim
2714 814 2831 867 quis
2861 810 3005 853 recta
3033 810 3157 855 sunt
3189 811 3423 877 auctore,

1831 894 1940 948 Deo
1973 894 2157 946 humili
2198 893 2359 946 corde
2404 902 2703 958 servantes,
2741 908 2846 945 uno
2891 892 3099 947 vinculo
3134 892 3411 947 charitatis

1830 983 1980 1040 vobis
2010 984 2302 1044 constricti,
2336 993 2564 1035 vestram
2595 983 2907 1052 religionem
2947 984 2998 1037 in
3038 984 3286 1038 omnibus
3308 1023 3323 1047 ,
3355 993 3413 1037 ut

1832 1070 2019 1127 ﬁdeles
2048 1074 2250 1127 alumni
2283 1072 2653 1136 defendentes,
2685 1089 2715 1127 a
2755 1072 2904 1126 vobis
2938 1088 3057 1140 quze
3108 1084 3252 1128 reeta
3288 1082 3416 1128 sunt

1830 1164 2149 1230 quaerimus;
2205 1164 2407 1216 scimus
2466 1165 2608 1216 enim
2663 1176 2717 1216 ut
2748 1179 2965 1232 semper
3014 1173 3218 1219 sancta:
3270 1165 3416 1219 sedis

1833 1254 2092 1321 praesules
2123 1254 2293 1321 primo
2320 1255 2571 1321 apostoli,
2619 1255 2814 1311 deinde
2851 1270 3189 1310 successores
3223 1271 3411 1311 eorum

1833 1345 2091 1410 iecerunt,
2121 1359 2214 1397 vos
2259 1344 2578 1401 universalis
2607 1345 2885 1412 Ecclesize,
2921 1356 2973 1401 et
3004 1346 3238 1403 maxime
3267 1363 3333 1417 ep
3357 1362 3415 1402 s-

1832 1450 2110 1503 caporum,
2142 1436 2228 1502 qui
2256 1435 2391 1489 oculi
2427 1446 2644 1504 pr0pter
2671 1438 3181 1508 contemplationem
3207 1449 3261 1493 et
3288 1453 3414 1508 spe-

1832 1527 2155 1579 culationem
2205 1538 2462 1579 vocantur
2512 1528 2743 1593 Domini,
2773 1545 2955 1583 curam
2992 1546 3207 1601 gerere,
3241 1544 3303 1583 ac
3349 1530 3419 1585 de

1834 1616 2089 1685 religione
2119 1626 2169 1671 et
2198 1617 2312 1686 lege
2339 1630 2517 1671 nosxra
2554 1619 2765 1674 assidue
2792 1621 3053 1689 cogitare,
3082 1621 3220 1675 sicut
3248 1620 3420 1690 serip-

1834 1718 1944 1762 tuut
1976 1719 2097 1762 cst:
2132 1708 2321 1763 Beatus
2349 1713 2433 1780 qui
2476 1710 2801 1766 meditabitur
2848 1713 2900 1764 in
2931 1713 3039 1780 lege
3090 1713 3297 1768 Domini
3336 1715 3421 1767 die

1833 1818 1894 1854 ac
1920 1812 2064 1855 nocte
2088 1801 2264 1872 (Psat.
2300 1818 2337 1867 ι,
2371 1799 2446 1871 2).
2478 1802 2604 1868 Qua:
2635 1804 2908 1857 meditatio
2932 1820 3035 1858 non
3067 1804 3292 1861 lectione
3322 1820 3419 1876 per

150 1897 419 1961 nedictus,
452 1896 803 1966 Syracusanae
834 1897 1085 1952 Ecclesiae
1134 1896 1445 1965 episcopus,
1493 1909 1651 1960 quam
1678 1904 1731 1949 et
1765 1895 1809 1953 B
1840 1892 2059 1961 ﬁguram
2090 1894 2385 1947 litterarum
2418 1904 2622 1948 tantum
2644 1906 2950 1964 conSpecta,
2978 1896 3072 1951 sed
3089 1896 3418 1952 exuberante

148 1986 241 2040 alii
272 1988 465 2040 fratres
505 1987 674 2041 nostri
714 1986 961 2055 equidem
988 1987 1227 2057 episcopi
1262 1988 1641 2056 lacrymantes,
1669 1999 1734 2040 ac

151 2077 398 2132 dicentes
423 2093 517 2146 per
545 2079 831 2132 saeculares
861 2086 916 2132 et
944 2078 1106 2132 laicus
1133 2079 1291 2133 nimis
1321 2093 1379 2133 se
1406 2092 1526 2133 esse
1554 2079 1736 2131 turba-

150 2175 237 2220 tos
267 2174 427 2235 atque
454 2167 634 2221 animo
663 2167 891 2222 al'nicws
934 2183 1095 2236 super
1126 2168 1494 2223 immoderatis
1525 2170 1734 2223 actibus

146 2271 362 2322 eorum,
411 2272 507 2328 pro
555 2258 749 2327 quibus
802 2268 859 2314 et
886 2260 1063 2329 aliqua
1117 2259 1313 2329 injusta
1350 2260 1430 2314 eis
1472 2261 1734 2330 impinge-

148 2348 370 2402 bantur.

225 2441 365 2496 Sunt
389 2439 548 2493 etiam
591 2440 831 2509 quaedam
872 2441 1118 2498 ecclesia
1149 2442 1201 2497 in
1248 2456 1432 2498 neStra
1462 2440 1731 2513 provincia

151 2546 321 2601 super
362 2546 587 2600 quarum
643 2534 1145 2587 consecrationibus
1192 2534 1487 2601 dubitatur,
1539 2545 1593 2590 et
1628 2543 1734 2586 tam

156 2632 381 2691 propter
410 2622 800 2690 antiquitatem,
830 2639 989 2693 quam
1018 2634 1071 2679 et
1094 2635 1314 2695 propter
1339 2642 1521 2680 earum
1553 2634 1736 2680 custo-

148 2713 281 2765 dum
314 2712 592 2778 incuriam,
618 2716 852 2769 nescitur
880 2724 1055 2769 utrum
1080 2717 1338 2772 dedicata:
1369 2717 1437 2771 ab
1464 2718 1735 2788 episc0pis

149 2802 387 2867 iuerint,
422 2820 611 2861 necne.
644 2807 816 2877 Super
845 2809 1039 2879 quibus
1083 2812 1331 2881 omnibus
1362 2825 1459 2866 nos
1498 2828 1526 2867 a
1559 2826 1736 2868 vesua

149 2896 441 2951 sanctitate
469 2911 530 2951 ac
557 2909 749 2954 vestra:
776 2911 972 2955 sancta:
1002 2903 1147 2957 sedis
1181 2906 1500 2960 auctoritate
1545 2905 1736 2963 instrui

147 3001 466 3056 precamur;
502 2998 556 3043 et
584 3000 761 3045 utrum
792 3006 854 3047 ea
884 3008 1025 3062 qnte,
1075 2995 1214 3049 sicut
1244 2998 1610 3065 prtediaiinus,
1643 3015 1739 3055 vos

147 3074 380 3143 praefato
401 3077 675 3132 consodali
714 3086 902 3134 nostro
932 3082 1230 3150 AuguStino
1266 3086 1519 3154 episeopo
1548 3094 1605 3140 et
1626 3088 1738 3142 An-

146 3168 368 3235 glorum
418 3169 561 3237 genti
601 3171 881 3239 scripsisse
928 3172 1252 3240 audivimus,
1301 3178 1610 3244 specialiter
1655 3179 1737 3234 eis

1840 1983 1890 2036 in
1920 1983 2072 2037 vobis
2100 1983 2296 2038 Christi
2352 1985 2518 2054 gratia
2542 2026 2558 2049 ,
2588 1985 2641 2039 in
2683 2000 2861 2041 vestra
2901 1990 3245 2057 cognoscitur
3287 2005 3416 2044 con-

1837 2074 2057 2127 scientia
2080 2074 2427 2129 immobiliter
2448 2076 2627 2130 insita.
2645 2077 2957 2133 Nullatenus
2970 2081 3036 2133 de
3059 2091 3238 2135 vestro
3252 2083 3420 2137 corde

1838 2165 2120 2219 recedente
2149 2167 2263 2235 lege
2293 2166 2491 2221 Christi
2527 2169 2731 2222 Domini
2770 2180 3110 2224 sacrosancta
3136 2211 3153 2236 ,
3191 2172 3331 2227 sicut
3364 2171 3417 2226 in

1842 2257 2063 2313 Psalmis
2090 2259 2223 2313 dicit
2259 2259 2522 2325 Propheta
2552 2278 2564 2312 :
2595 2260 2666 2314 Os
2683 2261 2818 2331 justi
2843 2248 3167 2316 meditabitur
3213 2265 3419 2333 sapien-

1837 2349 1981 2412 tium,
2013 2359 2058 2402 et
2090 2348 2266 2419 lingua
2314 2353 2424 2418 ejus
2464 2350 2695 2416 loquetur
2725 2351 2975 2418 iudicium
3006 2368 3024 2405 :
3047 2352 3132 2406 lex
3161 2352 3257 2406 Βιὶ
3304 2355 3419 2425 ejus

1835 2438 1887 2490 in
1917 2440 2066 2492 corde
2095 2443 2252 2509 ipsius
2285 2438 2452 2511 (Psal.
2488 2457 2668 2508 xxxvi,
2700 2440 2815 2508 5U),
2849 2458 2953 2496 non
2996 2453 3297 2499 atramento
3326 2448 3420 2499 sed

1838 2526 2037 2595 Spiritu
2082 2530 2172 2584 Dei
2205 2529 2310 2583 vivi
2352 2529 2545 2585 vestris
2590 2532 2641 2584 in
2694 2532 2905 2587 arcanis
2950 2533 3284 2603 conscripta;
3312 2550 3420 2590 non

1838 2619 2001 2688 igitur
2032 2620 2081 2673 in
2116 2619 2312 2675 tabulis
2342 2619 2587 2690 lapideis,
2618 2622 2712 2677 sed
2745 2623 2799 2677 in
2833 2622 3026 2678 tabulis
3055 2625 3252 2681 cordis.
3286 2627 3420 2681 Exs-

1840 2707 2132 2777 tiuguatur,
2162 2724 2379 2763 oramus
2406 2750 2421 2773 ,
2467 2710 2663 2764 vestris
2698 2712 3115 2781 Sapientissimis
3145 2714 3425 2784 responsis

1837 2806 1892 2853 et
1918 2799 2130 2852 auxiliis
2158 2800 2334 2853 omnis
2363 2799 2704 2854 tenebrarum
2735 2803 2924 2871 caligo,
2954 2812 3013 2858 ut
3039 2804 3227 2860 lucifer
3268 2806 3423 2861 nobis

1839 2889 2183 2957 resplendeat
2206 2905 2300 2957 per
2325 2905 2439 2953 vos,
2470 2891 2812 2947 sanctissime
2827 2892 3003 2959 Pater,
3035 2903 3090 2947 et
3116 2894 3419 2963 dogmatica

1838 2978 2078 3033 delinitio
2104 2994 2292 3034 omnes
2324 2978 2520 3048 ubique
2542 2980 2844 3048 lauitieans,
2876 2983 2997 3052 quia
3018 2984 3241 3053 gloriosi
3267 3000 3420 3042 sanc-

1840 3076 1907 3122 ta:
1921 3068 2176 3124 Ecclesia:
2189 3070 2373 3125 Patres
2390 3070 2605 3139 propria
2621 3080 2673 3125 et
2686 3071 2922 3141 piissitna
2936 3072 3187 3143 dogmata
3203 3075 3254 3129 in
3270 3085 3426 3130 teter-

1840 3174 1923 3212 nte
1952 3162 2070 3214 vita:
2103 3159 2307 3213 ﬁrmam
2344 3161 2711 3217 lia-reditatem
2744 3163 3067 3232 prtedicasse
3100 3174 3418 3221 noscuntur.

147 3267 250 3311 aut
265 3260 585 3327 generaliter
595 3262 843 3316 omnibus
856 3264 1055 3332 scripta
1078 3265 1185 3318 sint
1205 3268 1420 3335 scriptis
1437 3268 1626 3324 vestris
1640 3269 1738 3324 im-

1849 3251 1913 3303 Et
1959 3251 2314 3319 subscriptio:
2346 3252 2671 3309 Incolumem
2727 3270 2824 3310 vos
2872 3263 2930 3311 et
2977 3256 3087 3310 Deo
3142 3256 3420 3326 placitum.

150 3349 250 3404 bui
283 3351 595 3418 quaerimus,
609 3360 662 3407 et
676 3354 742 3408 de
767 3353 865 3409 hac
880 3356 993 3411 sive
1004 3355 1071 3409 de
1076 3356 1203 3428 aliis
1218 3358 1547 3428 praescriptis
1580 3360 1740 3417 rebus

149 3441 392 3511 pleniter
406 3442 681 3499 informari
695 3446 962 3515 cupimus.
982 3447 1090 3502 Nos
1104 3449 1246 3502 enim
1264 3463 1323 3503 ea
1348 3464 1466 3519 quze
1485 3450 1737 3521 legimus,

146 3550 208 3593 et
241 3538 564 3593 observaria
595 3540 838 3596 ﬁdelibus
881 3542 1261 3612 cegnovimus,
1307 3558 1414 3598 non
1454 3545 1743 3614 increpan-

145 3633 249 3695 do,
291 3631 503 3701 1276
525 3630 665 3700 quod
691 3631 849 3699 absit,
885 3633 1036 3688 vobis
1073 3633 1457 3703 significamus,
1490 3637 1586 3693 sed
1613 3638 1739 3705 quid

147 3721 550 3775 rationabiliter
578 3727 633 3774 et
674 3720 902 3776 fideliter
938 3736 1100 3791 super
1127 3723 1209 3779 his
1234 3727 1523 3781 observare
1548 3727 1745 3783 debea-

146 3825 281 3865 mus
308 3811 649 3879 requirimus.
678 3810 746 3865 Et
769 3814 1017 3881 quoniam
1048 3829 1151 3868 non
1194 3816 1459 3870 modicum
1494 3833 1735 3873 murmur

145 3919 325 3973 super
362 3908 462 3959 hac
505 3920 564 3960 re
605 3907 882 3962 nobiscum
933 3920 1191 3975 versatur,
1237 3912 1364 3980 quid
1418 3915 1744 3983 respondere

146 3998 421 4054 fratribus
467 4009 521 4055 et
564 4001 892 4070 coepiscopis
940 4002 1137 4058 nostris
1175 4004 1463 4061 debeamus
1509 4024 1540 4062 a
1591 4012 1743 4066 vobis

147 4095 315 4165 quasi
361 4110 390 4148 a
434 4096 608 4166 capite
647 4110 960 4165 responsum
999 4099 1318 4167 quaerimus,
1363 4117 1432 4156 ne
1459 4118 1620 4173 super
1664 4104 1747 4161 his

146 4188 428 4255 ancipites
459 4202 847 4253 remaneamus,
880 4198 974 4242 aut
998 4204 1240 4244 murmur
1265 4192 1393 4246 illud
1425 4203 1528 4249 tam
1556 4199 1746 4252 vestris

151 4278 501 4347 temporibus
533 4292 690 4347 quam
726 4278 953 4346 posreris
991 4280 1131 4335 inter
1160 4297 1257 4337 nos
1293 4293 1384 4336 aut
1408 4285 1542 4340 alios
1572 4302 1748 4342 rema-

236 4435 345 4489 ι⁷1η
376 4437 617 4509 nomine
668 4435 825 4505 hujus
867 4437 1105 4509 episcopi
1172 4439 1491 4509 Syracusani
1543 4443 1751 4499 videtur

148 4523 319 4583 ενι-ψ·
365 4507 675 4583 irrepsisse,
725 4523 846 4560 nam
876 4508 1109 4563 Joannes
1154 4507 1290 4565 hanc
1333 4514 1509 4567 adhuc
1532 4518 1751 4583 regebat

153 4578 486 4631 Ecclesium.

234 4626 610 4721 titinifxvtt
662 4646 768 4718 [AL
812 4646 925 4721 se].
974 4678 1046 4688 —
1128 4650 1180 4703 ln
1231 4649 1417 4714 (ιω-δη
1470 4654 1637 4708 Vatic.
1681 4655 1742 4721 υ,
1781 4626 1821 4681 [³

153 4720 363 4793 libero.
396 4728 464 4793 ‘et
520 4718 754 4793 Comen,
811 4720 1005 4793 legitur
1056 4721 1369 4793 protitulo,
1424 4718 1746 4793 [inscription

146 4789 331 4840 sancti
385 4786 619 4862 Gregorii
669 4790 1031 4862 adcurrit!th
1076 4788 1303 4862 Felicem
1348 4794 1528 4862 episr.,
1601 4786 1745 4862 quod

146 4858 421 4925 supponit
468 4858 626 4909 aliain
683 4858 962 4925 epistolam
998 4860 1205 4914 Febcis.
1250 4858 1497 4916 Nonnulli
1539 4858 1747 4918 dubita-

152 4942 290 4981 rnnt
318 4929 457 5001 hanc
487 4928 769 5001 epistolam
801 4944 923 4982 esse
963 4931 1130 4982 sancti
1158 4933 1437 5001 Gregorii;
1472 4950 1653 4988 verum
1680 4938 1747 4987 ab

140 5018 223 5050 eo
252 4998 510 5061 scriptam
535 4998 727 5049 evincit
760 5002 1122 5074 testimonium
1145 4998 1364 5056 ,Ιικιιῖηἱδ
1391 5003 1629 5067 Diaconi,
1656 5010 1745 5074 qui

142 5070 281 5135 (‘jns
309 5082 514 5135 parem
567 5071 742 5120 retulit
769 5071 857 5121 lib.
901 5085 956 5131 ll,
991 5085 1040 5124 c.
1070 5072 1158 5125 57.
1192 5076 1294 5127 Sed
1338 5084 1391 5127 et
1434 5070 1745 5128 Minentur-ns

140 5154 308 5201 saepe
346 5139 413 5190 tle
451 5152 515 5190 ea
559 5140 887 5213 mentionem
916 5144 1067 5213 iacit,
1097 5146 1319 5213 ejusque
1372 5150 1582 5199 tertiam
1637 5149 1745 5200 feie

143 5220 371 5275 partem
403 5212 676 5272 esseriliit,
706 5220 811 5263 llllll
844 5211 1003 5275 epist.
1037 5216 1100 5266 57
1131 5211 1211 5266 'et
1241 5217 1330 5280 59,
1367 5226 1472 5269 tuin
1504 5217 1555 5269 in
1587 5229 1743 5271 traCI.

136 5285 225 5331 de
260 5280 501 5354 tl.voi_-tin
534 5280 729 5354 Lutarii
754 5292 809 5334 et
849 5284 1184 5352 Thetbergat,
1241 5288 1553 5354 interrogat.
1597 5291 1647 5351 ὅ,
1692 5300 1746 5342 et

135 5358 359 5411 utut-st.
402 5349 452 5409 7,
493 5349 587 5421 sed
632 5350 800 5404 l'usins
835 5349 1151 5421 interrogat.
1195 5356 1278 5415 η,
1328 5349 1510 5411 vorsus
1563 5349 1743 5412 ﬁnem.

138 5421 372 5493 Regina
437 5420 653 5493 etiam,
715 5422 880 5478 abbas
948 5420 1305 5489 l’ruiniensis,
1365 5430 1453 5493 qui
1518 5429 1747 5483 ﬂorebat

131 5490 443 5561 ambo),
498 5490 751 5557 inprima
807 5495 1099 5561 appendiee
1153 5500 1215 5547 ad
1275 5490 1466 5550 librum
1516 5501 1584 5552 tle
1642 5500 1744 5552 Ec-

129 5559 476 5612 cn-siasticis
510 5559 852 5635 disciplinis,
900 5579 950 5617 c.
980 5567 1068 5629 50,
1110 5575 1164 5617 et
1199 5568 1283 5620 alii
1337 5573 1424 5635 qui
1470 5572 1740 5624 subsecuti

125 5641 288 5683 sunt
333 5630 658 5703 canonistte,
694 5634 840 5698 plura
890 5649 954 5688 ex
985 5650 1046 5688 ea
1099 5630 1409 5691 retulerunt.
1458 5638 1741 5703 Καιπίων

1840 3353 2026 3397 sancte
2086 3344 2243 3398 Pater
2289 3356 2522 3413 patrum,
2550 3356 2791 3402 orantem
2832 3362 2929 3417 pro
2975 3348 3127 3404 nobis
3168 3348 3424 3405 Dominus

1844 3432 2107 3490 custodiat
2136 3434 2187 3488 in
2203 3449 2397 3489 aevum.
2421 3438 2613 3492 Amen.

2345 3545 2371 3573 ι
2405 3535 2731 3593 EPISTOLA
2760 3537 2924 3595 XVII.

2094 3642 2159 3679 Αο
2197 3641 2422 3681 ηειιεωι
2452 3642 2829 3683 MESSANENSEI
2869 3645 3176 3687 Εριεοοιδωι.

1846 3717 2196 3794 Intermgatus
2240 3720 2508 3790 respondet
2548 3722 2611 3794 de
2639 3723 3134 3791 consanguineorum
3183 3726 3438 3794 conjunc.

1920 3790 2076 3861 tione,
2111 3790 2173 3841 de
2213 3794 2477 3861 vexatione
2528 3790 2877 3861 episcoporum
2919 3810 2950 3844 a
2996 3796 3233 3858 subditis,
3266 3790 3327 3848 uc
3368 3797 3436 3847 de

1916 3859 2089 3935 dubia_
2124 3860 2456 3935 ecclesiarum
2502 3859 2896 3935 consecratione.
2933 3864 3210 3935 Segreglari
3258 3866 3432 3918 incor-

1916 3930 2164 3996 rtqibiles,
2194 3943 2238 3983 et
2269 3931 2522 3999 synodum
2545 3934 2816 3999 quotannis
2840 3930 3059 4004 cougrég
3081 3930 3141 3988 .ri
3173 3937 3428 4006 praecipit.

1924 4022 2391 4077 Iteierendissimo
2413 4021 2564 4079 fratri
2615 4025 2778 4080 Felici
2824 4026 3100 4096 episcopo,
3139 4029 3432 4099 Gregorius

1850 4128 2043 4166 servus
2064 4128 2345 4168 servorum
2382 4116 2495 4169 Dei.

1920 4204 2093 4274 Caput
2138 4221 2402 4272 llOSll‘lllll,
2453 4209 2594 4276 quod
2633 4219 2719 4263 est
2765 4210 3032 4277 Christus,
3085 4212 3153 4265 ad
3201 4214 3303 4267 hoc
3330 4229 3428 4268 sua

1853 4299 2092 4352 membra
2124 4314 2223 4353 nos
2265 4316 2387 4356 esse
2418 4303 2604 4366 voluit,
2636 4313 2693 4357 ut
2727 4319 2823 4371 per
2847 4304 2962 4374 ejus
2985 4307 3187 4375 largam
3216 4309 3425 4379 1277

1859 4449 2091 4524 tionibus
2120 4458 2174 4503 et
2204 4450 2930 4524 repetitionibusinutilibus,
2961 4471 3095 4524 quas
3127 4456 3294 4511 lector
3321 4467 3439 4512 stn-

1854 4520 2036 4571 diosus
2082 4531 2134 4572 et
2171 4521 2401 4588 prudens
2444 4523 2583 4573 inti-r
2614 4523 2894 4589 legendum
2927 4520 3252 4580 otiservnbit.
3311 4529 3437 4584 Ideo

1855 4603 1883 4667 a
1908 4590 2220 4668 quibusdam
2247 4594 2525 4668 reprobata
2549 4602 2653 4654 est,
2680 4603 2927 4668 tanquam
2956 4596 3220 4668 Gregorio
3242 4598 3436 4668 Magno

1855 4660 2084 4725 indigna.
2119 4658 2317 4713 Partim
2343 4678 2406 4711 ex
2432 4660 2692 4715 (iussam.
2728 4658 2858 4716 “llic
2885 4663 3025 4718 docti
3056 4658 3159 4725 viri
3189 4658 3435 4724 censura

1855 4746 1958 4805 ρυιι
1982 4730 2622 4805 audemusSubscribere;
2650 4733 2774 4795 quin
2802 4735 2975 4802 potius
2995 4736 3129 4790 hanc
3151 4738 3432 4805 epistolam

1852 4798 2111 4866 Gregorio
2141 4801 2351 4876 dignam
2374 4803 2700 4876 ΔῙιιιιίῡτιιηιις.
2725 4798 2885 4876 inea
2908 4811 3149 4872 quaedam
3174 4798 3430 4876 repetun-

1854 4877 1939 4920 tur
1968 4879 2056 4920 aut
2100 4885 2162 4921 ex
2194 4870 2455 4937 epistolis,
2506 4881 2597 4925 aut
2625 4888 2691 4926 ex
2724 4874 2862 4926 libro
2894 4870 3023 4940 lieg.
3074 4870 3334 4935 Pastoral.
3364 4882 3435 4934 At

1855 4940 2156 5016 lnqusinodi
2208 4944 2556 5016 repetitiones
2592 4954 2776 4998 sancto
2826 4946 3085 5016 Gregorio
3112 4958 3237 5001 sunt
3281 4950 3435 5004 l'aini-

1855 5009 2028 5087 liares.
2055 5010 2198 5061 Illam
2218 5015 2371 5077 epist.
2400 5014 2587 5087 saltem
2617 5019 2906 5084 tranSposit
2925 5009 2993 5070 iin
3021 5031 3164 5087 putat
3192 5019 3434 5074 Gussan-

1854 5080 2054 5131 villa-ns
2080 5090 2236 5147 atque
2264 5093 2386 5135 ante
2418 5085 2573 5151 epist.
2607 5080 2846 5137 octavam
2882 5088 2998 5140 libri
3021 5080 3082 5152 'v,
3112 5105 3250 5143 tntnc
3278 5091 3311 5144 9
3340 5091 3434 5145 lib.

1853 5166 1925 5231 vi,
1977 5158 2342 5231 reponi-uitaui
2368 5157 2725 5231 eorumquod
2761 5156 3013 5231 Felixcni
3038 5162 3111 5231 de
3141 5161 3435 5231 privilegiis

1854 5222 2146 5299 fAnglorum
2196 5226 2337 5289 genti
2369 5222 2642 5299 conressis
2693 5228 2983 5281 resuondet
3024 5222 3358 5299 Gregorinsi
3384 5234 3432 5286 le

1852 5293 1965 5363 ipse
1990 5293 2153 5363 luerit
2174 5299 2239 5363 ad
2263 5310 2418 5359 quem
2443 5296 2725 5363 scripserat
2750 5299 2840 5350 lib.
2873 5314 2908 5362 ι,
2938 5293 3195 5355 indicti).
3233 5302 3432 5357 Verum

1851 5363 1921 5442 ab
1948 5362 2038 5442 illo
2062 5364 2205 5442 hunc
2220 5362 2383 5442 fuisse
2407 5365 2678 5419 diversum
2696 5367 2777 5442 sic
2794 5369 3224 5425 demonstrantes
3252 5390 3264 5424 :
3288 5373 3441 5442 Epis-

1854 5432 1957 5509 tula
1991 5433 2102 5509 haec
2144 5434 2207 5486 ad
2260 5434 2498 5509 Felicem
2531 5440 2784 5504 supponit
2830 5442 3186 5508 Augustinum
3215 5432 3347 5509 jatn'
3382 5446 3435 5497 in

1851 5503 2177 5577 Britanniam
2207 5505 2451 5577 missum,
2487 5503 2728 5576 into’jam
2775 5510 2891 5576 ejus
2916 5503 3331 5577 'quzestionibus
3372 5518 3438 5568 ad

1848 5588 2000 5626 novat
2031 5575 2281 5650 Ecclesiae
2326 5575 2630 5650 Anglicanr
2676 5575 2933 5646 optimam
2960 5575 3438 5650 gubernationem

1846 5646 2586 5723 spectantibusrespondisse
2636 5662 2879 5704 sanczum
2913 5646 3265 5721 Gregorium.
3296 5653 3442 5723 Ergo
3496 5664 3499 5667 ‘

122 5714 323 5774 etiam
348 5699 459 5774 [nec
471 5701 694 5774 epistola
717 5705 767 5755 in
791 5705 968 5756 multis
994 5707 1162 5759 Codd.
1186 5722 1311 5761 mss.
1326 5748 1338 5771 ,
1370 5699 1735 5774 "l‘ell.,'(larn.,

122 5768 318 5834 .U'got
346 5806 362 5832 ,
386 5768 602 5858 ‘Ge‘ripu
638 5772 711 5825 Va
738 5777 797 5838 l.,
834 5776 1059 5858 .Anglie.
1098 5778 1287 5830 Verum
1320 5768 1477 5858 quam
1518 5768 1594 5833 sit
1622 5768 1739 5858 cor;
1846 5768 2150 5858 episcopum
2179 5768 2263 5839 cui
2287 5768 2594 5842 inscribitur
2913 5794 3031 5847 libri
3055 5768 3438 5850 ἴονὲἧῖιῖ

119 5849 317 5906 rut'l‘d
350 5849 403 5892 et
452 5841 765 5907 delbrlttata.
797 5841 1001 5898 clarum
1047 5859 1125 5901 est
1156 5863 1219 5904 ex
1248 5841 1423 5904 multis
1455 5853 1738 5921 itttet'p:tl;t-
1847 5841 2129 5911 deiuar'tuo
2152 5841 3097 5929 successeratDonu's,Saltemiiiiiio
3120 5841 3439 5923 indicti-ii

458 5936 566 5993 l‘A't
587 5954 723 5993 not.
780 5938 1087 5998 LXXVI].
2932 5958 3010 6016 b2

1848 5715 2095 5788 ad_aliuni
2126 5714 2355 5788 Felicem
2380 5718 2573 5784 scripta
2604 5731 2685 5773 est
2716 5735 2872 5788 quam
2894 5725 2958 5774 ad
2994 5714 3139 5777 illum
3172 5725 3214 5777 Μ
3231 5714 3445 5779 εεςωῖςε
