3990 6380
588 325 601 368 ι
619 323 717 372 3‘25

1758 332 1999 385 S.\‘.\'CTI
2041 329 2365 383 GIUCUORII
2412 329 2621 385 MAGNI

3730 345 3855 396 L325
3938 345 3939 366 ⁵

578 434 893 490 cbaritatem
923 446 974 490 et
1007 439 1346 494 fideniunum
1381 455 1476 495 nos
1500 442 1550 494 in
1582 455 1640 496 se
1671 457 1864 513 corpus
1897 444 2156 509 elﬁcerel,
2196 450 2242 502 Α
2274 443 2420 496 ribus
2465 445 2689 496 tenenda
2726 443 3058 508 indulsimus.
3114 461 3180 501 ne
3230 446 3420 502 bonum
3451 451 3595 519 quod
3646 453 3854 508 iutirina

578 529 660 583 cui
689 529 757 583 ita
791 545 888 583 nos
909 530 1188 586 adhaerere
1211 535 1482 598 convenit,
1512 544 1570 588 ut
1594 538 1714 603 quia
1741 537 1858 590 sine
1881 539 1995 606 ipso
2028 541 2157 592 nihil

577 634 693 675 esse
719 635 1024 689 possumus,
1059 640 1154 689 per
1179 626 1349 693 ipsum
1388 627 1657 693 possimus
1695 642 1816 682 esse
1859 631 2000 698 quod
2030 631 2114 683 dic
2139 661 2162 670 -

574 727 712 765 mur.
746 714 828 766 Ab
857 728 981 767 arce
999 715 1115 782 capi
1144 718 1187 768 is
1211 732 1296 770 res
1338 718 1483 770 nulla
1509 733 1607 773 nos
1635 719 1864 786 dividat,
1893 737 1958 775 ne
1980 723 2045 776 ab
2074 739 2160 789 e0,

571 807 614 857 si
663 807 962 860 membrum
1010 810 1128 878 ejus
1169 825 1289 864 esse
1347 811 1661 880 refugimus,
1689 813 2072 882 relinquamur,
2107 825 2161 868 ct

572 900 715 952 velut
745 899 936 967 dejecti
969 900 1034 953 de
1084 902 1194 956 vile
1253 902 1506 971 palmites
1555 918 1885 959 arescamus.
1939 904 2006 960 Ut
2034 920 2162 974 ergo

573 987 950 1058 Redemptoris
979 992 1145 1045 nostri
1179 991 1540 1047 habitaculum
1572 1009 1692 1049 esse
1739 1011 2061 1060 mereamur,
2108 997 2160 1051 in

571 1083 855 1138 dilectione
886 1085 1054 1153 ipsius
1083 1094 1195 1138 toto
1225 1088 1422 1140 mentis
1452 1087 1630 1141 studio
1663 1102 1995 1142 maneamus.
2043 1088 2161 1158 ipse

572 1189 801 1241 namque
831 1175 941 1226 ait:
981 1175 1082 1240 Qui
1127 1175 1296 1243 diligit
1340 1192 1438 1242 me,
1471 1194 1747 1230 sermonem
1772 1194 1939 1230 meum
1987 1195 2159 1232 serva-

570 1267 660 1328 bit,
687 1276 732 1317 et
758 1265 915 1319 Pater
943 1283 1083 1318 meus
1112 1267 1289 1336 diliget
1320 1285 1454 1334 eum,
1489 1279 1534 1323 et
1563 1271 1631 1322 ad
1660 1288 1775 1323 eum
1805 1272 2080 1337 veniemus,
2113 1283 2160 1326 et

569 1357 706 1424 apud
728 1374 839 1410 eum
864 1361 1173 1412 mansionem
1198 1361 1443 1426 faciemus
1474 1358 1652 1430 (Joan.
1687 1377 1795 1426 xlv,
1813 1362 1930 1430 ‘25).
1970 1363 2158 1431 Exegit

567 1461 693 1515 ergo
724 1448 936 1500 dilectio
977 1457 1086 1508 tua,
1122 1450 1285 1504 frater
1328 1450 1666 1516 charissime,
1723 1464 1774 1506 ut
1809 1468 1874 1506 ex
1926 1454 2156 1508 auctori-

567 1547 670 1591 tate
704 1539 844 1591 sedis
874 1541 1184 1606 apostoliea:
1225 1540 1334 1594 tuis
1387 1542 1711 1596 deberemus
1741 1545 2000 1599 consultis
2042 1562 2155 1600 res-

567 1627 825 1694 pondere.
856 1628 1009 1696 Quod
1057 1630 1182 1684 licet
1226 1646 1330 1684 non
1357 1632 1556 1698 prolixe
1586 1634 1678 1685 sed
1704 1635 1975 1688 succincte
1997 1651 2157 1704 agere

566 1717 960 1784 lestinaremus,
993 1731 1212 1789 propter
1245 1723 1503 1788 quasdam
1553 1725 2002 1792 itnportunitates,
2037 1741 2153 1794 qutc

2271 534 2444 585 adhuc
2485 534 2662 586 radice.
2687 537 2976 601 plantatum
3011 548 3126 591 erat
3152 550 3448 604 erueretur,
3479 543 3575 594 sed
3621 558 3850 614 coeptum

2269 623 2594 686 ﬁrmaretur,
2652 634 2704 677 et
2737 641 2901 693 usque
2933 627 2999 679 ad
3055 628 3440 696 perfectionem
3471 636 3851 692 custodiretur.

2269 713 2409 768 Sine
2440 716 2482 768 si
2511 716 2560 768 in
2592 717 2671 768 his
2694 732 2848 771 secus
2878 733 3036 788 quam
3069 720 3350 774 debuimus
3377 722 3580 791 aliquid
3609 729 3808 796 egimus
3836 774 3850 794 ,

2269 812 2291 838 ο
2319 818 2421 855 ιιοιι
2457 807 2759 872 ιιι-οιρτινίίιξ,
2791 810 2881 860 sed
2928 810 3354 864 commiserando
3399 825 3576 868 actum
3625 833 3743 872 esse
3765 838 3852 871 co.

2265 907 2511 960 guoscas.
2544 895 2691 948 Unde
2723 908 2775 948 et
2823 906 3010 950 testem
3044 899 3234 953 invoco
3269 901 3466 968 Deum,
3519 907 3609 973 qui
3646 910 3849 978 1278

2264 987 2613 1053 cogitationes
2665 990 2906 1042 omnium
2950 990 3224 1045 hominum
3278 996 3445 1058 novit,
3499 986 3654 1066 cujus
3695 1003 3848 1053 etiam

2263 1077 2431 1129 oculis
2461 1078 2637 1130 omnia
2685 1079 2824 1132 nuda
2857 1089 3054 1134 suntet
3099 1092 3304 1150 aperta.
3351 1085 3482 1138 Nam
3530 1089 3576 1141 si
3637 1104 3699 1143 ea
3731 1091 3849 1145 des-

2265 1178 2498 1223 truerem
2539 1188 2656 1239 quae
2711 1186 3080 1228 antecessores
3128 1179 3293 1229 nostri
3342 1187 3693 1246 statuerunt,
3749 1200 3846 1237 non

2261 1271 2622 1326 constructor,
2673 1265 2765 1316 sed
2816 1280 3037 1318 eversor
3085 1279 3204 1321 esse
3239 1269 3383 1334 juste
3430 1274 3846 1339 comprobat-er,

2263 1363 2490 1407 testante
2522 1353 2794 1408 -Veritatis
2840 1372 2968 1409 voce
2990 1400 3003 1422 ,
3050 1373 3166 1425 qua:
3197 1361 3267 1410 ait
3301 1376 3314 1411 :
3349 1359 3513 1412 Omne
3559 1379 3772 1432 regnum
3803 1368 3850 1417 ia

2260 1447 2482 1510 seipmm
2528 1445 2745 1499 divisum
2795 1464 2895 1499 non
2944 1447 3094 1500 stabit
3144 1447 3295 1518 (Luc.
3323 1452 3542 1517 x1,l7),
3576 1465 3629 1505 et
3682 1459 3851 1507 omnis

2263 1537 2486 1589 scicntia
2511 1548 2563 1591 et
2595 1537 2674 1590 lex
2703 1537 2964 1591 adversus
2992 1552 3049 1590 se
3072 1539 3240 1592 divisa
3263 1539 3589 1594 destruetur.
3624 1543 3850 1610 Ideoque

2261 1641 2482 1681 necesse
2511 1638 2592 1682 est
2624 1639 2680 1682 ut
2707 1645 2897 1683 omnes
2928 1631 3266 1685 concorditer
3310 1641 3505 1685 statuta
3535 1645 3845 1689 sanctorum

2262 1717 2476 1772 Patrum
2505 1729 2809 1774 nostrorum
2842 1730 3137 1784 teneamus,
3166 1721 3297 1775 nihil
3326 1723 3574 1779 videlicet
3609 1742 3706 1792 per
3725 1743 3850 1780 con-

566 1813 760 1865 nostris
789 1814 1239 1880 prtcpedientibus
1286 1816 1520 1884 peccatis
1562 1817 1612 1870 in
1643 1833 1740 1871 nos
1767 1832 2151 1886 supervenere,
2189 1805 2232 1863 Β
2262 1811 2549 1864 ιθιιιίηηθιη
2585 1821 2822 1880 ε’ἕθηιθεν
2855 1811 2976 1875 εεδν
3016 1814 3080 1866 θα
3109 1828 3270 1868 omne
3297 1815 3530 1869 Smdi'lm
3566 1817 3724 1872 δοῖ]πὲ
3755 1821 3849 1872 (ιε’-

565 1904 667 1956 tuis
700 1914 873 1958 tamen
914 1905 1046 1972 hiBC,
1083 1922 1174 1973 per
1202 1907 1407 1976 reliqua
1441 1921 1752 1964 sanctorum
1787 1910 2003 1965 l'atruut
2049 1914 2157 1966 ins—

565 1995 737 2057 tituta.
767 1996 962 2050 studiis
1008 1997 1317 2067 perquirere
1361 1999 1519 2052 latius
1565 2007 1621 2054 et
1651 2001 1973 2071 investigare
2010 2019 2155 2056 com-

565 2087 837 2143 mittimus.
874 2089 986 2142 Nou
1014 2091 1158 2143 enim
1211 2099 1390 2158 potest
1422 2107 1572 2146 mens
1597 2103 1647 2145 at
1679 2093 1776 2146 rita
1822 2105 1874 2147 et
1903 2078 2156 2148 oneribus

565 2191 717 2249 atque
747 2183 870 2249 imp:
895 2183 1242 2237 rtunitatibus
1265 2193 1592 2254 praegravata
1623 2194 1824 2239 tantum
1852 2186 1976 2240 boni
2003 2201 2155 2254 pera-

564 2290 708 2341 gere,
743 2286 796 2328 et
826 2275 996 2328 libere
1037 2275 1103 2329 de
1143 2273 1226 2328 his
1280 2276 1446 2345 loqui,
1503 2288 1761 2346 quantum
1812 2278 2073 2333 delectata
2101 2287 2157 2333 et

565 2365 993 2432 oppressionibus
1016 2367 1208 2419 soluta.
1226 2367 1342 2421 Non
1362 2384 1490 2437 ergo
1509 2370 1608 2422 ista
1626 2370 1694 2422 ob
1717 2370 1768 2422 id
1795 2373 2150 2440 prtetulimus,

564 2460 614 2501 ut
654 2450 768 2503 hzec
799 2459 853 2503 et
889 2452 992 2503 alia
1032 2467 1150 2518 qua:
1197 2456 1500 2506 necessaria
1559 2452 1673 2506 fore
1732 2457 2152 2523 cognoverimus

563 2554 666 2599 tua:
697 2545 964 2599 sanctitati
1023 2547 1248 2600 velimus
1302 2548 1596 2618 denegare,
1649 2550 1743 2603 sed
1778 2559 1836 2605 ut
1891 2551 2034 2619 quod
2069 2552 2155 2608 hic

563 2639 735 2693 minus
769 2639 1038 2694 invenitur
1067 2640 1229 2696 latius
1263 2644 1626 2711 perquiratur.

598 2737 603 2742 '
632 2730 708 2784 De
741 2732 910 2786 tribus
939 2733 1082 2788 enim
1112 2734 1458 2802 apostolicam
1490 2735 1672 2789 sedem
1701 2775 1717 2800 ,
1773 2736 1824 2790 in
1857 2751 1957 2806 qua
1993 2739 2153 2793 alitus

562 2839 617 2877 cs
647 2832 700 2877 et
721 2825 965 2887 edoctus,
995 2826 1242 2894 capitulis
1263 2826 1670 2893 consulendam,
1698 2829 2151 2896 praedecessorum

563 2926 773 2970 tuorum
816 2934 1048 2988 sequens
1079 2921 1348 2989 exempla,
1380 2921 1678 2986 credidisti,
1714 2921 1761 2973 id
1793 2931 1877 2976 est
1922 2921 1987 2976 de
2015 2939 2152 2978 con-

560 3009 938 3080 sanguinitatis
964 3011 1367 3080 conjunctione,
1391 3012 1536 3067 etde
1562 3015 1845 3066 vexatione
1872 3014 2153 3083 episcopo-

561 3115 674 3152 rum
706 3115 734 3152 a
771 3099 1019 3165 subditis,
1048 3110 1103 3155 et
1127 3102 1194 3157 de
1225 3103 1571 3157 ecclesiarum
1603 3102 1932 3158 dubitatione
1961 3119 2151 3160 conse-

2259 1904 2490 1956 votionis
2519 1904 2796 1958 unanimes
2823 1945 2837 1968 ,
2865 1903 3061 1956 divinis
3088 1912 3139 1956 et
3170 1904 3478 1972 apostolicis
3508 1910 3852 1964 Constitutio-

2259 1996 2416 2067 nibus
2469 1995 2763 2048 auxiliante
2813 1993 3038 2049 Domino
3089 1993 3437 2064 parcamus“.
3491 1997 3678 2052 (Vide
3705 2001 3744 2054 Ι.
3779 2019 3850 2069 xi,

2256 2100 2339 2152 ep.
2366 2084 2480 2154 64.)

2331 2186 2374 2239 Ο
2405 2202 2560 2253 quam
2591 2187 2728 2239 bona
2759 2194 2843 2238 est
2874 2184 3108 2240 charitas
3133 2226 3148 2250 ,
3180 2201 3296 2254 qua:
3326 2185 3568 2241 absentia
3601 2204 3698 2255 per
3725 2190 3854 2245 ima-

2257 2278 2434 2344 ginem
2478 2276 2763 2344 prtesentia
2814 2275 3162 2343 sibimetipsis
3200 2277 3418 2330 exhibet
3449 2293 3542 2345 per
3586 2295 3848 2351 antorem,

2257 2367 2424 2420 divisa
2460 2370 2607 2432 nuit,
2648 2369 2864 2421 confusa
2903 2367 3134 2434 ordinat,
3191 2368 3416 2436 intrqual
3446 2385 3475 2422 a
3523 2371 3722 2437 sociat,
3756 2374 3852 2425 im-

2259 2463 2490 2529 perfecta
2518 2460 2885 2515 consummat!
2912 2475 3068 2529 quam
3093 2471 3237 2514 recte
3262 2463 3584 2529 prtedicator
3606 2468 3853 2533 egregius

2256 2553 2523 2605 vinculum
2556 2550 2894 2619 perfectionis
2925 2562 3076 2605 vocat
3100 2550 3320 2621 (Coloss.
3353 2554 3458 2620 tu),
3482 2555 3607 2622 quia
3627 2557 3855 2609 virtutes

2256 2640 2469 2710 quidem
2497 2650 2708 2693 uetera:
2733 2638 3114 2708 perfeCtionem
3133 2651 3412 2708 generant,
3437 2641 3528 2694 sed
3560 2652 3740 2694 tamen
3765 2658 3854 2695 Qus

2258 2730 2325 2781 ita
2353 2729 2589 2780 cbaritas
2615 2728 2763 2796 ligat,
2795 2737 2852 2782 ut
2882 2728 2950 2780 ab
2981 2728 3207 2781 amantis
3254 2741 3432 2781 tuente
3471 2729 3701 2782 dissolvi
3744 2733 3850 2799 jam

2258 2826 2544 2887 nequeant.
2583 2818 2676 2871 His
2707 2819 2807 2872 rite
2839 2819 3136 2886 perpensis,
3172 2828 3194 2854 ο
3236 2818 3556 2873 charitative
3581 2821 3698 2887 jam
3744 2823 3852 2875 dic-

2257 2911 2324 2962 tis
2358 2909 2571 2975 indulsi,
2607 2925 2704 2964 uec
2735 2917 3057 2979 prarceptum
3087 2908 3234 2972 dedi,
3265 2910 3360 2963 sed
3391 2911 3678 2964 consilium
3709 2930 3724 2977 ;
3758 2929 3855 2967 nec

2256 3004 2490 3071 regulam
2525 3005 2574 3054 in
2606 3001 2687 3054 his
2714 3003 2940 3069 posteris
2973 3002 3093 3055 ullis
3125 3003 3408 3056 tenendam
3432 3002 3648 3069 tradidi,
3678 3006 3778 3059 sed
3792 3007 3856 3059 de

2255 3087 2464 3141 duobus
2496 3088 2747 3155 periculis
2773 3090 2914 3157 quod
2949 3088 3157 3141 facilius
3195 3089 3264 3142 sit
3311 3089 3588 3142 vitandum
3615 3093 3854 3146 ostendi.

560 3190 878 3246 crationum.
915 3193 1066 3258 Quod
1092 3204 1271 3248 autem
1303 3196 1489 3264 scripsi
1515 3196 1830 3265 Augustino,
1856 3198 2148 3266 Anglorum

2268 3181 2310 3233 Si
2337 3181 2496 3250 igitur
2521 3179 2571 3232 in
2590 3181 2745 3232 rebus
2768 3179 3116 3233 saecularibus
3139 3194 3291 3234 suum
3319 3179 3512 3250 cuique
3533 3181 3622 3248 jus
3647 3192 3708 3236 et
3739 3199 3859 3251 pro-

561 3288 734 3354 gcntls
754 3287 1030 3357 episcopo,
1062 3289 1276 3342 alumno
1306 3290 1573 3357 videlicet,
1602 3301 1657 3343 ut
1683 3290 2001 3355 recordaris,
2037 3298 2148 3354 tuo,

560 3382 627 3434 de
653 3382 1134 3448 consanguinitatis
1165 3381 1564 3450 conjunctione,
1614 3381 1715 3450 ipsi
1746 3393 1800 3437 et
1857 3382 2150 3453 Anglorum

559 3475 725 3542 genti,
757 3489 876 3542 qum
909 3488 1078 3542 nuper
1104 3472 1171 3527 ad
1199 3473 1355 3527 fidem
1392 3482 1630 3535 venerat,
1664 3489 1729 3526 ne
1758 3487 1787 3525 a
1835 3475 1976 3528 bono
2007 3473 2147 3542 quod

562 3576 820 3634 coeperat,
858 3565 1146 3620 metuendo
1176 3568 1474 3619 austeriora
1514 3564 1812 3631 recederet,
1847 3563 2154 3633 specialiter

560 3665 746 3710 etnon
771 3657 1094 3726 generaliter
1137 3656 1351 3709 caeteris
1396 3670 1481 3709 me
1513 3655 1795 3722 scripsisse
1836 3669 2150 3724 cognoscas.

565 3750 720 3805 Unde
767 3759 820 3802 et
851 3749 978 3802 mihi
1009 3748 1186 3801 omnis
1222 3748 1456 3800 [tertiana
1508 3747 1702 3800 civitas
1746 3746 1948 3801 exstitit
1979 3747 2151 3814 testis,

564 3856 663 3895 nec
695 3857 755 3894 ea
789 3841 1081 3894 intentione
1113 3841 1225 3891 base
1258 3838 1361 3891 illis
1390 3837 1601 3906 scriptis
1625 3837 1892 3903 mandavi,
1925 3845 1982 3892 ιιι
2009 3848 2154 3907 post-

563 3949 726 4000 quam
775 3932 927 3985 ﬁrma
960 3933 1138 3985 radice
1170 3931 1220 3984 in
1251 3931 1353 3984 fide
1407 3929 1605 3986 fuerint
1634 3931 1882 3999 solidati,
1943 3933 1986 3988 si
2019 3933 2153 3987 inira

565 4039 701 4091 prop
718 4023 847 4076 riam
894 4023 1090 4076 fuerint
1120 4023 1636 4088 consanguinitatem
1680 4025 1898 4090 inventi,
1933 4040 2037 4078 non
2066 4039 2154 4078 se-

570 4121 844 4182 parentur,
877 4121 968 4165 aut
998 4112 1129 4166 infra
1162 4113 1436 4166 altiuitatis
1469 4113 1686 4178 lineam,
1714 4113 1762 4166 id
1795 4130 1878 4168 ρει
1903 4129 2068 4182 usque
2090 4113 2154 4167 ad

567 4204 848 4273 septimam
890 4208 1312 4276 generationem,
1373 4205 1802 4276 conjungantur;
1859 4207 1951 4261 sed
1980 4207 2154 4262 adhuc

567 4297 688 4351 illos
716 4297 1010 4368 ncephytos
1039 4299 1332 4354 existentes
1359 4299 1654 4368 saepissime
1684 4315 1778 4354 eos
1799 4299 1944 4365 prius
1969 4299 2153 4354 illicita

565 4390 764 4442 docere
801 4390 823 4425 ιι
851 4391 1040 4455 vitare,
1071 4401 1120 4444 et
1147 4390 1325 4444 verbis
1349 4404 1412 4444 ac
1461 4389 1727 4458 exemplis
1769 4390 2053 4451 instruere,
2103 4399 2157 4444 et

563 4494 684 4549 qua:
717 4489 837 4549 post
863 4482 931 4536 de
982 4481 1180 4535 talibus
1202 4479 1407 4550 egerint
1433 4523 1448 4547 ,
1483 4480 1872 4534 rationabiliter
1901 4491 1953 4535 et
1987 4483 2157 4536 ﬁdeli-

563 4582 647 4626 ter
669 4572 960 4626 excludere
989 4581 1222 4640 oportet.
1249 4571 1378 4625 Nam
1395 4570 1546 4639 juxta
1571 4571 1904 4638 Apostolum,
1927 4573 2015 4641 qui
2041 4573 2115 4626 ait
2140 4591 2153 4628 :

565 4665 668 4718 an
699 4666 836 4718 vobis
885 4673 1060 4735 pultm
1091 4664 1229 4728 didi,
1273 4680 1375 4717 non
1404 4679 1567 4716 escam
1599 4660 1653 4730 (Ι
1685 4662 1805 4717 Cor.
1831 4679 1912 4728 ιιι,
1947 4665 2024 4732 2),
2057 4667 2155 4722 ista

564 4755 665 4811 ilis
694 4757 876 4820 modo,
909 4772 1015 4810 non
1051 4756 1300 4825 posteris,
1336 4763 1391 4808 ut
1417 4754 1783 4822 supradictum
1815 4763 1918 4820 est,
1952 4764 2156 4826 tempo-

563 4905 619 4948 ut
662 4902 806 4964 patet
859 4907 924 4945 ex
957 4891 1119 4958 epist.
1173 4891 1204 4943 9
1258 4889 1375 4942 libri
1401 4903 1475 4941 vr.
1521 4886 1751 4964 Si_di__cas
1781 4889 1909 4964 loco
1951 4899 2148 4964 motam

565 4957 730 5019 fuisse
764 4965 900 5015 hanc
931 4957 1234 5031 epistolam,
1266 4972 1492 5031 eamque
1522 4957 1587 5010 ad
1611 4957 1768 5031 aliam
1803 4959 2147 5015 indietionem

563 5037 853 5104 pertinere,
887 5029 1027 5101 quad
1069 5031 1318 5104 omnibus
1359 5029 1499 5104 Mss._
1529 5029 1861 5104 contrarium
1913 5039 2014 5088 est.
2048 5045 2150 5086 nec

563 5099 667 5162 :illa
703 5107 784 5159 vel
818 5099 1084 5157 levissima
1119 5099 1426 5167 conjectura
1453 5100 1659 5162 nititur,
1703 5101 1828 5166 quid
1859 5103 2149 5165 responde-

561 5177 643 5230 bis
696 5177 762 5229 de
794 5183 872 5228 tot
913 5175 1032 5228 aliis
1064 5166 1128 5225 ad
1179 5166 1630 5242 Donunrscriptis
1671 5168 2145 5242 epistolis‘lttaque

561 5249 808 5314 Eucarpo
834 5253 1177 5314 successerat
1199 5241 1344 5295 Felix
1374 5239 1508 5295 Doni
1537 5239 1811 5314 decessor.
1845 5239 2144 5314 Eucarpum

557 5317 666 5386 jam
695 5311 837 5371 anno
868 5317 974 5370 580
1017 5313 1361 5386 grandaevum
1409 5311 1946 5386 agnuscit_Pelagius
1975 5311 2039 5376 ll,
2080 5315 2145 5386 ait

561 5381 732 5456 ipsum
761 5381 1285 5452 scribenszliquot
1324 5397 1452 5456 ergo
1478 5392 1607 5456 ante
1657 5381 1897 5456 Gregorii
1935 5384 2148 5456 pontifi-

562 5452 738 5512 catum
766 5459 920 5512 annis
940 5459 1335 5512 Messanensem
1367 5453 1664 5507 Ecclesiam
1684 5453 1900 5520 regebat
1934 5452 2083 5507 Felix
2107 5453 2145 5507 Ι.

558 5525 620 5582 In
649 5530 768 5598 ejus
799 5531 971 5603 locum
1004 5528 1281 5603 ordinatus
1323 5534 1402 5603 est
1427 5540 1459 5603 a_
1486 5523 1747 5603 Gregorio
1801 5524 2008 5588 Donus;
2041 5526 2145 5603 cui,

561 5595 894 5666 non'multis
943 5607 1066 5651 ante
1111 5596 1354 5666 Gregorii
1411 5595 1612 5666 obitum
1663 5609 1844 5666 anuis,
1891 5595 2147 5648 successit

560 5666 713 5723 Felix
746 5665 983 5729 ll.’Nun,
1029 5661 1266 5735 inquam,
1318 5663 1531 5726 multis;
1563 5677 1685 5735 nam
1735 5661 1953 5735 ineunte
2002 5678 2143 5716 anno

564 5739 687 5806 605,
721 5736 1009 5803 Adrianus,
1033 5733 1516 5803 ad‘Syracusanum
1547 5733 1922 5800 patrimonium
1955 5748 2142 5800 regen-

2258 3273 2405 3339 prics
2419 3269 2550 3322 ordo
2569 3269 2862 3322 servandus
2875 3277 2979 3333 est,
2993 3277 3192 3337 quanto
3211 3272 3376 3339 magis
3399 3271 3450 3322 in
3466 3271 3854 3326 ecclesiasticis

2257 3363 2705 3432 όὶεριδὶιὶοιιίὺιιε
2736 3360 2876 3414 nulla
2900 3360 3061 3416 debet
3104 3361 3280 3415 induci
3307 3360 3577 3429 confusio,
3613 3360 3634 3399 ί
3665 3377 3741 3418 ne
3789 3365 3860 3416 ibi

2258 3455 2523 3511 discordia
2541 3456 2714 3510 locum
2739 3454 2996 3518 inveniat,
3017 3452 3158 3507 unde
3191 3455 3337 3522 pacis
3354 3454 3552 3508 debent
3574 3456 3719 3508 bona
3740 3471 3863 3525 pro-

2258 3547 2496 3600 crdere?
2522 3546 2673 3612 Quod
2703 3545 2801 3598 hac
2833 3546 3039 3599 ratione
3066 3546 3384 3610 servabitur,
3418 3546 3464 3599 si
3491 3547 3624 3599 nihil
3681 3561 3863 3616 potes-

2263 3641 2380 3704 tati,
2441 3639 2534 3693 sed
2571 3649 2738 3691 totum
2770 3636 3008 3705 atquitati
3033 3636 3301 3690 tribuitur.
3353 3637 3699 3706 Quapropter
3730 3643 3863 3694 mul-

2262 3739 2369 3781 tum
2394 3744 2486 3782 cor
2507 3740 2742 3782 nostrum
2765 3728 3113 3797 magnitudini
3140 3739 3331 3781 vestra:
3353 3729 3688 3798 congaudet,
3715 3735 3855 3800 quod

2260 3820 2337 3872 sic
2361 3835 2455 3873 vos
2485 3820 2535 3872 in
2568 3820 2760 3872 vestris
2788 3821 2990 3873 actibus
3015 3819 3282 3884 studiosos
3306 3822 3631 3885 invenimus,
3679 3831 3744 3876 ut
3774 3839 3862 3876 vos

2260 3919 2314 3963 et
2355 3908 2523 3962 nostri
2566 3924 2744 3962 curam
2799 3908 3036 3963 habeatis
3066 3915 3120 3961 et
3153 3910 3274 3961 talia
3322 3910 3656 3963 sciscitando
3690 3913 3863 3980 inqui-

2259 4014 2380 4053 rere
2403 3999 2683 4062 studeatis,
2713 4008 2976 4067 quatenus
3011 3999 3133 4052 talia
3167 3998 3316 4051 vobis
3363 4014 3466 4052 non
3496 4000 3683 4054 solum
3728 4003 3864 4070 apud

2262 4091 2504 4146 homines
2543 4092 2788 4160 gloriam,
2817 4091 2910 4144 sed
2953 4102 3006 4144 et
3049 4089 3187 4159 apud
3213 4089 3648 4160 omnipotentem
3685 4094 3866 4149 Domi-

2261 4198 2386 4236 num
2418 4184 2634 4250 praemia
2666 4181 2929 4234 mercedis
2955 4181 3250 4248 requirant.

2333 4297 2595 4350 Caeterum
2621 4307 2783 4361 super
2810 4303 3092 4349 vexatione
3118 4293 3514 4362 episcenorum,
3542 4295 3608 4349 de
3637 4310 3752 4366 qua
3777 4311 3867 4350 nos

2262 4389 2543 4445 consulere
2572 4387 2837 4450 voluiszis,
2872 4389 3072 4443 scimus
3099 4392 3218 4457 quia
3264 4403 3292 4441 a
3319 4389 3481 4442 nullis
3505 4391 3613 4442 vita
3666 4409 3868 4459 przesu-

2269 4483 2377 4536 lum
2413 4481 2713 4550 perturbari
2767 4481 2927 4534 debet
2977 4480 3307 4543 excessibus,
3365 4480 3488 4549 quia
3533 4483 3703 4538 valde
3733 4485 3868 4539 indi-

2264 4591 2423 4644 gnum
2453 4585 2533 4628 est
2569 4581 2625 4625 ιιι
2657 4571 2708 4625 hi
2740 4572 2828 4639 qui
2872 4571 3047 4624 throni
3082 4571 3176 4624 Dei
3223 4578 3477 4624 vocantur
3504 4571 3699 4640 aliqua
3756 4591 3867 4628 meo

2267 4665 2411 4719 tione
2443 4674 2466 4711 8
2500 4680 2527 4718 a
2553 4663 2766 4733 regibus
2802 4661 2890 4716 vel
2921 4660 3148 4716 subditis
3177 4663 3477 4716 turbentur.
3505 4663 3791 4728 Quoniam

2267 4758 2430 4812 David
2458 4771 2640 4823 regum
2665 4754 2993 4825 justissimus
3017 4751 3067 4806 in
3094 4752 3245 4819 Saul,
3267 4768 3430 4824 quem
3454 4757 3869 4826 constabatjam

2260 4891 2388 4945 dum
2415 4895 2631 4951 missus,
2657 4885 2842 4952 Leoni,
2883 4883 3208 4945 Secundino.
3253 4883 3464 4949 Joanni,
3499 4887 3692 4954 Dono,
3745 4901 3874 4952 cie,

2257 4963 2526 5030 episcopis
2576 4959 2796 5020 Sicilia},
2852 4973 2958 5010 non
3009 4971 3140 5011 vero
3197 4954 3362 5009 Felici
3418 4962 3874 5026 commendatur,

2258 5034 2351 5085 lib.
2383 5047 2498 5094 xm,
2522 5035 2680 5098 epist.
2720 5031 2805 5082 18.

2329 5101 2355 5138 ι)
2390 5095 2736 5156 Αιιθδιυὶιανε
2763 5113 2791 5150 a
2826 5096 3040 5163 Gemet,
3070 5096 3233 5150 Corb.
3260 5112 3320 5149 ac
3357 5095 3529 5149 Vatie.
3561 5099 3626 5152 ι).

2334 5184 2355 5211 c
2392 5173 2444 5226 In
2491 5171 2652 5226 Corb.
2707 5179 2760 5222 et
2813 5169 3045 5228 Gemet.,
3080 5183 3182 5218 non
3211 5176 3417 5236 propter
3444 5168 3584 5236 ipsa.
3627 5173 3836 5230 Excusi
3861 5214 3874 5234 ,

2257 5261 2357 5298 non
2391 5254 2594 5309 propter
2624 5243 2807 5307 ipsam,
2837 5239 2924 5312 ubi
2944 5238 3128 5312 nullus
3156 5248 3256 5312 es_t_
3276 5251 3489 5312 sensus.

2327 5314 2351 5352 ά
2377 5306 2566 5367 Iisdem
2591 5306 2770 5364 verbis
2798 5310 2980 5376 incipit
3002 5308 3158 5373 epist.
3192 5306 3259 5358 55
3282 5308 3370 5360 lib.
3403 5323 3454 5359 v.
3478 5309 3688 5366 Simile
3714 5316 3878 5369 etiam

2253 5385 2532 5456 charitatis
2562 5383 2790 5451 elogium
2819 5382 3012 5449 legitur
3034 5378 3194 5446 epist.
3228 5377 3315 5432 55.
3347 5379 3441 5432 lib.
3470 5393 3591 5445 nu,
3625 5394 3692 5437 et
3720 5390 3878 5456 epi51.

2256 5455 2375 5509 108.
2409 5455 2498 5507 lib.
2535 5469 2610 5506 Ix.

2325 5497 2668 5577 ;,\iiiiosetin
2699 5521 2941 5585 Excnsis,
2967 5519 3208 5572 clmritati
3239 5528 3360 5572 tum.

2329 5592 2348 5632 ι
2383 5595 2621 5658 Gemet.,
2682 5592 2947 5660 confusio,
2970 5589 3054 5641 ubi
3081 5590 3360 5642 discordia.

2325 5673 2351 5711 ε
2381 5663 2436 5718 In
2475 5663 2658 5736 Vatic.
2685 5663 2725 5736 Ι.)
2756 5670 2810 5716 et
2843 5661 3079 5736 Gemet.,
3118 5677 3148 5712 a
3177 5660 3384 5730 reliquis
3416 5665 3496 5718 vel
3538 5666 3804 5723 sul-duis.
3834 5667 3904 5736 is

2253 5733 2437 5799 C0rh.,
2473 5751 2503 5786 α
2537 5733 2758 5801 clericis,
2790 5734 2884 5784 vel.
