3990 6398
189 362 316 416 Γ*ὶῖ
762 356 1238 414 ΕΡΙΞΊΟῘΑΠΠΜ
1281 355 1406 410 LIB.
1448 355 1588 408 XIV.
1630 383 1696 393 -——
1740 349 1799 404 IN

1908 348 1978 403 L'l'.
2021 350 2130 403 Vll.
2173 379 2238 390 —-
2279 349 2485 404 EPIST.
2530 349 2693 403 XVII.
3320 343 3457 399 13-26

178 496 206 532 τι
241 479 467 533 Domino
497 475 840 543 reprobatum
871 489 990 528 esse
1018 488 1230 527 manum
1264 472 1474 524 mittere
1498 484 1600 521 non
1627 482 1761 536 pm:-
1793 468 1843 524 Α
1872 465 2123 532 quoniam
2157 481 2259 517 non
2312 473 2638 517 monstratur
2682 463 2930 517 iteratum
2963 459 3104 529 quod
3158 474 3264 514 non
3296 464 3459 514 certis

181 572 434 638 sitnipsit,
466 576 667 637 quanto
697 566 866 634 magis
895 565 1192 618 cavendum
1214 571 1302 617 est
1332 577 1397 614 ne
1429 574 1640 613 manum
1670 557 1768 610 de-
1877 559 2088 612 indiciis
2114 557 2412 611 ostenditur
2441 557 2539 609 rite
2568 564 2864 623 peractum.
2899 551 2922 591 ι
2950 554 3072 608 Ηωο
3100 569 3201 609 nos
3231 554 3460 608 admini-

186 661 462 716 tractionis
489 669 581 713 aut
620 656 1048 726 vituperationis.
1102 655 1214 707 sive
1246 649 1643 705 indiscrezionis
1682 657 1772 700 ant
1878 649 2092 701 eulante
2125 648 2300 700 divina
2336 649 2500 714 gratia
2549 649 2618 699 ita
2650 655 2832 699 tenere
2859 646 3138 712 cupimus,
3173 646 3458 715 vobisque,

189 750 659 814 delunmrationis,
693 746 907 817 quidam
940 747 1153 797 mittant
1191 743 1240 796 in
1270 749 1486 795 unctum
1521 738 1727 792 Domini
1753 778 1770 802 ,
1878 747 1934 789 ut
1967 737 2295 803 postulastis,
2326 744 2505 789 tenere
2533 744 2584 788 et
2607 733 2801 788 docere
2822 734 3158 798 mandamus,
3187 743 3240 787 et
3261 750 3322 788 ea
3343 751 3462 804 qme

188 846 271 899 vel
289 847 338 898 in
363 842 742 912 praedicatores
755 846 951 892 sancta:
971 836 1242 899 Ecclesia,
1264 835 1384 902 quia
1409 847 1592 886 eorum
1617 845 1775 884 vexa-
1879 842 1908 878 a
1939 828 2138 880 sanctis
2164 826 2408 879 I’atribus
2436 835 2558 878 ante
2581 839 2678 877 nos
2702 832 2825 877 sunt
2852 831 3047 877 statuta
3073 838 3176 878 non
3211 835 3460 889 proterve

190 937 269 989 tio
298 935 411 987 sive
441 931 705 986 detractio
733 929 798 984 ad
827 928 1096 981 Christum
1130 926 1377 993 pertinet,
1406 921 1558 990 cujus
1582 921 1695 974 vice
1723 923 1772 972 in
1881 918 2197 984 irrumpere,
2227 916 2323 971 sed
2375 915 2601 970 ﬁdeliter
2629 929 2843 969 servare
2872 923 3141 984 optamus.
3178 916 3328 970 Unde
3359 918 3462 971 Re-

200 1022 434 1077 Ecclesia
462 1023 728 1090 legatione
761 1017 1094 1086 funguntur?
1126 1015 1277 1070 Unde
1302 1025 1641 1079 Stnanpere
1688 1024 1778 1062 ca-
1879 1008 2174 1076 demptoris
2258 1008 2424 1061 nostri
2511 1006 2931 1061 misericordiam
3011 1022 3344 1075 exoramus,
3407 1020 3463 1062 ut

195 1116 423 1170 vendunt
452 1123 536 1168 est
561 1112 810 1166 omnibus
833 1109 1079 1163 ﬁdelibus
1098 1122 1164 1161 ne
1186 1105 1433 1162 clanculo
1457 1112 1548 1156 aut
1569 1101 1778 1170 publice
1879 1113 1973 1153 sua
2005 1099 2158 1152 vobis
2209 1099 2260 1150 in
2288 1097 2537 1152 omnibus
2580 1099 2748 1166 gratia
2797 1100 3139 1168 sulfragetur,
3175 1113 3227 1156 et
3270 1101 3462 1156 effectu

193 1206 509 1273 episcopum
540 1217 717 1265 suum,
751 1201 798 1252 id
822 1207 904 1252 est
932 1208 1146 1251 unctum
1182 1194 1411 1260 Domini,
1437 1190 1780 1246 detractioni-

194 1296 293 1348 bus
345 1307 436 1348 aut
503 1291 978 1360 vituperationibus
1035 1288 1324 1349 dilanient,
1388 1283 1780 1355 perpendentes

194 1388 320 1442 illud
352 1387 659 1454 exemplum
704 1382 900 1446 Mariae,
933 1383 1054 1450 quia
1105 1394 1202 1447 pro
1240 1394 1306 1433 eo
1332 1376 1475 1446 quod
1506 1375 1672 1444 Moysi
1703 1375 1782 1428 fa-

195 1478 341 1531 mulo
372 1477 460 1531 Dei
490 1488 705 1543 propter
735 1472 1118 1540 Ethiopissam
1140 1470 1396 1533 detraxit,
1443 1466 1780 1522 immunditia

192 1571 356 1635 lepra:
385 1569 600 1620 multata
649 1566 718 1618 sit
748 1565 937 1636 (Nunt.
987 1562 1104 1630 xu).
1155 1561 1220 1615 Et
1253 1560 1379 1614 illud
1437 1559 1778 1614 Psalmistte:

195 1657 372 1710 Nolite
422 1666 628 1723 tangere
667 1656 882 1707 christos
929 1669 1085 1714 meos,
1139 1662 1184 1704 et
1242 1651 1294 1702 in
1349 1649 1606 1718 prophetis
1658 1650 1782 1702 meis

199 1747 419 1816 1279
448 1745 603 1798 nolite
647 1743 924 1812 malignari
969 1740 1418 1810 (Psal.'c|v,15).
1465 1740 1526 1792 Et
1571 1739 1622 1793 in
1668 1738 1782 1807 lege

1883 1189 2109 1258 implere
2149 1204 2243 1242 vos
2273 1189 2467 1242 tribuat
2497 1189 2638 1260 quod
2683 1190 2818 1244 velle
2858 1196 3145 1257 concessit,
3191 1188 3212 1229 ³
3237 1193 3361 1261 quia
3411 1193 3466 1246 in

1883 1281 1984 1334 hac
2036 1296 2096 1335 re
2154 1290 2301 1335 tanto
2350 1281 2632 1336 commoda
2689 1283 3055 1337 retributionis
3110 1294 3463 1348 accrescunt,

1882 1381 2084 1440 quanto
2112 1381 2166 1426 et
2192 1372 2426 1426 studium
2457 1372 2653 1427 laboris
2695 1385 2941 1443 augetur.
2990 1374 3302 1442 Progen'em
3333 1391 3464 1432 vero

1883 1476 2035 1518 suam
2100 1478 2534 1533 unumquemque
2586 1464 2653 1518 de
2726 1464 2809 1518 his
2861 1466 2950 1534 qui
3007 1464 3236 1520 lideliter
3290 1469 3464 1520 edocti

1883 1563 2031 1620 sunt,
2059 1563 2114 1612 et
2139 1557 2247 1624 jam
2281 1557 2430 1610 ﬁrma
2479 1558 2660 1611 radice
2689 1557 2909 1626 plantati
2953 1565 3097 1612 stant
3125 1557 3424 1612 inconvulsi
3448 1599 3465 1619 ,

1885 1664 2056 1719 usque
2079 1649 2144 1703 ad
2175 1652 2458 1718 septimam
2489 1650 2780 1705 observare
2808 1651 3147 1706 decernimus
3167 1653 3471 1722 generatio-

1888 1755 2032 1792 nem.
2066 1741 2129 1794 Et
2156 1741 2387 1811 quandiu
2411 1756 2470 1796 se
2499 1741 2762 1796 afﬁnitate
2782 1750 3076 1810 agnoscunt
3107 1744 3470 1812 propinquos.

195 1838 379 1890 divina
412 1837 605 1904 legitur
635 1851 650 1887 :
683 1836 791 1887 Diis
821 1851 922 1886 non
949 1832 1208 1895 detrahes,
1239 1841 1284 1884 et
1317 1831 1495 1899 populi
1523 1833 1594 1883 tui
1635 1831 1781 1896 prin-
1813 1825 1862 1887 Β
1890 1833 1954 1884 ad
1975 1830 2131 1900 hujus
2149 1833 2360 1902 copula:
2385 1848 2489 1886 non
2514 1835 2770 1888 accedere
2788 1834 3095 1889 societatem
3121 1845 3470 1903 prazsumant,

197 1929 302 1995 cipi
329 1944 432 1981 non
462 1924 952 1993 maledices(E.rod.
977 1940 1114 1988 xxtt,
1143 1924 1258 1994 28).
1287 1922 1439 1977 Unde
1469 1922 1624 1976 valde
1652 1935 1787 1990 prte-

200 2019 492 2072 videndum
523 2027 607 2071 est
648 2017 877 2071 subditis
929 2026 1034 2068 tam
1063 2015 1274 2070 clericis
1329 2028 1486 2082 quam
1520 2012 1689 2073 laicis,
1722 2026 1788 2065 ne

198 2109 579 2177 episcoporum
629 2117 718 2160 aut
780 2108 1190 2175 praepositorum
1237 2119 1457 2157 suorum
1498 2104 1658 2156 vitam
1701 2112 1792 2155 te-

201 2216 351 2256 mere
392 2201 787 2268 reprehendere
838 2199 1074 2252 andeant
1106 2241 1122 2264 ,
1173 2196 1371 2264 siquid
1420 2209 1517 2249 eos
1565 2192 1791 2248 fortasse

199 2305 364 2360 agere
393 2290 886 2358 reprehensibiliter
925 2288 1128 2353 vident,
1161 2302 1227 2340 ne
1260 2285 1400 2340 unde
1431 2287 1567 2338 mala
1599 2285 1790 2339 redar-

197 2391 393 2449 guunt,
459 2380 581 2434 inde
634 2396 728 2448 per
755 2379 1000 2433 elationis
1031 2379 1313 2448 impulsum
1366 2378 1415 2430 in
1450 2374 1789 2444 profundiora

204 2480 541 2540 mergantur.
576 2470 913 2525 Admonendi
954 2481 1077 2524 sunt
1106 2469 1267 2523 etiam
1321 2482 1388 2522 ne
1433 2481 1554 2520 cum
1607 2466 1792 2533 culpas

204 2563 622 2631 praepositorum
653 2577 871 2616 suorum
897 2562 1260 2626 considerant,
1302 2570 1484 2614 contra
1514 2573 1607 2614 eos
1631 2559 1793 2612 auda-

205 2653 379 2708 ciores
430 2655 578 2707 fiunt.
637 2653 741 2709 Sed
771 2654 847 2708 sic
877 2669 1059 2708 eorum
1092 2669 1249 2722 prava
1295 2650 1430 2720 apud
1476 2653 1793 2717 semetipsos

210 2745 234 2784 ιι
265 2748 622 2812 considerent,
654 2757 731 2812 ut,
765 2748 946 2801 divino
979 2749 1172 2800 timore
1198 2746 1496 2809 constricti,
1532 2745 1667 2798 terre
1695 2744 1793 2798 sub

205 2839 288 2894 eis
313 2840 498 2909 jugum
533 2842 845 2898 revertentis
885 2857 991 2895 non
1035 2849 1308 2905 recusent,
1341 2831 1591 2908 quoniam
1657 2837 1792 2890 facta

202 2931 584 2997 episcoporum
621 2931 705 2985 vel
737 2920 1149 3000 praepositorum
1181 2931 1293 2984 oris
1331 2928 1508 2996 gladio
1540 2941 1644 2980 non
1672 2933 1795 2979 sunt

205 3018 473 3088 ferienda,
502 3021 662 3076 etiam
686 3037 806 3076 cum
852 3032 998 3076 recte
1023 3018 1462 3090 reprehendenda
1484 3017 1790 3078 videantur;

207 3113 464 3180 quoniam
516 3127 546 3166 a
595 3112 1076 3181 praedecessoribus
1138 3110 1336 3165 nostris
1381 3119 1435 3163 et
1497 3123 1526 3161 a
1575 3108 1794 3175 reliquis

1895 1937 1993 1977 nec
2017 1936 2134 1977 eam
2161 1922 2360 1993 (σταίη
2406 1942 2452 1978 c.
2477 1924 2566 1990 55,
2595 1942 2647 1994 q.
2670 1923 2726 1989 2,
2759 1936 2805 1979 et
2827 1927 2880 1980 5.
2909 1942 2956 1979 c.
2989 1926 3072 1996 l0)
3097 1941 3252 1996 quam
3282 1925 3474 1995 aliquis

1893 2029 1958 2068 ex
1984 2016 2195 2083 propria
2223 2016 2689 2086 consanguinitate
2713 2019 2993 2087 coiijugem
3027 2017 3229 2083 habuit,
3259 2017 3339 2072 vel
3371 2017 3471 2071 ali-

1891 2121 1994 2174 qua
2021 2105 2205 2160 illicita
2237 2107 2529 2176 pollutione
2575 2110 2880 2173 maculavit,
2937 2110 2990 2163 in
3030 2109 3336 2179 conjuginm
3378 2109 3476 2162 du-

1889 2211 2017 2252 cere
2068 2198 2159 2252 ulli
2211 2199 2447 2266 profecto
2514 2199 2640 2255 licet
2693 2199 3116 2254 Christianorum
3155 2199 3240 2253 vel
3274 2199 3476 2264 licebit,

1893 2289 2016 2356 quia
2049 2289 2385 2345 incestuosus
2405 2300 2489 2345 est
2519 2291 2638 2344 talis
2666 2291 2836 2345 coitus
2864 2300 2915 2344 et
2937 2291 3312 2345 abominabilis
3345 2291 3476 2354 Deo,

1896 2387 1950 2431 et
1974 2380 2181 2434 cunctis
2212 2381 2366 2433 bonis
2408 2381 2734 2435 hominibus.
2791 2381 3124 2435 lncestuosos
3153 2395 3283 2435 vero
3328 2382 3480 2435 nullo

1894 2468 2132 2539 conjugii
2151 2471 2367 2524 nomine
2383 2469 2720 2538 deputandos
2734 2486 2761 2523 a
2781 2474 2979 2526 sanctis
3005 2471 3248 2525 Patrihus
3270 2472 3483 2542 1280

1897 2557 2098 2612 dudum
2125 2566 2384 2613 statutum
2413 2573 2534 2614 esse
2565 2560 2816 2631 legimus.
2862 2559 2986 2614 Ideo
3015 2559 3265 2614 nolumus
3293 2575 3390 2614 nos
3429 2561 3483 2614 in

1897 2650 1999 2703 hac
2030 2665 2090 2706 re
2119 2666 2148 2704 a
2196 2654 2348 2706 vobis
2377 2651 2490 2706 sive
2536 2667 2565 2706 a
2607 2651 2816 2707 czetcris
2845 2651 3086 2705 fidelibus
3127 2648 3483 2719 reprehendi,

1897 2745 2019 2811 quia
2060 2744 2203 2811 quod
2240 2748 2292 2797 in
2324 2746 2409 2799 his
2439 2745 2729 2814 Anglorum
2760 2746 2903 2814 genti
2941 2741 3282 2808 indulsimus,
3317 2751 3356 2778 ω
3378 2758 3483 2797 non

1899 2836 2127 2890 formam
2160 2838 2336 2891 dando
2362 2878 2376 2900 ,
2427 2839 2520 2892 sed
2553 2836 2944 2891 considerando
2970 2850 3041 2890 ne
3069 2834 3486 2890 Christianitatis

1899 2927 2098 2980 bonum
2130 2927 2268 2995 quod
2312 2934 2589 2994 coeperant
2616 2925 2983 2998 imperfectum
3013 2926 3342 2982 dimitterent
3369 2927 3487 2997 egi-

1899 3029 2036 3070 IDUS.

1979 3109 2203 3162 Paterna
2235 3123 2361 3178 ergo
2391 3123 2487 3162 vos
2531 3107 2817 3163 dilectione
2861 3107 3174 3175 salutantes,
3212 3107 3489 3164 hortamur

208 3205 396 3259 multis
440 3204 644 3259 sanctis
685 3204 950 3270 episcopis
995 3211 1254 3256 statutum
1287 3201 1400 3256 fore
1426 3198 1794 3269 cognovimus,
1822 3190 1870 3253 C
1906 3208 1963 3254 ut
1985 3199 2285 3268 propositas
2314 3199 2718 3267 Opportunitate
2749 3198 3058 3251 occasiones
3089 3197 3142 3250 in
3188 3206 3364 3252 vestra
3403 3199 3487 3252 ef-

208 3307 270 3349 ut
298 3310 427 3349 oves
458 3303 699 3362 pastores
727 3309 853 3347 suos
892 3309 998 3347 non
1047 3292 1202 3346 facile
1249 3291 1666 3362 reprehendant,
1699 3307 1798 3347 nec

205 3400 306 3441 eos
336 3385 615 3439 criminari
647 3385 730 3439 vel
761 3399 1014 3440 accusare
1058 3391 1402 3452 praesumant,
1435 3383 1556 3450 quia
1587 3397 1708 3436 cum
1747 3382 1798 3437 in

211 3475 530 3544 przrpositos
580 3475 972 3544 delinquimus,
1023 3473 1138 3543 ejus
1167 3473 1488 3527 ordinationi
1527 3472 1616 3541 qui
1649 3471 1802 3526 nobis

209 3583 309 3622 eos
337 3568 563 3634 praibuit
607 3568 905 3623 obviamus.
940 3567 1090 3622 Unde
1120 3567 1332 3636 Moyses
1362 3565 1485 3618 dum
1530 3573 1712 3618 contra
1744 3579 1803 3619 se

211 3669 266 3712 et
295 3659 466 3711 Aaron
483 3659 738 3727 conqueri
757 3659 1010 3727 populum
1033 3658 1390 3724 cognovisset,
1411 3657 1512 3708 ait:
1535 3655 1646 3708 Nos
1668 3655 1804 3709 enim

212 3747 341 3815 quid
369 3750 587 3801 smnus?
621 3747 728 3802 Nec
755 3758 930 3801 contra
971 3765 1064 3799 nos
1091 3756 1163 3799 est
1192 3762 1421 3798 murmur
1450 3754 1686 3811 vestrum,
1715 3750 1802 3798 sed

212 3848 396 3890 contra
427 3836 591 3890 Deum
633 3838 830 3909 (Exod.
869 3855 978 3903 xw,
1012 3838 1089 3905 lt).
1121 3837 1456 3905 Quapropter
1482 3835 1803 3891 admonendi

210 3937 346 3982 sunt
374 3929 575 3983 subditi
600 3930 876 3998 utriusque
925 3929 1130 3982 ordinis
1160 3929 1257 3982 viri
1288 3936 1344 3980 ιιι
1370 3941 1488 3979 cum
1521 3926 1805 3994 magistro-

215 4033 339 4072 rum
394 4018 527 4072 l'acta
570 4020 906 4087 conspiciunt
950 4019 1015 4072 ad
1049 4034 1201 4072 suum
1249 4032 1342 4071 cor
1375 4017 1619 4078 redeant,
1654 4025 1706 4068 et
1738 4016 1807 4069 de

215 4125 406 4164 eorum
440 4111 892 4178 increpationibus
924 4127 1030 4164 non
1064 4118 1408 4179 praesumant,
1439 4107 1563 4176 quia
1606 4123 1706 4160 non
1735 4116 1810 4159 est

215 4201 505 4267 discipulus
529 4217 681 4269 super
704 4203 1023 4271 magistrum,
1047 4217 1137 4254 nec
1157 4215 1329 4255 servus
1352 4215 1508 4264 super
1531 4196 1808 4249 Dominum

216 4308 370 4344 suum
402 4290 616 4359 (Matth.
642 4308 692 4357 Χ,
722 4291 837 4361 ⁸24).

304 4385 376 4437 De
411 4385 808 4438 tlcdicationum
863 4399 989 4438 vero
1021 4385 1368 4440 ecclesiarum
1425 4385 1760 4440 dubitatione
1791 4425 1807 4450 ,

221 4493 387 4544 super
416 4493 518 4545 qua
567 4478 706 4529 inter
747 4486 942 4531 caetera
977 4492 1073 4531 nos
1097 4480 1383 4535 consulere
1415 4480 1675 4544 voluistis,
1709 4480 1811 4535 hoc

1906 3292 2089 3347 licacia
2131 3290 2339 3344 enixius
2389 3288 2669 3343 elaborare
2723 3287 2984 3351 debeatis,
3025 3295 3184 3356 atque
3234 3288 3284 3340 id
3316 3288 3491 3341 modis

1903 3382 2097 3453 quibus
2125 3379 2382 3452 possibile
2405 3379 2564 3434 fuerit
2579 3379 2723 3432 omni
2745 3379 2922 3432 studio
2943 3392 3101 3446 agere
3129 3379 3489 3441 contendatis,

1903 3485 2167 3546 quatenus
2193 3474 2528 3545 prmdicabile
2550 3472 2877 3528 desiderium
2904 3481 3138 3527 vestrum
3162 3475 3214 3527 in
3235 3472 3490 3527 auxilium

1906 3570 2177 3635 omnium,
2225 3568 2512 3639 adjuvanle
2556 3568 2810 3629 Domino,
2858 3566 3191 3635 compleatis.
3236 3564 3346 3620 Nec
3388 3565 3491 3618 ltoc

1906 3676 2118 3731 quoque
2151 3662 2201 3715 in
2236 3661 2335 3716 hac
2367 3658 2741 3715 sollicitudinis
2762 3669 2913 3727 parte
2950 3657 3318 3726 relinquimus,
3349 3659 3490 3724 quod

1908 3771 2098 3809 omnes
2154 3754 2441 3810 incestuosi
2472 3771 2500 3807 a
2534 3754 2806 3807 liminibus
2857 3761 3054 3806 sancue
3087 3750 3339 3805 Ecclesiae
3386 3751 3496 3804 sint

1908 3845 2217 3911 separandi,
2247 3860 2525 3914 quousque
2561 3861 2652 3913 per
2683 3843 3097 3898 satisfactionem
3128 3843 3372 3912 precibus
3404 3857 3496 3896 sa-

1909 3937 2185 3988 cerdotum
2210 3935 2468 3989 canonice
2498 3935 2669 3989 eidem
2704 3945 2903 3988 sancta:
2940 3934 3190 3988 Ecclesiae
3216 3934 3495 3988 catholica!

1912 4025 2347 4080 reconcilientur.
2377 4025 2512 4080 Sunt
2563 4026 2704 4080 enim
2739 4026 2862 4080 mali
2894 4027 3207 4096 segregandi
3239 4041 3270 4080 a
3302 4027 3454 4081 bonis
3475 4069 3489 4090 ,

1912 4125 1966 4169 et
1997 4116 2158 4184 iniqui
2191 4132 2219 4168 a
2259 4117 2442 4185 justis,
2481 4126 2540 4171 ut
2567 4121 2756 4172 saltem
2791 4121 2988 4173 rubore
3010 4135 3109 4174 suo
3136 4121 3497 4175 conscientias

1911 4220 2035 4261 suas
2057 4216 2461 4274 recognoscant,
2480 4217 2532 4259 et
2554 4216 2933 4262 convertantur
2953 4223 2980 4261 a
3009 4210 3358 4275 pravitatibus
3385 4212 3499 4264 suis

1913 4301 2238 4373 (llincmar.,
2286 4300 2349 4352 de
2396 4300 2612 4352 divortio
2653 4299 2828 4354 Lotar.
2881 4311 2925 4353 et
2960 4299 3290 4370 Thetbergte,
3339 4303 3497 4354 inter-

1913 4410 2028 4463 rog.
2054 4393 2130 4462 5).
2163 4393 2230 4447 At
2259 4390 2303 4444 si
2329 4390 2718 4458 incorrigibiles
2758 4392 3124 4458 apparuerint,
3151 4405 3498 4461 segregentur

1917 4500 1946 4538 a
1979 4485 2227 4539 ﬁdelibus
2251 4498 2419 4553 usque
2449 4484 2513 4536 ad
2546 4482 2997 4547 satisfactionem,
3027 4483 3175 4552 juxta
3202 4484 3499 4539 Salvatoris

226 4582 328 4618 vos
349 4567 447 4621 rite
466 4577 649 4620 tenere
667 4566 872 4620 debetis
900 4569 1038 4635 quod
1071 4570 1137 4623 ab
1160 4574 1591 4627 antecessoribus
1613 4574 1811 4629 nostris
1842 4565 1894 4625 D
1921 4577 2130 4631 Domini
2155 4577 2499 4641 sententiam,
2531 4590 2629 4644 ηιμ
2657 4576 2795 4628 inter
2821 4584 3014 4629 caetera
3046 4575 3114 4628 de
3151 4583 3408 4644 peccante
3447 4576 3499 4629 in

229 4658 488 4711 traditum
521 4659 825 4725 accepimus
853 4701 867 4723 ,
918 4659 968 4713 id
999 4669 1098 4723 est,
1133 4671 1189 4714 ut
1216 4664 1428 4729 quoties
1456 4674 1560 4718 tam
1592 4667 1658 4718 de
1684 4667 1814 4734 bap-

227 4750 392 4802 tismo
417 4750 738 4817 aliquorum,
763 4750 844 4803 vel
872 4750 1298 4816 conﬁrmatione,
1331 4761 1344 4788 ι
1375 4768 1532 4819 quam
1554 4755 1622 4807 de
1646 4758 1815 4810 eccle-

227 4839 432 4892 siarum
464 4841 869 4896 consecratione
899 4842 1162 4895 dubitatio
1189 4843 1431 4909 habetur,
1454 4858 1507 4898 et
1533 4861 1633 4899 nec
1647 4850 1815 4915 scrip-

229 4930 302 4984 tis
333 4945 432 4984 nec
483 4931 706 4986 testibus
745 4933 880 4986 ratio
907 4943 1053 4988 certa
1085 4934 1311 4989 habetur
1336 4944 1510 4990 utrum
1565 4937 1815 5006 baptizati

229 5020 317 5074 vel
346 5021 663 5088 conﬁrmati,
693 5023 806 5078 sive
827 5025 1070 5080 ecclesia:
1095 5037 1423 5081 consecratae
1452 5030 1577 5096 sint,
1609 5039 1667 5084 ut
1697 5030 1820 5099 bap-

228 5111 466 5166 tizentur
490 5113 620 5166 tales
641 5127 704 5166 ac
732 5117 1141 5185 conﬁrmentur,
1185 5128 1344 5186 atque
1371 5120 1615 5174 ecclesiae
1652 5136 1817 5175 cano-

229 5204 356 5259 nice
386 5203 721 5266 dediceutur,
751 5220 820 5260 ne
843 5207 961 5260 talis
987 5207 1248 5263 dubitatio
1271 5208 1419 5263 ruina
1443 5210 1685 5266 ﬁdelibus
1704 5211 1816 5279 ﬁat,

310 5335 336 5372 θ’
368 5338 526 5390 Iidem
558 5334 801 5407 Codices,
833 5338 1133 5407 dijudicent.

315 5407 330 5443 ί
371 5409 500 5460 lbid.
528 5426 542 5461 :
575 5407 648 5458 De
671 5405 1020 5460 Ecclesiurum
1046 5409 1423 5462 consecratione
1443 5411 1822 5465 dedicationum

229 5483 285 5532 in
321 5479 531 5529 dubium
562 5479 792 5530 habetur.

312 5550 332 5583 ιι
363 5547 555 5599 Exeusi
581 5547 689 5599 ha'c
720 5563 829 5613 ros,
860 5545 1039 5601 invitis
1061 5546 1185 5601 Mss.
1206 5548 1478 5613 Vatican,
1499 5549 1685 5616 Corb.,
1718 5551 1823 5604 Tu-

233 5635 354 5673 t-ou.
367 5657 382 5676 ,
416 5616 621 5670 Gemel.

319 5685 336 5722 ι
376 5686 538 5760 llmc,
568 5702 756 5760 usque
791 5687 855 5741 ad
913 5689 1201 5760 prageniem
1243 5705 1361 5746 vero
1409 5706 1592 5756 suam,
1627 5692 1823 5746 omissa

232 5766 365 5815 Sttttl
395 5758 448 5811 itt
497 5756 688 5822 Corb.,
720 5758 927 5814 Gcmet.
961 5756 1023 5815 et
1053 5760 1219 5816 Villio.
1257 5763 1318 5830 D,
1363 5763 1446 5818 vel
1481 5766 1654 5830 politts
1700 5771 1826 5817 sunt

1915 4681 1975 4721 se
2007 4665 2170 4720 fratre
2212 4666 2590 4736 przecipiendo,
2620 4665 2694 4718 ait
2725 4684 2737 4718 :
2773 4665 2834 4719 Si
2882 4668 3159 4733 peccaverit
3187 4668 3239 4719 in
3267 4676 3313 4720 te
3339 4667 3498 4734 frater

1919 4771 2057 4826 tuus,
2082 4761 2278 4826 corripe
2298 4777 2412 4812 eum
2434 4761 2561 4811 inter
2583 4766 2629 4811 te
2656 4768 2702 4811 et
2723 4758 2886 4827 ipsum
2908 4758 3163 4812 solum.Si
3189 4767 3237 4811 te
3259 4759 3507 4825 audierit,

1921 4855 2144 4906 lucratus
2174 4852 2272 4904 eris
2299 4851 2508 4916 fratrem
2540 4860 2703 4903 tuum.
2739 4848 2797 4903 Si
2827 4859 2997 4901 autem
3027 4864 3128 4902 non
3157 4849 3375 4901 audierit
3404 4858 3456 4902 te
3487 4890 3504 4913 ,

1920 4943 2103 4995 adhibe
2154 4951 2318 4993 tecum
2360 4957 2517 4993 unum
2549 4941 2624 4995 vel
2664 4941 2815 5009 duos,
2861 4949 2913 4992 ut
2962 4941 3015 4993 in
3045 4956 3130 4994 ore
3160 4941 3379 4992 duorum
3430 4939 3511 4993 υίι

1925 5034 2075 5085 trium
2106 5034 2312 5085 testium
2334 5042 2424 5085 stet
2457 5049 2602 5084 omne
2629 5034 2855 5086 verbum.
2909 5032 3059 5098 Quod
3085 5033 3128 5086 si
3154 5049 3237 5085 eos
3266 5049 3366 5085 non
3407 5049 3508 5085 au-

1925 5126 2100 5186 dierit,
2132 5127 2215 5178 dic
2246 5123 2511 5178 Ecclesite.
2540 5123 2600 5180 Si
2626 5135 2793 5178 autem
2817 5136 2860 5177 et
2888 5124 3171 5178 Ecclesium
3200 5141 3302 5177 non
3325 5127 3513 5178 audie-

1924 5218 2014 5283 rit,
2041 5219 2104 5271 sit
2131 5218 2222 5270 tibi
2252 5220 2380 5271 sicut
2424 5216 2655 5270 ethnicus
2683 5227 2732 5271 et
2761 5218 3063 5287 publicanus
3087 5217 3239 5288 (Luc.
3272 5236 3403 5282 xvu,
3434 5220 3509 5277 5:

1929 5349 2282 5415 transposita;
2317 5365 2437 5403 nam
2469 5351 2714 5416 leguntur
2753 5350 2891 5403 inter
2941 5350 3057 5403 haec
3099 5349 3261 5403 verba
3289 5349 3516 5419 egimus,

1930 5427 1984 5471 et
2015 5428 2226 5484 paterna
2275 5437 2396 5489 ergo
2425 5437 2531 5485 nos,
2563 5430 2690 5481 etr.,
2728 5421 2827 5473 hoc
2867 5421 3065 5473 modo:
3116 5419 3346 5490 Egimus.
3384 5421 3520 5486 Quia

1929 5505 2051 5558 ergo
2080 5491 2133 5542 in
2162 5490 2259 5542 hac
2287 5507 2341 5544 re
2366 5501 2574 5547 tanta...
2600 5501 2861 5561 quanto...
2886 5497 3121 5560 augetur,
3152 5501 3366 5560 paterna
3397 5494 3519 5550 dul—

1929 5561 2108 5614 cedine
2129 5561 2285 5614 salut.

2005 5632 2295 5704 m_'l‘urou.,
2328 5651 2430 5687 non
2463 5636 2682 5704 formam
2706 5632 2900 5701 dando,
2925 5630 3014 5688 sed
3035 5631 3514 5688 considerationem.

1933 5697 2117 5765 Corb.,
2150 5704 2238 5756 sed
2265 5697 2692 5760 consideratione.
