3956 6318
527 327 543 386 ι
573 312 699 360 2327

1475 300 1817 357 APPENDIX
1859 304 1946 356 AD
1985 304 2042 358 S.
2077 302 2400 354 (illEliUllll
2445 303 2830 356 EPISTULAS.

3678 305 3814 356 17:23

529 419 752 563 ἰᾏιιῑίΙι.
783 433 926 480 xviii,
951 418 1033 480 iis,
1064 418 1215 484 δρψ).
1241 416 1329 469 llis
1347 430 1472 481 ergo
1498 423 1549 467 et
1578 415 1694 466 aliis
1725 416 1902 468 lli'JllS
1925 421 2130 466 saneto-
2165 423 2205 475 Λ
2239 416 2432 468 nostris
2471 417 2869 480 relinquendam
2917 417 3142 482 posteris
3192 427 3459 472 teneamus
3481 460 3494 484 ,
3536 431 3592 473 et
3632 424 3814 473 omnia

569 525 681 563 rum
730 509 940 561 l’atrnnt
986 507 1392 559 auctoritatibus
1437 504 1746 563 segregandi
1798 514 1918 556 sunt
1951 505 2072 555 ntali
2103 518 2128 553 a
2236 520 2354 563 qua:
2386 506 2448 557 ad
2482 507 2829 560 eruditionem
2871 517 3106 561 uestram
3138 510 3305 563 sacris
3339 511 3582 563 apicibus
3612 514 3812 563 scrinta

569 525 681 563 rum
730 509 940 561 l’atrnnt
986 507 1392 559 auctoritatibus
1437 504 1746 576 segregandi
1798 514 1918 556 sunt
1951 505 2072 555 ntali
2103 518 2128 553 a

2236 520 2354 571 quae
2386 506 2448 557 ad
2482 507 2829 560 eruditionem
2871 517 3106 561 uestram
3138 510 3305 563 sacris
3339 511 3582 577 apicibus
3612 514 3812 579 scripta

520 573 1572 691 1bimis,uepcn-anljusliproinjuslis,
1599 597 2128 662 sicutscriptumest:
2233 607 2356 650 sunt
2394 599 2772 660 custodiamus,
2805 608 2964 666 atque
3014 599 3079 651 ad
3121 614 3182 652 ea
3225 573 3577 668 quoscunque
3625 573 3815 668 possu-

569 691 896 760 I’critjuslus
926 706 1017 755 pro
1046 691 1201 757 impio
1225 689 1355 759 (Isa.
1385 705 1505 751 Lt'tt,
1533 691 1582 749 1,
1614 705 1717 742 sec.
1748 687 1937 757 LXX).
1971 688 2132 741 Debet

569 787 711 840 enim
736 785 987 838 discretio
1017 798 1228 852 semper
1254 783 1368 835 fieri
1401 783 1536 833 inter
1567 781 1733 833 bonos
1763 791 1814 832 et
1845 780 2031 841 malos,
2066 780 2136 831 si-

568 888 656 932 cut
677 886 758 932 est
783 878 917 930 inter
945 875 1125 928 turdos
1147 882 1198 928 et
1220 889 1365 927 oves.
1393 869 1670 925 Manifesta
1690 885 1898 938 quoque
1923 880 2134 937 peccata

572 985 675 1023 non
707 977 831 1023 sunt
859 966 1060 1020 occulta
1107 963 1439 1017 correctione
1493 961 1794 1030 purganda;
1826 959 1919 1013 sed
1966 960 2133 1026 palam

570 1068 695 1114 sunt
724 1058 978 1129 arguendi
1012 1057 1099 1124 qui
1141 1056 1311 1125 palam
1345 1064 1555 1118 nocent,
1582 1065 1637 1106 ut
1665 1054 1787 1106 dum
1820 1064 1998 1122 aperta
2042 1054 2136 1106 ob-

572 1151 871 1218 jurgatione
897 1156 1172 1210 sanantur,
1204 1147 1236 1198 ii
1268 1146 1356 1213 qni
1387 1161 1479 1199 eos
1521 1145 1772 1197 imitando
1809 1145 2139 1209 deliquerant

572 1243 922 1308 corrigantur.
996 1239 1127 1292 Dum
1181 1237 1319 1290 enim
1377 1251 1512 1289 unus
1559 1235 1879 1302 corripitur,
1928 1234 2138 1302 plurimi

573 1333 941 1387 emendantur.
988 1332 1053 1383 Et
1093 1331 1282 1383 melius
1321 1340 1399 1382 est
1431 1336 1487 1380 ut
1519 1341 1612 1395 pro
1641 1331 1924 1379 multorum
1965 1326 2140 1378 salute

575 1436 710 1475 unus
740 1420 1123 1475 condemnetur
1171 1433 1326 1485 quam
1378 1431 1471 1485 per
1502 1416 1655 1468 unius
1687 1416 1953 1468 licentiam
1987 1413 2138 1465 multi

577 1510 961 1577 periclitentur.
994 1508 1101 1561 Nec
1132 1508 1318 1560 mirum
1351 1509 1392 1559 si
1420 1506 1555 1559 inter
1587 1503 1828 1557 homines
1862 1504 1975 1556 haec
2003 1501 2141 1556 ratio

571 1598 887 1661 custoditur,
920 1614 1033 1650 cum
1064 1606 1117 1650 et
1147 1597 1284 1649 inter
1326 1596 1564 1662 jumenta
1597 1595 1698 1647 hoc
1746 1593 1858 1648 fieri
1905 1606 2140 1661 persaepe

576 1693 942 1759 cognovimus,
972 1698 1029 1742 ut
1056 1703 1118 1742 ea
1140 1704 1254 1755 qum
1284 1687 1517 1741 scabiem
1548 1696 1638 1738 aut
1663 1685 2020 1754 impetiginem
2045 1684 2140 1737 ha-

2237 702 2351 739 tuus
2375 688 2688 749 excitemus.
2713 688 2929 742 Certum
2957 689 3152 758 quippe
3181 701 3263 744 est
3287 691 3409 760 quia
3436 691 3483 744 si
3511 699 3625 744 toto
3652 693 3818 744 corde

2236 782 2515 848 pra-ceptis
2545 782 2865 835 salutaribus
2896 799 2991 835 nos
3022 798 3366 853 occupamus,
3402 801 3623 840 onmem
3660 787 3817 839 vitio-

2237 886 2351 922 rum
2382 870 2551 923 labem
2582 871 2882 938 effugimus,
2915 873 3038 940 quia
3067 873 3191 926 dum
3222 875 3304 927 his
3345 874 3542 941 quibus
3582 876 3816 926 aedifica-

2239 975 2357 1012 mur
2380 961 2673 1023 innitimur,
2707 961 2879 1013 locum
2908 963 3023 1016 sine
3055 961 3216 1016 dubio
3255 965 3588 1030 deceptionis
3632 966 3816 1017 exclu-

2238 1049 2435 1104 dimus.
2463 1050 2796 1118 Quapropter
2821 1061 3030 1119 oportet
3059 1061 3114 1104 ut
3142 1053 3357 1108 enixius
3386 1053 3437 1106 in
3467 1057 3682 1107 cunctis
3707 1068 3818 1106 sm-

2238 1139 2419 1193 tliosos
2453 1156 2543 1193 vos
2583 1142 2723 1194 circa
2751 1140 2942 1194 fratres
2984 1153 3141 1210 atque
3171 1143 3439 1213 subjectos
3469 1146 3773 1198 ostendatis
3802 1188 3817 1200 .

2239 1239 2266 1265 ιλ
2291 1245 2346 1283 ut
2384 1245 2566 1284 omnes
2616 1246 2734 1284 cum
2766 1232 2957 1300 quibus
2999 1233 3111 1286 aliti
3151 1235 3296 1298 estis,
3341 1244 3503 1302 atque
3551 1235 3818 1288 didit-istis

2239 1334 2437 1376 sancta:
2485 1323 2735 1376 Romanae
2790 1323 3043 1377 Ecclesia:
3087 1327 3530 1392 praeceptionibus
3591 1341 3817 1391 parere,

2241 1415 2542 1481 apostolica:
2568 1414 2708 1486 sedis
2746 1423 3008 1482 prmeepta
3039 1415 3392 1482 multiplicare
3439 1417 3821 1482 apertissime-

2242 1521 2346 1573 que
2395 1517 2516 1558 neta
2568 1506 2743 1559 facere
2785 1516 3110 1573 agnoscant;
3163 1508 3282 1575 quia
3324 1508 3464 1575 quod
3507 1509 3823 1575 specialiter

2245 1597 2338 1649 tibi
2384 1597 2590 1664 tuisque
2617 1606 2668 1648 et
2703 1595 2927 1650 fratrum
2965 1607 3170 1651 tuorum
3201 1598 3470 1665 charitati,
3513 1611 3575 1652 ut
3605 1610 3714 1652 tua:
3746 1600 3824 1652 lit-

2245 1696 2374 1743 tera:
2421 1689 2782 1754 innotuerunt,
2835 1688 3092 1742 consultis
3131 1688 3434 1751 scribimus,
3491 1690 3822 1758 generaliter

583 1782 713 1836 bere
738 1780 981 1834 videntur
1012 1787 1326 1846 separentur
1349 1793 1378 1828 a
1404 1777 1570 1839 sanis,
1605 1792 1671 1830 ne
1701 1777 1910 1830 illorum
1958 1776 2141 1829 morbo
2172 1771 2219 1830 B
2245 1778 2490 1832 omnibus
2538 1788 2719 1832 tenere
2759 1778 3088 1831 mandamus.
3119 1778 3273 1833 Circa
3300 1781 3674 1845 suhjectorunt
3718 1794 3822 1832 au-

578 1881 773 1924 cmtera
803 1884 927 1924 sana
959 1869 1275 1921 damnentur
1303 1867 1385 1920 vel
1417 1876 1650 1935 pereant.
1693 1865 1868 1918 Satius
1905 1875 1988 1919 est
2018 1880 2140 1934 ergo

580 1969 634 2011 nt
675 1958 800 2011 mali
831 1968 1011 2024 aperte
1041 1956 1391 2023 corrigantur,
1441 1972 1596 2024 quam
1648 1971 1741 2022 pro
1765 1955 1868 2013 ilTis
1899 1955 2020 2006 boni
2054 1969 2142 2020 pe-

583 2059 753 2104 reant.
799 2049 946 2103 Unde
975 2049 1216 2102 volumus
1243 2063 1336 2100 vos
1364 2060 1548 2100 omnes
1578 2061 1627 2098 tn
1660 2061 1818 2098 ttnum
1857 2044 2142 2098 convenire

574 2143 872 2209 episcopos,
906 2147 963 2193 ut
991 2139 1058 2193 de
1086 2137 1441 2192 incidentibus
1471 2137 1643 2191 causis
1673 2134 1761 2188 fiat
1786 2134 2100 2201 disceptatio
2123 2173 2138 2197 ,

575 2241 629 2286 et
659 2232 885 2286 salubris
932 2230 1001 2285 de
1041 2230 1398 2284 ecclesiastica
1446 2228 1826 2283 observatione
1885 2225 2136 2291 collatio,

575 2335 833 2390 qualetttls
862 2322 987 2374 dum
1037 2335 1130 2388 per
1161 2319 1259 2373 hoc
1299 2329 1354 2373 et
1384 2319 1652 2386 prieterita
1699 2317 2057 2384 corriguntur,
2091 2323 2144 2368 et

575 2415 810 2481 regulam
838 2413 1010 2466 futura
1037 2411 1356 2478 suscipiunt,
1382 2409 1720 2477 omnipotens
1743 2408 1938 2474 ubique
1964 2407 2140 2460 Domi-

581 2517 678 2554 nus
733 2502 952 2556 fratrum
1022 2500 1310 2554 concordia
1369 2499 1719 2553 collaudetur.
1772 2496 1936 2566 Cujus
1991 2497 2141 2553 vobis

576 2592 764 2645 a-.les.~e
802 2590 1168 2659 prus-entiam,
1216 2590 1260 2643 si
1294 2589 1408 2643 haec
1437 2587 1866 2654 observaveritis,
1914 2588 2139 2653 scitote,

572 2683 693 2750 quia
725 2683 978 2750 scriptum
1003 2690 1085 2735 est
1109 2698 1122 2736 :
1159 2681 1256 2735 Ubi
1280 2681 1467 2751 furriut
1499 2681 1600 2733 duo
1624 2681 1701 2733 vel
1724 2690 1822 2733 tres
1849 2681 2144 2750 congregati

572 2773 624 2823 in
646 2773 846 2824 nomine
873 2788 1003 2836 meo,
1036 2771 1104 2824 ibi
1134 2774 1185 2825 in
1207 2773 1373 2825 medio
1401 2787 1577 2824 eorum
1606 2787 1720 2824 sum
1743 2769 1953 2840 (Matth.
1976 2785 2139 2834 xvut,

573 2861 688 2930 6ὶΟ).
721 2861 776 2916 Si
807 2877 933 2930 ergo
961 2863 1209 2930 dignatur
1233 2862 1421 2916 ades~e
1447 2861 1656 2915 duobus
1683 2860 1764 2915 vel
1815 2858 1980 2914 tribus
2010 2873 2140 2912 con-

573 2953 826 3022 gregatis,
859 2962 1054 3021 quanto
1080 2957 1250 3022 mag‘s
1286 2969 1390 3006 non
1420 2953 1590 3006 deerit
1616 2952 1702 3005 ubi
1735 2952 1915 3018 plures
1946 2965 2139 3004 conve-

574 3048 722 3102 niunt
747 3046 1085 3101 sacerdotes?
1111 3047 1174 3100 Et
1207 3045 1420 3116 quidem
1452 3045 1572 3114 quia
1598 3043 1952 3098 adhibendum
1977 3043 2059 3096 bis
2083 3043 2136 3096 in

2246 1881 2351 1924 tem
2386 1870 2594 1938 1282
2623 1877 2771 1922 actus
2794 1870 3095 1922 fraternitas
3119 1878 3204 1922 tua
3232 1870 3299 1923 sit
3330 1861 3582 1938 vigilans,
3615 1881 3673 1922 ut
3696 1885 3822 1923 ves-

2249 1968 2384 2011 trum
2412 1959 2516 2012 illis
2562 1957 2862 2024 exemplum
2894 1957 3169 2011 instructio
3197 1965 3252 2012 et
3291 1957 3395 2011 vita
3422 1957 3682 2024 magistra
3716 1972 3744 2011 s
3768 1967 3819 2020 t;

2245 2049 2433 2118 lingua:
2463 2056 2650 2102 vestra:
2679 2049 3049 2102 exhortatione
3086 2048 3296 2101 discant
3337 2048 3482 2117 quod
3529 2058 3778 2102 metuant
3807 2089 3820 2109 ,

2243 2150 2298 2193 et
2327 2141 2619 2193 doceantur
2650 2124 2788 2206 quod
2843 2139 3094 2208 diligant;
3123 2150 3180 2190 ut
3210 2140 3333 2191 dum
3383 2140 3587 2192 talenta
3620 2139 3822 2192 credita

2245 2246 2366 2286 cum
2397 2233 2544 2285 lucro
2574 2231 3018 2299 multiplicantur,
3051 2232 3103 2284 in
3143 2231 3283 2285 diem
3320 2231 3690 2286 retributionis
3730 2245 3819 2283 an-

2247 2334 2443 2377 nuente
2467 2323 2641 2375 divina
2667 2323 2835 2391 gratia
2864 2322 3047 2376 audire
3077 2322 3384 2376 mereatnini
3415 2339 3427 2374 :
3465 2321 3640 2390 Euge,
3682 2337 3818 2374 me

2245 2419 2368 2471 boue
2391 2427 2434 2469 et
2453 2416 2640 2483 ﬁdelis,
2656 2418 2789 2468 intra
2806 2416 2856 2467 in
2881 2415 3120 2483 gaudium
3145 2414 3347 2468 Domini
3368 2415 3442 2467 lui
3463 2415 3819 2484 (Mattthv,

2243 2508 2336 2571 21,
2357 2506 2477 2575 25.)
2501 2507 2691 2560 Caram
2723 2514 2898 2574 praete.
2916 2521 2975 2560 ea
2998 2506 3066 2560 de
3086 2506 3332 2561 omnibus
3354 2520 3478 2575 quas
3504 2507 3655 2560 vobis
3679 2507 3820 2558 aliis-

2244 2614 2345 2667 que
2377 2598 2624 2651 fratribus
2649 2596 2864 2662 nostris,
2896 2605 2950 2651 et
2976 2595 3291 2666 generaliter
3321 2597 3551 2658 cunctis,
3581 2611 3682 2664 pro
3718 2594 3778 2648 ill
3799 2623 3820 2637 -

2243 2690 2466 2742 citarunt
2498 2703 2673 2741 rerum
2709 2687 3071 2755 prohibitione
3105 2687 3437 2754 scripsimus,
3480 2685 3681 2739 habere
3731 2700 3820 2737 vos

2246 2792 2341 2846 per
2369 2777 2549 2830 omnia
2581 2789 2986 2845 cegnoscamus,
3017 2776 3142 2844 quia
3183 2777 3326 2829 omni
3357 2775 3540 2829 studio
3567 2775 3820 2841 omnique

2243 2867 2428 2920 aduisu
2465 2881 2686 2921 necesse
2723 2876 2806 2919 est
2838 2876 2893 2919 ut
2937 2865 3284 2919 fraternitatis
3327 2876 3523 2919 vestra:
3553 2864 3821 2933 vigilantia

2242 2959 2629 3025 compleantur,
2665 2966 2821 3024 atque
2873 2957 2978 3009 illic
3027 2956 3202 3008 omnia
3230 2971 3347 3022 qua:
3380 2969 3474 3022 pro
3522 2958 3820 3007 animarum

2242 3048 2552 3116 scripsimus
2581 3047 2747 3100 salute
2775 3046 3000 3099 fideliter
3022 3054 3437 3110 recenseantur;
3470 3054 3743 3112 quatenus
3771 3055 3820 3096 et

575 3155 713 3192 anno
731 3140 1011 3194 concilium
1037 3139 1250 3192 Patrum
1275 3138 1343 3192 sit
1367 3137 1562 3205 regulis
1584 3137 1904 3200 institutum,
1932 3150 2037 3189 non
2064 3134 2139 3187 la-
2166 3129 2214 3191 C
2246 3153 2338 3191 vos
2370 3151 2463 3204 per
2485 3136 2587 3190 hoc
2616 3144 2849 3190 vestrum
2873 3135 3043 3189 zelum
3071 3135 3304 3203 qualiter
3326 3135 3480 3188 vobis
3508 3134 3698 3189 illicita
3723 3135 3818 3188 dis—

575 3238 667 3282 tet.
686 3228 787 3282 Sed
804 3244 867 3281 ne.
883 3227 948 3281 fol
967 3236 1018 3281 te
1036 3227 1206 3294 aliqua
1232 3226 1502 3279 excusatio
1518 3225 1608 3288 sit,
1627 3225 1789 3279 semel
1805 3223 2139 3277 decrevimus

573 3318 903 3388 congregari,
925 3319 1131 3386 1281
1150 3326 1207 3369 ut
1229 3314 1626 3382 exspectatione
1642 3314 1854 3368 concilii
1878 3312 2010 3365 nihil
2028 3327 2140 3379 pra-

575 3426 720 3475 vum,
750 3409 879 3462 nihil
899 3418 1253 3477 praesumatur
1280 3407 1540 3460 illicitum.
1562 3407 1688 3459 Nam
1714 3406 2021 3475 plerumque
2041 3405 2139 3459 etsi

576 3519 679 3556 non
703 3499 1135 3570 antorejustitize,
1170 3509 1311 3553 metu
1339 3508 1515 3551 tamen
1540 3496 1948 3552 examinationis
1976 3495 2140 3548 absfio

579 3602 734 3647 netnr
764 3593 828 3645 ab
860 3591 959 3644 hoc
1008 3590 1146 3658 quod
1200 3591 1433 3642 vinnium
1464 3597 1645 3642 notum
1667 3598 1750 3642 est
1779 3602 1932 3656 posse
1957 3586 2139 3654 displi-

576 3698 695 3738 cere
717 3681 938 3751 judicio.
979 3680 1140 3743 lianc,
1174 3679 1337 3732 frater
1365 3678 1708 3740 charissima,
1742 3677 2134 3729 observantiam

644 3825 670 3851 ιι
701 3814 886 3878 Corb.,
916 3813 1083 3867 Vatic.
1109 3811 1218 3864 Det
1239 3811 1446 3865 Gemet.
1467 3825 1528 3863 ac
1553 3808 1789 3872 Pratell.,
1816 3817 1869 3860 ut
1898 3822 2067 3859 omnes
2094 3816 2140 3858 te

581 3887 657 3951 qui
680 3884 940 3935 nobiscum
966 3884 1118 3934 alitus
1147 3898 1220 3951 es,
1267 3894 1414 3945 atque
1442 3879 1660 3951 didicisti
1687 3887 1893 3951 sancta’.

649 3962 673 3983 ⁰
699 3955 925 4009 'furon.,
953 3963 995 4002 et
1026 3968 1114 4003 nos
1141 3950 1358 4016 ﬁdeliter
1387 3949 1611 4000 obedisse
1636 3950 1740 4015 qui.

650 4032 675 4067 P
703 4021 841 4073 Idem
869 4021 1045 4073 Codex
1070 4015 1188 4072 cuin
1218 4019 1377 4072 Norm
1407 4057 1422 4082 ,
1462 4027 1751 4087 perceptum
1787 4015 2004 4068 moribus
2035 4031 2140 4066 ser-

2247 3227 2472 3295 pliceaut
2508 3225 2821 3288 ostendatis,
2859 3233 2882 3259 °
2909 3232 2963 3278 et
2990 3239 3088 3278 nos
3120 3224 3317 3278 utiliter
3355 3225 3687 3293 providisse,
3734 3226 3819 3289 qui

2245 3331 2340 3370 vos
2379 3331 2440 3369 ac
2480 3325 2712 3368 vestram
2743 3313 2808 3366 ad
2837 3313 2938 3366 hoc
2967 3328 3072 3381 pra:
3100 3314 3310 3367 caeteris
3337 3326 3631 3380 personam
3667 3313 3820 3382 elegi-

2247 3419 2390 3471 mus,
2437 3405 2734 3458 videamur.
2782 3404 3126 3471 Omnipoteus
3173 3413 3346 3456 autem
3399 3403 3544 3457 Deus
3592 3416 3690 3455 sua
3733 3416 3821 3455 vos

2245 3497 2576 3567 protectione
2603 3494 2888 3559 custodiat,
2926 3499 3283 3562 honoremque
3330 3503 3356 3542 P
3386 3504 3710 3563 perceptum
3733 3510 3819 3548 vo-

2245 3587 2325 3642 bis
2357 3587 2604 3642 omnibus
2631 3600 2847 3640 servare
2877 3583 3154 3638 concedat.
3187 3588 3356 3637 Amen
3380 3593 3430 3636 ει.

2245 3823 2427 3929 Wffin
2456 3875 2558 3928 fine
2587 3873 2720 3927 Cod.
2747 3873 2909 3925 Corb.
2933 3881 2986 3926 et
3011 3871 3218 3925 Gemet.
3249 3867 3442 3935 legitur
3471 3870 3602 3920 data
3631 3865 3816 3919 Kalen-

2246 3948 2325 3998 dis
2361 3945 2676 4005 Novembris,
2710 3943 2984 3995 indictione
3011 3943 3091 4005 12,
3117 3938 3561 3993 mendosissitne.

1231 4167 2956 4185 _.____,_._._—_—___.—-—_——___.._~_._—_————————
2994 4160 3814 4190 ,επ

578 4177 1587 4208 πέμψ’
1432 4177 1478 4183 ’-
1484 4174 1587 4182 '—

1809 4309 2583 4436 APPENDIX

1169 4556 1317 4634 AD
1376 4549 1791 4634 SANCTI
1868 4546 2463 4629 GREGORII
2523 4546 3178 4631 EPISTOLAS.

581 4711 788 4782 1283
827 4709 864 4760 l.
899 4718 920 4742 ἰ
953 4707 1247 4776 Symbolum
1268 4708 1384 4770 ﬁdei
1414 4707 1653 4757 dictatum
1678 4696 1708 4755 ἡ
1730 4707 1870 4756 beato
1899 4704 2142 4774 Gregorio
2176 4710 2219 4763 ι)
2248 4716 2485 4772 tempore
2513 4717 2688 4760 natum
2720 4707 2786 4760 de
2810 4708 2985 4760 Patre.
3018 4704 3263 4760 Omnium
3293 4701 3585 4756 visibilium
3611 4713 3669 4756 et
3695 4701 3815 4754 invi-

575 4821 725 4869 papa.

648 4893 820 4947 (‘acdo
850 4910 898 4944 tn
929 4908 1086 4942 unum
1136 4892 1298 4943 Deum
1341 4890 1780 4954 omnipotentem.
1837 4887 2068 4947 Patrem,
2095 4895 2146 4939 et

578 4987 787 5046 Filium,
820 4995 867 5034 et
899 4982 1149 5047 Spiritum
1203 4989 1465 5041 sanctum,
1501 4988 1605 5030 tres
1661 4993 1931 5044 personas,
1985 4992 2142 5028 unatn

575 5072 943 5128 substantiam.
1002 5073 1205 5123 i'atretn
1255 5068 1541 5136 ingenitum
1575 5110 1586 5131 ,
1627 5068 1812 5120 Filium
1857 5066 2090 5134 genitum
2128 5083 2141 5129 ;

576 5168 827 5234 Spiritum
859 5181 983 5216 vero
1014 5173 1250 5215 sanctum
1284 5176 1376 5212 nec
1404 5161 1634 5228 genitum
1678 5173 1774 5211 nec
1829 5158 2136 5225 ingenitum,

577 5259 668 5309 sed
693 5265 1034 5315 core-ternum,
1056 5256 1120 5306 de.
1148 5256 1296 5305 l‘atre
1323 5263 1373 5305 et
1394 5252 1525 5305 Filio
1556 5250 1942 5312 procedentem.
1968 5248 2142 5301 Conli-

578 5358 696 5402 tcot‘
749 5350 1070 5416 unigenitum
1133 5348 1321 5400 Filium
1375 5341 1876 5396 consubsantialem
1928 5351 1981 5395 et
2028 5340 2141 5394 sine

649 5481 849 5533 Fnacu.
885 5483 918 5533 l.
956 5511 1020 5517 —
1044 5491 1066 5513 εδ
1095 5480 1372 5544 Ιὶιιιιωίίιη*
1402 5479 1549 5530 initio
1575 5476 1799 5544 liegistri
1827 5473 2136 5535 Gri-gerenti

577 5563 696 5602 ante
727 5567 909 5601 omnes
965 5543 1241 5616 epistulas,
1293 5553 1340 5602 iu
1391 5543 1800 5600 ozttnibu‘sfere
1856 5543 2138 5616 Cod'eibu’s

580 5635 733 5670 manu
764 5612 1021 5674 exaratis}
1067 5620 1388 5683 refrt-imque
1445 5632 1470 5667 a
1526 5619 1675 5668 .ioau.
1714 5617 1958 5677 Diaeuuu,
1989 5612 2076 5665 lib.
2103 5628 2140 5683 tt

583 5689 734 5740 \it-r.
788 5703 834 5736 ι’.
867 5685 921 5738 2.
971 5687 1053 5736 ubi
1103 5689 1298 5751 aliqum~
1345 5688 1579 5738 diversas
1627 5686 1877 5737 lectiones
1923 5700 1948 5733 a
1993 5701 2022 5732 n
2065 5682 2141 5734 bis

2252 4796 2481 4848 sibilium
2511 4799 2857 4850 conditorem.
2884 4798 3083 4850 Lumen
3112 4810 3176 4849 ex
3199 4792 3418 4847 lumine.
3449 4793 3616 4846 Deum
3641 4807 3814 4846 verum

2252 4889 2316 4940 de.
2343 4891 2446 4940 Deo
2466 4905 2608 4941 vero.
2637 4889 2980 4956 Splendorem
3005 4889 3203 4956 glorizr.
3223 4887 3468 4950 Figuram
3487 4885 3815 4944 substantizc,

2247 4979 2344 5043 Qui
2377 4994 2594 5031 ueniens
2644 4979 2877 5031 Verbum
2909 4990 3029 5030 ante
3087 4979 3303 5039 SiBCUiJ,
3337 4975 3611 5043 perfectus
3663 4975 3817 5027 homo

2248 5081 2456 5122 creatus
2479 5081 2576 5130 est,
2605 5071 2751 5136 juxta
2781 5070 2938 5121 finem
2970 5068 3314 5128 saeculorum;
3346 5076 3639 5130 conceptus
3660 5075 3712 5116 et
3733 5079 3816 5116 na-

2248 5167 2328 5209 tus
2362 5175 2426 5209 ex
2462 5158 2657 5224 Spiritu
2687 5167 2890 5219 sancto,
2919 5167 2970 5209 et
2998 5157 3156 5208 Maria
3188 5155 3414 5222 virgine.
3447 5155 3549 5217 Qui
3583 5162 3814 5206 naturain

2249 5258 2480 5300 no-tratn
2505 5247 2738 5314 suscepit
2760 5248 2955 5313 alisque
2980 5257 3212 5312 peccato.
3244 5244 3304 5296 Et
3327 5243 3632 5296 StthPorttio
3655 5242 3813 5294 Pilato

2245 5341 2530 5393 crucifixas
2575 5350 2676 5405 est,
2725 5350 2777 5390 et
2809 5340 3087 5406 sepultus;
3141 5337 3291 5390 tertia
3317 5336 3404 5389 die
3458 5336 3755 5389 resurrexit
3791 5348 3812 5383 ο

2247 5481 2524 5523 att-intutis
2554 5471 2805 5533 reperies.
2839 5469 2944 5521 Hoc
2968 5467 3317 5519 confessionis
3346 5465 3468 5517 fidei
3517 5465 3808 5530 sytttbolum

2247 5557 2273 5593 a
2306 5554 2488 5592 sancto
2514 5541 2766 5609 Gregorio
2787 5539 3178 5604 pronuntiatum
3203 5537 3473 5609 credimus
3494 5533 3546 5585 iu
3577 5534 3694 5603 ipso
3719 5549 3810 5585 :ux

2247 5612 2595 5667 oldnationis
2627 5606 2678 5664 et
2703 5608 3119 5676 inaugurationis
3149 5607 3370 5660 solemni
3403 5606 3534 5658 ritu.
