3990 6398
147 412 263 469 1529

1081 396 1417 457 APPENDIX
1463 394 1550 449 AD
1591 392 1646 449 S.
1690 391 2017 449 GREGORII
2059 387 2447 447 EPISTULAS.

3238 383 3372 440 1530

144 522 365 579 mortuis.
401 517 498 572 Die
525 522 701 571 autem
725 510 1132 582 quadragesimo
1148 509 1386 563 ascendit
1415 506 1700 561 incteluin.
1735 509 1777 566 Α
1809 503 1908 556 hus
1955 499 2227 555 beneﬁciis
2281 495 2460 565 pietati
2507 495 2641 563 ejus,
2686 494 2735 547 in
2767 504 3021 564 quantum
3071 510 3372 563 possumus.

142 613 285 669 Sedet
307 610 371 664 ad
393 608 665 663 dexteram
695 602 888 655 Patris.
918 600 1069 654 Unde
1088 606 1342 653 venturus
1362 604 1441 650 est
1460 595 1699 664 judicare

142 708 275 761 vivos
322 711 378 758 et.
422 706 682 755 mortuos.
730 693 1004 748 Positnrus
1051 699 1176 744 ante
1229 690 1409 745 oculos
1463 702 1698 742 omnium

140 794 301 849 omnia
325 789 529 846 occulta
560 784 910 852 singulorum.
953 783 1174 834 Daturus
1202 780 1398 832 sanctis
1447 784 1698 845 perpetua

143 884 344 953 pra-mia
366 874 791 948 regnicazlestis,
824 870 1018 939 iniquis
1064 878 1238 922 autem
1262 866 1515 934 supplicia
1566 865 1701 933 ignis

146 973 336 1029 aeterni.
380 971 733 1024 lnnovaturus
768 962 1019 1016 saeculum
1051 975 1145 1029 per
1189 959 1386 1029 ignem.
1435 956 1703 1010 Conﬁteor

148 1079 289 1119 unam
329 1062 510 1125 ﬁdem,
542 1071 702 1112 unum
736 1054 1027 1124 baptisma;
1060 1065 1240 1115 unam,
1270 1047 1618 1118 apostolicam
1650 1056 1704 1100 et

148 1151 490 1208 universalem
539 1145 857 1206 Ecclesiam,
903 1142 957 1195 in
1001 1156 1100 1207 qua
1142 1140 1254 1193 sola
1296 1142 1500 1207 possint
1540 1134 1704 1188 laxari

149 1252 367 1310 peccata.
396 1240 451 1294 In
476 1237 690 1291 nomine
720 1234 911 1299 Patris,
937 1241 991 1286 et
1014 1230 1155 1291 Filii,
1179 1239 1232 1282 et
1254 1229 1485 1297 Spiritus
1511 1224 1700 1278 sancti.

150 1343 205 1395 ll.
233 1340 302 1395 De
332 1336 593 1393 Laurentii
614 1332 966 1388 archidiaconi
994 1328 1327 1397 depositione,
1359 1334 1405 1381 et
1447 1322 1706 1379 Honorati

519 1426 574 1478 in
602 1424 650 1491 ej
660 1439 710 1476 ns
738 1423 903 1474 locum
934 1418 1308 1485 subroyatione.

213 1526 237 1555 ⁸
265 1514 619 1584 Temporibus
633 1525 782 1581 papae
803 1508 1069 1577 Gregorii,
1085 1505 1114 1545 δ
1138 1505 1444 1561 consulatus
1464 1502 1703 1557 Mauricii

149 1608 359 1677 Augusti
386 1618 528 1659 anno
556 1603 806 1671 septimo,
837 1598 1220 1667 depositus'est
1245 1593 1584 1655 Laurentius.
1616 1592 1704 1663 qui

156 1702 345 1767 primus
372 1697 546 1752 fuerat
596 1698 649 1748 in
692 1693 880 1747 ordine
916 1688 1145 1744 diaconii
1191 1686 1333 1741 sedis
1374 1685 1701 1754 apostolicae,

150 1798 355 1857 propter
380 1783 679 1854 superbiam
710 1790 765 1835 et
789 1779 925 1835 mala
956 1792 1075 1843 sua,
1104 1775 1317 1852 1284
1340 1789 1461 1845 qua:
1487 1772 1708 1828 tacenda

149 1878 423 1935 duximus.
493 1880 553 1928 et
589 1872 761 1926 factus
824 1880 909 1924 cst
959 1868 1365 1923 archidiaconus
1410 1865 1707 1919 Honoratus

148 1980 317 2021 coram
361 1964 605 2019 omnibus
640 1960 960 2033 presbyteris
997 1968 1051 2013 et
1083 1957 1425 2024 diaeonibus,
1456 1955 1711 2011 notariis-

150 2068 267 2123 que,
289 2052 724 2116 subdiaconibus,
739 2049 823 2105 vel
836 2055 1028 2111 cuncto
1052 2047 1198 2102 clero
1219 2045 1272 2100 in
1302 2044 1517 2099 basilica
1530 2058 1711 2098 aurea.

150 2154 232 2209 Ill.
270 2152 458 2207 Charta
476 2167 589 2217 qua:
611 2152 789 2205 relicta
808 2158 879 2203 est
901 2149 963 2203 de
984 2147 1164 2201 litania
1185 2146 1399 2216 majore,
1423 2145 1479 2199 in
1505 2144 1713 2198 basilica

715 2248 904 2294 εαηειιε
946 2238 1147 2292 Mariae.

215 2330 530 2386 Solemnitas
555 2344 745 2384 annum
771 2327 1073 2383 devotionis
1094 2339 1212 2387 nos,
1240 2326 1333 2380 ﬁlii
1357 2322 1711 2392 dilectissimi,

148 2427 415 2491 admonet,
443 2434 501 2478 ut
529 2434 552 2461 ι·
584 2425 820 2478 litaniam
850 2438 970 2491 qua:
1020 2422 1191 2488 major
1215 2420 1283 2475 ab
1311 2423 1561 2477 omnibus
1614 2435 1712 2488 ap-

150 2517 371 2586 pellatur
397 2515 642 2569 sollicitis
680 2528 742 2569 ac
787 2513 998 2569 devotis
1053 2511 1377 2575 debeamus,
1428 2511 1716 2566 auxiliante

148 2605 391 2671 Domino,
442 2603 706 2660 mentibus
755 2603 1054 2666 celebrare,
1101 2616 1197 2671 per
1234 2616 1390 2669 quam
1436 2616 1466 2654 a
1520 2601 1716 2657 nostris

148 2694 474 2757 excessibus,
515 2696 629 2763 ejus
686 2693 1069 2748 misericordia:
1098 2694 1460 2762 supplicantes
1504 2693 1716 2761 purgari

150 2787 482 2853 aliquatenus
506 2801 829 2866 mereamur.
861 2783 1216 2839 Considerare
1238 2784 1434 2837 etenim
1464 2797 1561 2836 nos
1588 2797 1716 2836 con-

153 2876 316 2942 venit,
364 2876 717 2939 dilectissimi,
768 2891 924 2945 quam
956 2874 1117 2929 variis
1154 2875 1527 2942 continuisque
1575 2874 1716 2928 cala-

147 2966 419 3021 mitatibus
444 2981 539 3034 pro
563 2966 761 3021 nostris
790 2966 959 3030 culpis
980 2974 1142 3032 atque
1169 2963 1551 3018 oliensionibus
1580 2963 1717 3017 afﬂi-

145 3071 356 3125 gamtlr,
385 3066 439 3111 et
463 3056 690 3124 qualiter
718 3054 845 3107 item
866 3055 1101 3109 ctelestis
1126 3054 1336 3122 pietatis
1358 3052 1511 3107 nobis
1533 3052 1718 3106 subin-

145 3148 215 3199 de
242 3142 501 3199 medicina
534 3142 835 3196 subveniat.
859 3141 1020 3196 Sexta
1049 3143 1206 3211 igitur
1236 3141 1367 3196 feria
1394 3142 1664 3209 veniente,
1687 3156 1715 3193 a

144 3233 299 3287 titulo
320 3229 460 3285 beati
479 3228 749 3284 Laurentii
770 3230 1038 3299 martyris,
1057 3231 1143 3298 qui
1162 3229 1457 3297 appellatur
1480 3230 1715 3295 Lucinae,
1821 3228 1985 3260 “"“"’
2008 3228 2348 3252 “’"“‘“"”“°
2369 3228 2527 3265 ⁶⁵Ψ¹⁹
2544 3228 2596 3247 "'
2613 3228 2837 3248 """""°'
2859 3228 3166 3250 ⁹“¹“¹⁹¹¹“⁵³
3191 3228 3395 3250 """""'

144 3321 502 3359 narmliAntpg-
534 3316 561 3355 δ
586 3320 650 3359 ml
681 3317 890 3359 hnamm
922 3317 1131 3359 Patrum
1157 3317 1520 3359 annnlnim-um
1571 3318 1718 3359 nrin-
1746 3259 1789 3319 Ο
1823 3306 2027 3359 regum,
2057 3287 2373 3353 aulisummt
2404 3285 2485 3341 vel
2514 3285 2768 3355 iudicum:
2802 3286 3030 3349 "unum!
3080 3300 3399 3356 quacunque

2014 3333 2027 3351 ,
2057 3327 2373 3353 ull-IUIID‘IIII,
2414 3327 2485 3341 Iv.
2514 3327 2768 3353 'uulvuulu’
2802 3327 3030 3349 IIu'IuIII’
3081 3327 3411 3353 \i‘I-Vu'l‘uv.

142 3321 505 3387 egredientes.
534 3316 561 3355 δ
585 3320 651 3370 ad
681 3317 891 3370 beatum
921 3317 1132 3371 Petrum
1157 3317 1521 3379 apostolorum
1571 3318 1718 3386 prin-

140 3413 343 3479 cipem,
375 3407 602 3462 Domino
630 3406 989 3475 supplicantes
1016 3422 1135 3461 eum
1159 3407 1372 3475 hymnis
1402 3416 1456 3461 et
1494 3410 1722 3463 canticis

140 3498 536 3564 spiritualihus.
565 3511 937 3565 properemus,
962 3508 1013 3551 ut
1041 3497 1259 3561 ibidem,
1284 3511 1434 3552 sacra
1468 3499 1723 3568 mysteria

138 3592 503 3657 celebrantes,
535 3598 640 3644 tam
669 3587 738 3644 de
758 3588 1142 3658 antiquioribus
1165 3602 1321 3657 quam
1355 3588 1422 3643 de
1440 3589 1723 3656 praesenti-

221 3724 427 3795 Fateu.
452 3723 497 3778 ll
518 3724 639 3795 lAl.
668 3722 705 3776 ι.
736 3737 794 3787 tt,
825 3721 932 3795 ind.
967 3721 1063 3795 ψ..
1085 3729 1203 3776 ante
1243 3738 1323 3790 ep.
1345 3719 1514 3795 _l]._—
1544 3731 1568 3759 ε
1601 3720 1711 3795 [loc

140 3793 485 3848 desideratur
514 3791 565 3847 in
597 3793 721 3846 Mss.
754 3792 988 3859 Anglie..
1023 3791 1204 3844 Norm.
1230 3799 1283 3846 et
1311 3791 1573 3859 plerisque
1601 3791 1715 3841 Va-

140 3867 241 3917 tic.
286 3863 499 3933 Legitur
538 3862 591 3915 in
632 3862 919 3933 Colher‘t,
947 3860 1225 3933 Vatic._A_.
1276 3860 1339 3921 Β,
1389 3859 1451 3924 C,
1494 3870 1718 3933 utroque

139 3929 380 3995 Turno;
406 3932 611 3986 scilicet
631 3933 687 3986 S.
716 3930 922 3984 Gatiani
951 3939 1007 3984 et
1040 3929 1250 3995 Majoris
1278 3930 1609 3982 monasterii.

220 4002 249 4039 δ
282 4002 623 4057 Consulatum
676 4000 910 4053 abolevit
939 3998 1267 4068 Justinianus
1304 3999 1437 4068 Aug.
1478 4013 1565 4052 an.
1592 3997 1714 4052 541.

142 4073 299 4125 Ilane
328 4072 637 4139 dignitatem
660 4070 942 4124 restituere
970 4070 1135 4123 voluit
1165 4067 1405 4122 Justinus
1432 4070 1721 4139 imperator

140 4148 273 4207 post
292 4138 669 4203 Justinianum,
693 4139 784 4192 sed
809 4138 959 4193 irrito
978 4148 1195 4192 conatu.
1221 4144 1465 4191 Attamen
1494 4138 1719 4207 impera~

137 4206 296 4264 tores
343 4210 540 4262 nudum
571 4208 876 4262 consulatus
905 4208 1132 4269 titulum,
1157 4222 1428 4261 assumere
1455 4206 1719 4269 solvbant,

135 4288 202 4333 ct
255 4279 393 4333 idem
418 4278 527 4332 fere
553 4286 664 4330 erat
694 4292 864 4331 annus
894 4278 1197 4347 consulatus
1218 4292 1279 4330 ac
1320 4277 1548 4347 imperii.
1582 4275 1724 4347 Lege

134 4348 429 4470 gngitltm,
452 4348 507 4403 in
528 4347 826 4411 Glossaiia,
858 4345 923 4399 ad
955 4347 1089 4401 hanc
1120 4361 1305 4401 vocem
1334 4346 1638 4399 Consulatus
1668 4345 1721 4400 et

223 4434 319 4469 nsu
351 4456 363 4469 .

223 4434 363 4469 nsut.

218 4486 427 4558 Foliam
459 4484 523 4538 Ill
548 4484 667 4558 [ΑΙἶ
687 4484 727 4538 l.
748 4500 804 4550 tt,
834 4486 941 4558 ind.
963 4488 1048 4549 10,
1073 4496 1190 4539 ante
1218 4502 1297 4555 ep.
1320 4489 1390 4558 η.
1411 4516 1481 4529 -
1501 4493 1525 4521 ει
1548 4485 1719 4539 Etiam

133 4570 290 4609 nunc
314 4556 508 4608 litania:
529 4554 836 4607 dividuntur
867 4554 918 4607 iu
950 4558 1167 4619 maiores
1213 4554 1263 4608 et
1295 4554 1537 4611 minores.
1585 4558 1713 4609 Nam

129 4637 267 4695 qua:
299 4623 655 4695 indiesancti
710 4622 869 4695 marci
921 4627 1220 4695 celebratur
1254 4638 1470 4680 vocatur
1527 4628 1713 4695 major,

131 4691 249 4744 etsi
276 4707 304 4742 a
348 4691 543 4744 litauiis
591 4692 957 4757 Rogationuut,
997 4709 1113 4760 qum
1170 4694 1414 4748 dicuntur
1463 4691 1713 4759 minores,

137 4760 464 4824 discrepare
516 4776 618 4811 non
660 4762 920 4813 videatur.
971 4765 1218 4815 Attamen
1264 4765 1313 4814 in
1366 4765 1711 4818 celeberrima

132 4827 319 4883 Sancti
349 4829 553 4882 Martini
586 4828 807 4881 huslica
852 4831 988 4898 apud
1020 4831 1262 4882 Turonos
1291 4848 1349 4885 ea
1394 4836 1479 4885 die
1509 4836 1559 4883 lit
1592 4833 1716 4884 lim-

130 4899 230 4951 m'a
260 4899 590 4966 septiformt’s,
616 4914 644 4950 a
676 4909 877 4961 septem
919 4902 1098 4952 choris
1127 4914 1220 4965 per
1273 4902 1488 4953 totidem
1539 4913 1715 4966 portas

130 4967 339 5021 eodem
398 4976 633 5034 tempore
684 4967 952 5020 basilicam
1002 4968 1353 5031 intrantibus,
1407 4979 1459 5021 et
1510 4969 1718 5024 litanias

133 5037 556 5090 tlecantantibus
588 5052 602 5101 ;
634 5035 773 5101 quod
807 5036 1033 5091 fortasse
1064 5037 1187 5091 alibi
1218 5038 1378 5091 etiam
1411 5054 1507 5091 usu
1537 5055 1716 5103 recep-

133 5116 259 5158 tum
293 5113 429 5159 erat.
458 5106 586 5158 Hinc
617 5106 847 5159 litaniam
881 5107 1136 5173 majorem
1170 5108 1410 5161 eamdem
1445 5108 1605 5161 fuisse
1653 5124 1717 5161 ac

128 5174 511 5243 septilortneni
544 5175 899 5243 suspicamur,
951 5187 1132 5229 contra
1165 5177 1529 5230 Gussanvillu'i
1562 5192 1714 5228 ruen-

127 5256 275 5307 tem,
301 5243 454 5311 cujus
486 5246 599 5310 lege
627 5243 918 5312 Subjectam
968 5256 1165 5299 notam.
1200 5247 1331 5298 Male
1372 5248 1422 5298 in
1467 5246 1716 5298 omnibus

120 5315 541 5380 cxemplarubus
562 5314 821 5366 letantum.
846 5315 1044 5367 Graecis
1063 5317 1169 5374 λιτὴ
1192 5326 1244 5370 et
1266 5316 1505 5380 λιτανέια,
1523 5316 1713 5378 oratio,

122 5383 403 5451 precatio.
435 5382 771 5450 supplicatio.
805 5383 1050 5445 Basilius,
1077 5386 1234 5451 epist.
1268 5386 1359 5447 (55,
1387 5386 1622 5437 litaniatn
1648 5386 1714 5437 de

120 5464 240 5515 qua
291 5449 377 5502 llic.
406 5449 626 5515 mentio,
660 5453 1040 5518 distinguerent
1088 5449 1469 5519 aiscptil'ormi,
1521 5456 1587 5507 de
1610 5470 1711 5521 qna

118 5535 313 5571 scrin.
364 5521 413 5572 in
467 5531 704 5587 tempore
752 5521 1105 5574 mortalitatis.
1158 5523 1323 5590 Major
1373 5524 1438 5576 de
1479 5540 1578 5590 qua
1631 5525 1713 5576 hic

117 5590 365 5660 mentio,
394 5591 600 5643 videtur
630 5591 679 5641 in
716 5606 809 5643 usu
837 5592 998 5644 fuisse
1024 5602 1147 5644 ante
1180 5594 1417 5659 Gregorii
1448 5604 1708 5660 tempora,

115 5657 399 5724 quidquid
426 5660 565 5711 dicat
597 5661 891 5723 lluraiidus,
924 5677 1025 5713 non
1057 5657 1341 5715 advertens
1371 5665 1483 5715 hate
1511 5657 1667 5716 verba
1693 5657 1705 5715 ἐ

120 5730 276 5800 Qna’
305 5730 469 5789 maior
515 5731 574 5780 ab
613 5730 841 5800 antinous
888 5730 1195 5798 appellatur.
1240 5732 1315 5785 De
1345 5730 1539 5785 Iitaniis
1578 5748 1709 5800 quas

114 5796 431 5852 Mamertus
482 5799 814 5863 te«tautavit,
843 5796 1003 5869 agens
1032 5800 1282 5854 Sidonius
1312 5802 1507 5871 Apoll.,
1551 5796 1708 5871 epist,

1803 594 2003 649 referre
2035 594 2225 660 gratias
2252 603 2569 644 mereamur.

1804 709 1888 764 IV.
1925 718 1951 745 ιι
1986 707 2315 776 Privilegium
2359 702 2665 756 monasterio
2711 701 2873 755 sancti
2917 698 3151 753 Medardi
3178 714 3380 755 coaces-

2527 789 2658 825 sum.

1806 890 1880 938 De
1905 889 2130 937 Gairaldo
2150 887 2323 935 abbate
2346 887 2495 933 sancti
2524 883 2759 937 Modardi,
2787 889 2833 929 ct
2856 881 2916 926 de
2944 881 3071 928 illius
3088 881 3381 928 monasterio

1899 950 2239 1000 Sttessionensi
2262 984 2275 1007 ,
2301 947 2426 1008 quod
2451 945 2756 1007 amplissimis
2781 942 3049 1003 privilegiis
3072 943 3283 989 decorat.

1881 1031 2169 1101 Gregorius
2194 1030 2443 1083 omnibus
2464 1026 2753 1094 episcopis.

1881 1119 2286 1174 Pretiosissimis
2306 1116 2572 1185 lapidibus
2598 1117 2649 1169 in
2668 1114 2965 1169 diademate
2977 1111 3173 1166 Christi
3193 1112 3383 1164 mcritt)

1808 1207 2183 1271 renitentibus,
2214 1205 2567 1273 omnibusque
2588 1213 2787 1258 sancta:
2815 1204 2908 1257 Dei
2942 1202 3192 1256 Ecclesia:
3223 1217 3393 1253 meni-
3426 1270 3427 1273 η

1809 1299 1944 1366 bris,
1974 1313 2199 1367 quorum
2236 1296 2533 1350 universale
2556 1306 2715 1364 caput
2745 1305 2827 1349 est
2848 1294 3114 1358 Christus,
3167 1295 3381 1365 1285

1812 1388 2105 1457 Gregorius
2129 1387 2245 1441 licet
2262 1396 2462 1441 sancta:
2490 1387 2743 1439 llontauaz
2768 1385 2910 1440 sedis
2929 1384 3201 1453 pontiﬁcio
3222 1387 3385 1440 subli

1772 1524 1788 1537 .
1812 1487 2009 1545 metor,
2036 1475 2364 1530 humillimus
2387 1482 2560 1529 tamen
2588 1487 2861 1528 servorum
2895 1471 2985 1526 Dei
3007 1488 3217 1529 servus.

1882 1569 2103 1638 Quando
2132 1568 2516 1624 catholicorum
2548 1578 2730 1634 regum
2752 1565 2911 1620 corda
2933 1564 2998 1619 ad
3020 1579 3081 1620 ea
3112 1579 3227 1633 quae
3254 1578 3387 1632 pon-

1814 1662 2098 1718 tilicalibus
2124 1671 2248 1714 sunt
2276 1660 2491 1714 monitis
2531 1656 2864 1727 provocanda
2896 1658 2968 1712 ita
2994 1657 3201 1711 ardenti
3246 1655 3389 1710 desi-

1813 1752 1961 1806 derio
1990 1752 2171 1806 divina
2201 1752 2560 1818 praeveniente
2584 1750 2751 1819 gratia
2780 1748 3204 1815 succenduntur,
3234 1757 3292 1801 ut
3321 1748 3389 1802 ab

1816 1841 1895 1895 eis
1924 1840 2060 1894 ultro
2088 1848 2394 1908 poscuntur,
2424 1848 2569 1893 tanto
2598 1838 2758 1893 alacri
2789 1844 2843 1893 et
2879 1837 3003 1892 laeto
3042 1846 3167 1891 sunt
3213 1837 3389 1890 animo

1817 1929 2182 1994 concedenda,
2200 1936 2398 1998 quanto
2411 1938 2462 1983 et
2483 1944 2544 1983 ea
2572 1929 2687 1994 ipsa
2712 1943 2830 2003 qua:
2852 1928 3093 1997 cupiunt,
3123 1927 3166 1981 si
3191 1927 3392 1981 nollent

1814 2022 2008 2085 facere,
2034 2021 2139 2088 peti
2167 2019 2479 2073 debuerant.
2507 2017 2734 2072 Proinde
2754 2018 2904 2087 juxta
2929 2017 3156 2073 liliorum
3181 2028 3392 2070 nostro-

1814 2127 1930 2166 rum
1960 2110 2568 2181 prtncellentissimorum
2601 2112 2791 2179 scripta
2824 2125 3006 2180 regum
3037 2109 3393 2163 Brunichildis

1813 2214 1877 2252 ae
1904 2198 2112 2267 nepotis
2151 2198 2269 2268 ejus
2308 2198 2656 2264 Theoderici,
2689 2199 3011 2253 monasterio
3054 2209 3254 2252 sancta:
3301 2197 3393 2252 Dei

1812 2288 2089 2357 genitricis
2142 2288 2351 2352 Mariae,
2403 2304 2468 2342 ae
2519 2288 2792 2342 beatorum
2845 2287 2985 2342 Petri
3035 2288 3393 2353 apostolorum

1814 2380 2091 2451 principis,
2136 2395 2342 2435 necnon
2392 2381 2803 2457 protomartyris
2866 2378 3061 2435 Christi
3114 2380 3393 2449 Stephani.

1815 2472 1955 2543 quod
1997 2479 2080 2526 est
2110 2473 2162 2525 in
2209 2472 2523 2527 Suessorum
2573 2472 2787 2525 civitate
2833 2472 3017 2535 situm,
3056 2471 3143 2524 ubi
3182 2480 3397 2524 sanctus

1816 2562 2101 2620 Medardus
2145 2562 2482 2630 requiescere
2528 2570 2584 2614 et
2631 2560 2713 2614 vir
2758 2558 3077 2613 venerabilis
3118 2557 3398 2613 Gairaldus

1815 2656 1981 2710 abbas
2010 2667 2246 2723 praeesse
2274 2653 2501 2716 videtur,
2534 2650 2835 2721 hujusmodi
2863 2650 3136 2719 privilegia
3164 2649 3398 2704 auctori-

1820 2747 1941 2801 tatis
1971 2754 2166 2800 nostraa
2193 2744 2408 2797 decreto
2431 2742 2787 2812 indulgemus,
2812 2750 2866 2795 et
2887 2755 2951 2795 ea
2978 2740 3185 2808 plenius
3200 2741 3396 2794 conﬁr-

1820 2850 2028 2890 mamus
2050 2834 2325 2904 privilegia
2349 2847 2467 2902 qum
2493 2848 2521 2886 a
2544 2833 2697 2886 boote
2727 2832 2999 2887 memoriae
3019 2830 3238 2884 domino
3265 2846 3397 2899 papa

1816 2923 2039 2989 Joanne,
2064 2924 2351 2978 comitante
2380 2922 2657 2976 illustrium
2679 2936 2858 2991 regum
2887 2919 3191 2982 clementia,
3213 2920 3385 2974 Clota-

1820 3015 1888 3070 rii
1916 3015 2115 3070 scilicet
2142 3022 2196 3068 et
2223 3012 2482 3081 Sigebrrti
2506 3012 2659 3080 hujus
2690 3022 2884 3066 nostra:
2908 3010 3031 3064 ﬁlia:
3051 3009 3267 3080 jugalis,
3297 3009 3397 3079 ipsi

1821 3107 1939 3162 loco
1967 3107 2067 3161 sub
2092 3106 2448 3160 anathematis
2482 3104 2685 3158 vincula
2716 3113 2838 3157 sunt
2885 3118 3135 3158 concessa
3184 3104 3265 3158 vel
3312 3103 3396 3157 iu-

1821 3200 1985 3260 dulta,
2008 3195 2348 3252 concedimus
2369 3204 2527 3265 atque
2544 3195 2837 3248 ﬁrmamus.
2858 3196 3166 3250 Statuentcs
3191 3195 3395 3250 nullum

1824 3381 2101 3452 prmditum
2132 3380 2407 3447 dignitate,
2437 3393 2499 3432 ea
2527 3393 2644 3447 qua!
2665 3394 2693 3431 a
2724 3377 3226 3447 praecellentissimis
3259 3380 3397 3448 regi-

1826 3476 1924 3529 hus
1951 3472 2035 3527 vel
2065 3471 2388 3541 quibuslibet
2417 3470 2536 3525 aliis
2568 3469 2734 3525 Deum
2764 3469 3072 3524 timentibus
3104 3470 3222 3524 loco
3264 3484 3403 3525 con-

1827 3582 1977 3623 cessa
2004 3573 2128 3623 sunt
2154 3565 2236 3621 vel
2265 3563 2624 3631 conferentur,
2655 3563 2756 3620 sub
2794 3564 3078 3635 cujuslibet
3101 3565 3398 3623 occasionis

1821 3719 1909 3784 Η,
1941 3722 2032 3774 lib.
2061 3736 2109 3783 ν,
2144 3723 2381 3789 agnosc‘t
2404 3733 2496 3774 eas
2524 3722 2679 3787 longe
2704 3732 2858 3774 antea
2882 3719 3043 3775 fuisse
3065 3721 3117 3776 in
3148 3736 3275 3787 usu;
3300 3724 3393 3778 sed

1820 3805 1998 3859 vagas,
2027 3800 2285 3856 tepentes,
2312 3793 2692 3855 intrequcutes,
2746 3792 3143 3856 oscitabundus,
3172 3801 3229 3844 ut
3258 3808 3397 3849 nunc

1824 3862 1882 3911 lit
1911 3859 2047 3925 apud
2078 3875 2173 3914 nos
2199 3869 2291 3913 aut
2314 3862 2488 3928 populi
2544 3862 2671 3914 vitio
2700 3871 2794 3913 aut
2834 3862 3038 3914 incuria
3100 3871 3391 3929 pastorum.

1823 3929 2250 3999 Justiniauusﬁn
2286 3931 2637 3992 Authenticis,
2671 3929 2997 3997 novell.125,
3022 3944 3140 3999 cap.
3174 3932 3265 3998 32,
3299 3949 3397 3989 ve—

1826 4007 1903 4051 tat
1926 4000 2134 4052 litanias
2159 3998 2273 4053 lleri
2302 4000 2417 4054 sine
2444 4002 2715 4068 episeopo,
2748 4002 2957 4054 clericis
2996 4010 3048 4054 et
3072 3998 3238 4056 sacris
3267 4019 3394 4058 cru-

1827 4069 1999 4122 cihus.
2031 4069 2165 4133 Quid
2197 4069 2406 4123 litanias
2429 4081 2631 4124 niteret
2654 4073 3023 4138 processiones
3048 4071 3275 4135 intersit,
3309 4074 3396 4127 it.-

1826 4153 2051 4191 nuemus
2086 4138 2240 4202 inira,
2275 4139 2359 4191 ubi
2390 4139 2457 4193 de
2485 4142 2658 4193 missis
2707 4139 2947 4205 publicis.
2982 4140 3246 4196 Cassam.
3277 4143 3396 4198 An-

1826 4209 1933 4275 tiqu
1956 4207 2619 4262 ssitnumesselitaniarum
2643 4224 2735 4263 seu
2758 4212 3201 4278 suppliettionum
3228 4213 3395 4278 publi-

1824 4292 2188 4399 carumigsum
2222 4279 2410 4344 prohat
2454 4290 2668 4332 sanctus
2722 4280 3057 4346 Ambrosius,
3114 4280 3271 4349 epist.
3304 4283 3394 4348 40,

1825 4362 1973 4399 num.
2072 4385 2087 4399 .

1825 4362 1973 4401 num.
2000 4362 2087 4399 ιυ.

1895 4414 2203 4482 bSuperius
2253 4415 2449 4485 legitur
2494 4417 2607 4471 ha‘e
2652 4418 2833 4471 litania
2892 4419 3026 4472 facta
3080 4418 3132 4472 in
3180 4419 3393 4474 basilica

1826 4495 2022 4556 sancta:
2056 4486 2251 4551 Maritc,
2285 4498 2341 4540 et
2369 4487 2454 4540 hie
2481 4488 2532 4540 in
2570 4490 2797 4541 ecclesia
2847 4489 3013 4541 sancti
3047 4490 3208 4551 Petri,
3252 4491 3393 4556 quod

1826 4555 1962 4609 hanc
1983 4556 2219 4609 chartam
2241 4557 2415 4611 dubire
2444 4556 2561 4611 ﬁdei
2590 4557 2781 4611 reddat.
2804 4559 3030 4613 Aliunde
3056 4560 3121 4611 ab
3145 4555 3393 4612 omnibus

1822 4640 1957 4693 pene
1989 4628 2113 4679 Mss.
2169 4627 2336 4691 abest,
2368 4638 2423 4681 et
2471 4627 2559 4695 qui
2588 4643 2703 4681 eam
2734 4628 2931 4682 habent
2961 4628 3184 4683 Codices
3238 4632 3392 4697 pauci

1822 4705 1944 4748 sunt
1974 4697 2315 4749 recentiores.

1896 4765 2095 4837 Pascit.
2135 4766 2223 4819 IV.
2246 4795 2314 4804 --
2344 4774 2369 4801 η
2414 4766 2486 4820 De
2516 4766 2616 4820 hoc
2646 4765 2919 4837 privilegio
2948 4766 3036 4820 diu
3061 4765 3391 4822 decertatum

1824 4836 2014 4915 e~t..|n
2047 4837 2206 4889 nullis
2256 4836 2382 4889 Mss.
2431 4838 2582 4890 nobis
2619 4836 2873 4903 occurrit,
2903 4847 3126 4905 excepto
3173 4853 3276 4892 uno
3306 4837 3393 4890 Vi-

1820 4914 2049 4958 ctortno.

1895 4975 1972 5026 Ex
2005 4975 2095 5045 liis,
2112 4974 2198 5042 qui
2231 4983 2385 5029 notas
2406 4974 2459 5028 in
2488 4974 2841 5044 Gregorianas
2870 4976 3123 5045 epistolas
3156 4976 3393 5043 scripse-

1822 5052 1982 5119 runt,
2041 5044 2539 5119 Alteserrahipsum
2601 5044 2915 5119 propugnat.
2974 5046 3142 5101 Aliter
3194 5048 3394 5101 sentire

1822 5111 2028 5183 videtur
2057 5115 2511 5176 Gussanvillteus,
2542 5115 2640 5168 etsi
2686 5111 2941 5183 judicium
2994 5122 3132 5171 terre
3167 5132 3268 5171 nOu
3300 5130 3391 5169 au-

1821 5179 1961 5233 deat.
2011 5180 2063 5233 lu
2095 5183 2571 5251 subscriptionibns
2627 5179 2786 5239 multa
2840 5194 3016 5239 errata
3064 5187 3391 5252 deprehendi

1819 5258 2043 5323 constat,
2077 5261 2222 5323 utex
2277 5255 2414 5307 notis
2464 5256 2841 5323 marginalihus
2892 5255 3113 5323 Philippi
3169 5255 3389 5321 Labbei,

1821 5325 1967 5400 torno
2002 5318 2034 5369 ν
2067 5320 2294 5400 (ξᾳηςείιη
2323 5338 2428 5376 εον.
2467 5318 2635 5400 1585,
2671 5327 2861 5400 liquet.
2885 5318 3104 5400 Comiti
3137 5318 3392 5400 omnibus

1820 5387 1987 5467 Editi.
2016 5390 2354 5467 epistol-arum
2385 5396 2552 5446 sancti
2583 5387 2823 5467 Gregorii
2852 5397 3023 5467 locum
3066 5397 3257 5450 habeat
3287 5397 3392 5452 hoc

1819 5456 2167 5537 privileg'iin‘n,
2190 5460 2314 5537 illud
2339 5463 2387 5512 in
2415 5456 3039 5537 appettdicevservandum
3060 5467 3389 5521 censuimus.

1817 5527 1932 5604 tilia
1967 5527 2239 5604 privilegia
2262 5538 2508 5604 assueto
2530 5535 2779 5604 iregorio
2805 5550 3060 5590 concessa
3080 5537 3201 5590 vide
3227 5551 3388 5601 supra

1817 5596 1908 5677 lib.
1944 5611 2059 5677 xtn,
2091 5601 2246 5664 epist.
2282 5601 2337 5677 δῖ
2366 5599 2418 5667 9,
2451 5601 2535 5652 10.
2560 5596 2947 5677 Deprivilegio
2976 5596 3387 5661 Sublacensibus

1813 5670 2036 5746 delphin
2066 5682 2170 5746 quo
2192 5670 2371 5735 regula
2390 5670 3244 5746 sanctilienedieti'approhatur,
3270 5682 3387 5745 lege

1816 5738 2193 5803 Mabillonium,
2227 5750 2353 5794 tom.
2390 5740 2429 5794 ll
2464 5740 2729 5806 Analect.,
2755 5757 2808 5812 p.
2843 5738 2991 5800 tuo“:
