3956 6378
551 368 674 422 1331

1510 373 1842 431 APPENDIX
1886 378 1973 429 AD
2014 380 2071 433 S.
2116 376 2439 432 GllEGOBll
2481 374 2870 435 El’iSTOLAS.

3684 378 3809 433 1733

544 487 741 552 specie,
763 488 1001 542 minuere
1022 490 1106 543 vel
1128 488 1354 554 auferre,
1379 491 1461 544 vel
1486 490 1592 544 suis
1611 490 1791 544 usibus
1814 492 2111 559 applicare;
2143 496 2194 551 Α
2222 491 2461 558 tegritate
2496 491 2816 546 teternaliter
2844 491 2979 545 facta
3031 491 3387 560 prteceptione
3429 490 3593 560 juxta
3649 492 3801 547 ﬁnem

544 576 638 628 sed
688 586 875 629 cuncta
905 592 1021 645 qua:
1053 578 1164 633 Deo
1218 579 1569 633 servientibus
1618 581 1891 634 monachis
1944 584 2117 637 oblata

545 678 668 720 sunt
698 668 779 722 vel
820 669 999 724 offerri
1032 672 1313 739 contigerit
1361 674 1577 740 perenni
1640 683 1876 740 tempore
1917 675 2114 728 illibata

543 768 596 811 et
620 759 734 813 sine
764 758 938 828 aliqua
969 760 1331 828 inquietudine
1359 763 1597 817 volumus
1628 765 1904 832 possideri,
1931 780 2114 819 eorum

544 848 730 902 usibus
760 864 855 918 pro
883 864 1105 918 quorum
1136 851 1517 905 sustentationc
1538 867 1787 906 concessa
1804 862 1925 906 sunt
1950 855 2118 908 modis

543 938 789 992 omnibus
830 939 1118 1007 profutura.
1175 939 1528 995 Concedimus
1577 942 1737 996 etiam
1793 954 1847 997 ut
1889 944 2118 999 obeunte

546 1029 756 1094 abbate,
791 1046 892 1083 non
923 1031 1055 1083 alius
1094 1031 1161 1084 ibi
1214 1030 1513 1100 quicunque
1555 1035 1880 1099 obreptionis
1927 1036 2116 1088 asuttia

545 1119 837 1184 ordinetur,
871 1121 968 1173 nisi
999 1136 1153 1189 quem
1185 1122 1480 1175 communis
1506 1137 1805 1178 consensus
1831 1126 2119 1178 monacho-

546 1224 661 1263 rum
692 1211 927 1280 elegerit,
986 1221 1075 1265 aut
1132 1212 1429 1278 prmviderit
1473 1214 1847 1271 ordinandum.
1885 1215 2118 1270 Caveant

544 1312 718 1355 autem
751 1300 947 1369 prmfati
1005 1302 1246 1354 monachi
1306 1302 1647 1357 simoniacam
1708 1304 1975 1370 haeresim,
2028 1320 2116 1368 ne,

546 1392 776 1462 potentia
807 1409 985 1460 regunt
1014 1393 1089 1445 vel
1118 1395 1410 1446 antistitum
1451 1396 1700 1459 convicti,
1729 1396 1846 1449 loco
1892 1397 2117 1464 pastoris

544 1483 831 1550 suscipiant
863 1493 1166 1553 tyrannum.
1195 1484 1345 1551 Quod
1372 1486 1588 1539 omnino
1613 1485 1725 1539 ﬁeri
1756 1486 2117 1554 prohibemus,

542 1582 596 1626 et
626 1573 870 1627 eumdem
903 1574 1145 1628 abbatem
1178 1590 1335 1628 causa
1378 1576 1723 1630 ordinationis
1772 1594 1879 1631 suae
1924 1579 2117 1647 aliquid

542 1663 673 1717 dare
702 1679 1025 1731 prmsumere
1056 1673 1321 1729 velamus,
1357 1682 1423 1721 ne
1476 1667 1571 1721 hac
1602 1668 1879 1723 occasione
1928 1684 2045 1737 qua:
2090 1685 2118 1722 a

545 1753 789 1808 fidelibus
822 1755 917 1821 piis
948 1756 1077 1809 locis
1104 1755 1394 1810 offeruntur
1418 1758 1499 1811 vel
1534 1758 1705 1811 oblata
1739 1768 1890 1823 sunt,
1925 1774 2117 1812 consu-

2221 584 2432 653 Alpium
2461 585 2701 652 contulit,
2736 595 2790 640 et
2818 586 3013 640 multos
3039 586 3171 641 alios
3199 588 3403 641 reditus
3434 597 3709 641 terrarum
3740 592 3804 643 ob

2220 673 2357 728 hanc
2382 689 2593 729 causam
2624 676 2908 746 delegavit,
2939 678 3073 731 sitos
3102 678 3151 730 in
3181 678 3421 747 ejusdem
3446 679 3667 734 itineris
3690 696 3804 744 spa-

2220 764 2311 817 tio.
2346 764 2622 819 Tusiacum
2646 780 2775 820 vero
2807 775 2860 820 et
2888 766 3223 821 Mortinetum
3253 768 3407 821 ﬁscos
3446 769 3635 838 regios
3665 785 3805 823 cout-

2221 857 2449 912 tnuniter
2475 858 2540 911 ad
2570 858 2828 927 stipendia
2856 860 3076 911 fratrum
3105 859 3272 923 dedit,
3306 870 3357 913 et
3386 860 3455 913 ita
3487 876 3690 915 omnes
3716 863 3801 914 vii.

2221 946 2299 1000 las
2329 946 2438 1000 Deo
2479 956 2533 1001 et
2560 956 2742 1001 sancto
2771 947 3018 1001 Medardo
3062 947 3301 1013 traditas,
3354 950 3437 1002 vel
3488 950 3801 1015 tradendas,

2218 1051 2311 1089 sua
2343 1038 2695 1107 praaceptione
2717 1038 2997 1101 conclusit,
3034 1048 3089 1091 ut
3115 1040 3417 1107 quicunque
3444 1055 3615 1108 super
3640 1050 3803 1095 terras

2219 1125 2418 1179 domini
2458 1126 2687 1180 Medardi
2738 1126 2978 1180 habitare
3017 1128 3263 1191 voluerit,
3294 1130 3371 1181 vel
3404 1131 3643 1194 sti-terit,
3701 1132 3803 1184 sive

2218 1232 2402 1271 servus
2427 1219 2539 1271 sive
2582 1220 2732 1282 liber,
2760 1234 3123 1289 cujuscunque
3150 1223 3216 1275 sit
3238 1262 3251 1283 ,
3284 1223 3504 1278 alterius
3562 1225 3802 1278 dominio

2221 1308 2476 1377 privetur,
2504 1320 2555 1363 et
2584 1322 2780 1364 sancta:
2826 1310 3109 1365 Genitricis
3154 1312 3371 1365 servitio
3415 1323 3658 1381 aptetur,
3712 1332 3803 1370 nec

2220 1400 2356 1451 ultta
2387 1399 2638 1453 redeundi
2668 1400 2931 1454 licentiam
2960 1400 3170 1455 habeat.
3205 1402 3354 1468 Quod
3381 1403 3425 1455 si
3469 1404 3693 1471 fugerit,
3725 1422 3803 1460 re-

2222 1496 2434 1553 putetur
2462 1499 2516 1540 ut
2542 1502 2730 1541 servus
2756 1503 2895 1542 nunc
2920 1489 3141 1555 ejusque
3171 1500 3366 1543 sanetae
3392 1490 3487 1543 Dei
3526 1492 3797 1545 [ῖς-(διεξίω.

2224 1579 2299 1631 De
2326 1579 2575 1631 altaribus
2604 1593 2813 1647 quoque
2837 1578 2982 1647 juxta
3013 1579 3393 1633 institutionem
3425 1580 3631 1633 domini
3657 1597 3802 1649 papa:

2220 1666 2436 1721 Joannis
2483 1669 2767 1735 apostolica
2799 1670 3114 1724 auctoritate
3143 1670 3561 1735 conﬁrmamus,
3613 1682 3671 1725 ut
3719 1674 3799 1741 qui

2222 1756 2380 1811 fuerit
2408 1768 2583 1813 rector
2614 1758 2817 1826 praefati
2866 1759 3193 1821 monasterii,
3228 1759 3318 1812 ﬁat
3359 1770 3629 1828 praeterea
3675 1763 3801 1815 alta-

543 1854 779 1897 mantur.
811 1845 875 1897 Et
898 1846 1016 1912 quia
1045 1845 1181 1900 fama
1207 1848 1478 1917 religionis
1502 1848 1609 1901 Deo
1631 1848 1972 1903 servientium
2000 1863 2113 1901 mo-
2148 1850 2194 1908 B
2224 1849 2358 1901 rium
2391 1850 2603 1916 prmsul,
2632 1859 2685 1903 et
2716 1850 2949 1903 omnium
2989 1850 3331 1903 ecclesiarum
3379 1849 3481 1904 sibi
3526 1854 3800 1919 pertinen-

544 1935 835 1990 nachornm
868 1946 1073 1989 nostras
1101 1938 1334 2004 pervenit
1361 1938 1426 1991 ad
1454 1951 1633 2003 aures,
1666 1939 1854 2007 quibus
1884 1940 1964 1992 vir
1992 1940 2111 1993 vitm

544 2032 862 2084 vener.-bilis
895 2030 1172 2086 Gairaldus
1200 2048 1429 2100 prmesse
1460 2034 1811 2102 dignoscitur,
1835 2033 1992 2102 justis
2022 2048 2113 2101 pe-

546 2122 818 2175 titionibus
865 2124 1469 2190 praecellentissimorum
1522 2140 1702 2194 regum
1761 2124 2113 2179 Brunichildis

543 2220 701 2278 atque
737 2211 1047 2265 Theoderici
1089 2211 1361 2278 faventes,
1397 2215 1464 2265 ob
1494 2229 1725 2268 amorem
1760 2215 1957 2268 domini
2007 2216 2113 2270 Me-

544 2298 715 2361 dardi,
748 2308 945 2352 tantam
977 2302 1133 2354 divini
1168 2301 1382 2355 honoris
1417 2302 1729 2370 dignitatem
1760 2314 1812 2356 et
1856 2305 2115 2358 securita-

544 2398 651 2442 tem
682 2392 1022 2444 concedimus
1051 2394 1265 2460 perenni
1300 2404 1534 2460 temrore
1565 2411 1886 2450 mansuram.
1919 2397 2116 2451 Aucto-

545 2477 698 2533 ritate
741 2480 896 2546 igitur
951 2482 1155 2543 divina,
1204 2483 1315 2537 vice
1366 2483 1505 2536 beati
1558 2485 1698 2537 Petri
1752 2487 2111 2553 apostolorum

547 2570 820 2636 principis,
850 2585 1111 2623 consensu
1154 2574 1385 2624 omnium
1424 2573 1776 2627 Romanorum
1810 2575 2111 2642 pontificum

544 2669 597 2713 et
626 2660 899 2714 voluntate
932 2662 1093 2713 totius
1123 2669 1337 2713 senatus
1369 2660 1623 2725 Romani,
1656 2663 1915 2717 suadente
1964 2664 2116 2718 nobis

546 2751 660 2804 viro
685 2751 971 2819 apostolico
993 2740 1249 2804 Anserfco
1289 2752 1603 2805 Suessorum
1654 2754 1798 2806 urbis
1844 2756 2115 2822 pontiﬁce,

546 2848 599 2893 et
623 2840 857 2892 omnium
911 2838 1095 2892 Gallia:
1122 2838 1493 2905 episcoporum
1526 2839 1732 2894 favente
1758 2841 1975 2908 judicio,
2027 2842 2117 2895 de-

546 2932 812 2985 cernimus
842 2941 899 2983 ut
940 2931 1115 2983 nullus
1147 2930 1690 2997 archiepiscOporum,
1720 2931 1801 2985 vel
1849 2933 2117 2986 archidia-

544 3035 796 3074 conorqu
825 3019 1016 3073 fratres
1046 3020 1276 3086 pra'fata:
1309 3020 1536 3073 basilicas
1566 3020 1633 3073 de
1664 3022 1999 3075 ordinatione
2038 3022 2119 3076 sui

547 3112 753 3165 abbatis
807 3113 887 3165 \el
935 3111 1412 3165 ecclesiasticorum
1464 3110 1718 3179 graduum
1764 3113 2121 3180 assumptione

2217 1938 2370 2003 tium,
2401 1948 2455 1992 et
2485 1939 2608 1993 inde
2636 1940 2973 2007 praefatorum
3003 1950 3310 1993 sanctorum
3342 1940 3621 2007 praecipuo
3646 1942 3798 1995 altari

2215 2028 2491 2081 luminaria
2523 2030 2893 2094 exhibeantur,
2925 2040 2976 2083 et
3021 2030 3350 2098 hospitalitas
3390 2033 3793 2098 peregrinorum

2217 2133 2335 2173 cum
2361 2120 2653 2173 reverentia
2677 2128 2880 2189 agatur.
2905 2118 3283 2189 Subjungimus
3301 2121 3512 2173 etaliud
3538 2121 3794 2188 edictum,

2218 2210 2259 2261 s';
2291 2223 2447 2261 causa
2472 2209 2712 2277 capitalis
2737 2209 2972 2262 criminis
2992 2210 3156 2263 abbas
3184 2219 3265 2263 est
3292 2210 3668 2277 deponendus,
3695 2228 3796 2264 non

2219 2301 2365 2367 prius
2394 2302 2726 2369 deponatur,
2757 2301 2927 2354 donec
2956 2300 3286 2368 depositores
3324 2303 3680 2369 apostolicam
3711 2318 3796 2355 au-

2219 2390 2519 2445 ctoritatem
2571 2391 2866 2459 requirant,
2899 2399 2954 2444 et
3000 2390 3068 2443 ita
3107 2390 3214 2442 sint
3260 2399 3369 2444 tres
3403 2392 3797 2459 metropolitani

2217 2496 2339 2534 cum
2389 2479 2737 2549 sulfraganeis
2783 2483 2891 2533 suis
2942 2488 2998 2534 et
3041 2480 3262 2533 abhates
3311 2483 3714 2549 quamplurimi.
3748 2484 3796 2536 lu

2218 2572 2337 2637 ipso
2362 2580 2537 2623 autem
2566 2569 2793 2624 concilio
2820 2580 3159 2624 accusatores
3182 2572 3548 2639 unusquisque
3580 2587 3702 2626 cum
3726 2590 3795 2626 xu

2219 2662 2442 2715 testibus
2470 2671 2763 2730 praesentes
2787 2662 3057 2724 assistant,
3083 2669 3136 2714 et
3161 2660 3232 2714 ita
3256 2662 3367 2713 veri
3389 2662 3578 2729 judicii
3606 2666 3797 2717 exami-

2220 2766 2287 2804 ne
2319 2751 2543 2819 probent
2570 2766 2629 2805 se
2657 2751 2873 2815 vidisse,
2909 2760 2966 2802 ut
2992 2750 3240 2805 audiente
3268 2751 3499 2805 concilio
3528 2752 3796 2807 obtesten-

2221 2849 2326 2894 tur.
2356 2840 2433 2892 Ad
2467 2841 2705 2893 ultimum
2735 2855 2862 2894 vero
2888 2841 3002 2909 ipse
3032 2840 3196 2894 abbas
3221 2841 3457 2895 rationes
3484 2857 3596 2894 sure
3639 2860 3796 2897 excu-

2220 2932 2441 2985 sationis
2469 2932 2685 2993 reddat,
2717 2939 2769 2984 et
2791 2931 3117 2999 jurejurandi
3146 2943 3301 3000 pacto
3329 2948 3492 2999 supra
3524 2949 3799 2988 sacrorum

2221 3024 2469 3091 mysteria
2493 3032 2719 3091 quatuor
2743 3023 3143 3091 Evangeliorum
3165 3023 3479 3077 satisfaciat.
3505 3026 3653 3079 Tunc
3680 3044 3803 3081 vero

2222 3112 2268 3165 si
2294 3114 2567 3167 convictus
2595 3112 2772 3174 fuerit,
2795 3114 3123 3167 correctione
3140 3113 3469 3181 deponatur;
3498 3116 3581 3167 sin
3605 3128 3801 3178 autem,

549 3204 834 3273 inquietet,
877 3205 967 3258 sed
1018 3203 1307 3258 secundum
1359 3202 1759 3270 praerogativam
1806 3201 1968 3269 ipsius
2014 3202 2114 3255 loci
2144 3200 2188 3261 C
2219 3219 2314 3256 suo
2341 3204 2526 3255 honori
2550 3204 2816 3265 reddatur,
2841 3210 2893 3255 et
2914 3202 3284 3257 ecclesiasticae
3305 3203 3586 3272 dignitatis
3607 3217 3800 3273 mysze-

546 3297 694 3348 vobis
725 3298 879 3347 modo
912 3294 1212 3354 recitatam,
1244 3291 1534 3345 beatissimi
1566 3291 1975 3358 praedecessoris
2019 3306 2114 3343 no-

546 3386 640 3440 stri
666 3386 861 3439 domini
903 3386 1117 3439 Joannis
1142 3401 1288 3453 papa:
1315 3394 1551 3453 tempore
1578 3384 1870 3449 decretam,
1908 3384 2117 3453 1286

549 3488 604 3530 ct
630 3479 917 3546 apostolica
951 3479 1260 3531 auctoritate
1295 3479 1554 3531 ﬁrmatam
1574 3515 1589 3539 ,
1618 3476 2003 3529 Ordinationent
2034 3477 2113 3529 sui

551 3568 751 3621 abbatis
773 3568 869 3635 ipsi
903 3567 1091 3621 fratres
1116 3574 1386 3635 peragant,
1415 3575 1467 3621 et
1495 3565 1968 3618 ecclesiasticorum
1993 3580 2114 3634 gra-

549 3660 709 3713 duum
742 3660 1051 3729 dignitatem
1091 3658 1402 3727 suscipiant.
1441 3658 1879 3710 Consecrationcs
1907 3670 2116 3725 quoque

548 3752 793 3813 fontium,
823 3761 875 3803 et
904 3748 1143 3803 scrutinii
1171 3747 1421 3817 mysteria
1453 3748 1502 3799 in
1536 3748 1650 3813 ipso
1674 3747 1997 3800 monasterio
2028 3763 2115 3801 ee-

550 3841 774 3893 lebrent.
803 3838 1116 3892 Chrismatis
1146 3852 1357 3902 quoque
1386 3850 1447 3889 ac
1487 3837 1611 3899 olei,
1660 3837 1861 3896 altaris.
1913 3838 2110 3904 calicis,

550 3931 857 3997 catrporalis,
889 3944 916 3981 a
946 3944 1257 3998 quocunque
1299 3929 1561 3983 voluerint
1605 3930 1851 3996 pontifice
1899 3929 2111 3983 benedi-

548 4024 777 4076 ctionem
802 4032 1069 4090 expetant,
1106 4038 1172 4076 ne
1195 4029 1371 4074 tantus
1398 4021 1564 4073 honor
1583 4036 1611 4073 a
1634 4036 1893 4087 quoquam
1944 4033 2115 4093 τεθερ-

550 4126 627 4176 re,
662 4111 815 4164 ullius
844 4109 1139 4164 occasionis
1165 4124 1321 4163 causa
1356 4110 1436 4162 vel
1468 4108 1820 4172 necessitatis,
1854 4109 2117 4163 intermit-

550 4212 709 4265 tatur,
752 4218 818 4257 ne
862 4202 1079 4255 vilescat
1128 4209 1288 4253 tanta:
1338 4200 1673 4253 sublimitatis
1728 4200 1873 4253 locus
1920 4214 2116 4255 sanctae

550 4293 748 4357 Maria,
778 4301 831 4347 et
863 4292 1000 4346 beati
1050 4291 1209 4357 Petri,
1243 4305 1447 4345 necnon
1496 4300 1547 4344 et
1592 4300 2015 4361 protomartyris,
2063 4300 2117 4347 et

547 4386 745 4439 domini
771 4385 1004 4440 Medardi
1042 4385 1245 4437 meritis
1274 4391 1534 4445 sacratus,
1564 4397 1718 4451 quem
1748 4393 1906 4449 caput
1932 4397 2115 4437 mona-

547 4476 828 4530 stt-riorum
862 4477 1022 4528 totius
1051 4474 1236 4526 Gallia:
1278 4473 1663 4535 constituimus,
1708 4474 2009 4541 nulliusque
2036 4473 2116 4525 di-

2220 3293 2295 3345 ria
2327 3294 2569 3361 recipiat,
2602 3301 2657 3346 et
2685 3294 2824 3346 inter
2854 3306 3004 3345 sacra
3033 3294 3313 3345 missarum
3346 3294 3611 3347 solemnia
3646 3295 3801 3349 bene.

2215 3382 2500 3436 dlctiouem
2541 3384 2747 3453 1287
2779 3391 2831 3435 et
2877 3382 3304 3451 przedicationem
3353 3382 3508 3450 juxta
3559 3386 3799 3437 instituta

2216 3474 2415 3527 domini
2445 3489 2592 3542 papa:
2619 3475 2839 3528 Joannis
2869 3486 3110 3543 peragat,
3144 3484 3197 3528 et
3226 3489 3336 3527 suae
3370 3477 3800 3529 conversationis

2215 3569 2375 3620 vitam
2409 3566 2717 3620 melioribus
2741 3566 2994 3633 exemplis
3016 3565 3258 3619 deducat.
3286 3565 3565 3618 Monacbis
3589 3582 3797 3635 quoque

2216 3657 2351 3711 hanc
2378 3657 2718 3726 pr0ponimus
2740 3657 3080 3719 sententiam,
3111 3668 3161 3707 ut
3182 3656 3355 3708 nullus
3380 3671 3577 3709 eorum
3605 3659 3799 3710 invidia

2215 3757 2306 3800 aut
2346 3748 2467 3801 odio
2496 3748 2699 3801 abbatis
2720 3787 2734 3811 ,
2780 3748 2920 3814 quod
2944 3747 3109 3808 absit,
3137 3746 3549 3812 comprimatur,
3598 3751 3679 3801 vel
3711 3765 3799 3802 ex.

2217 3845 2523 3889 tranearum
2574 3852 2920 3904 personarum
2970 3850 3190 3891 censura
3237 3836 3525 3904 plectatur.
3581 3838 3731 3903 Quod
3763 3841 3801 3894 si

2215 3931 2365 3997 culpa
2399 3929 2703 3996 principalis
2736 3930 2845 3981 vitii
2881 3929 3161 3998 deliquerit
3201 3929 3442 3996 privatim
3480 3931 3622 3983 intra
3654 3933 3794 3984 clau-

2216 4027 2382 4071 strum
2413 4017 2650 4085 ejusdem
2681 4019 2984 4071 monasterii
3008 4018 3075 4071 ab
3102 4018 3216 4085 ipso
3246 4018 3438 4071 abbate
3470 4029 3525 4073 et
3546 4022 3798 4087 Spiritali-

2217 4110 2315 4162 bus
2346 4110 2595 4162 fratribus
2622 4118 2906 4180 arguatur,
2939 4120 2994 4165 et
3018 4126 3046 4161 a
3077 4125 3299 4177 corpore
3328 4122 3532 4163 sanctre
3583 4098 3798 4181 congre—

2217 4201 2444 4269 gationis
2467 4211 2794 4269 scgregetur.
2819 4200 2969 4266 Quod
2998 4201 3041 4253 si
3069 4210 3446 4269 perseverante
3468 4202 3796 4253 contumacia

2217 4291 2481 4343 abscissus
2525 4290 2703 4355 fuerit,
2738 4290 3078 4359 prwcipimus
3099 4290 3170 4343 illi
3205 4299 3258 4341 ut
3288 4292 3626 4357 precatorias
3671 4292 3797 4343 acci—

2217 4381 2369 4446 piens
2401 4380 2607 4435 litteras
2628 4424 2642 4448 ,
2674 4381 3026 4449 quodcunque
3054 4379 3279 4432 voluerit
3320 4380 3665 4446 ingrediatur
3692 4396 3795 4434 mo-

2222 4474 2531 4533 nasterium,
2560 4482 2649 4525 aut
2674 4487 2832 4525 causa
2864 4473 3189 4541 ptenitentiae
3221 4472 3374 4535 hujus
3403 4474 3552 4526 sedis
3582 4485 3794 4542 apostvr-

545 4568 675 4620 tioni
709 4569 934 4635 patimur
959 4566 1199 4620 subesse.
1226 4564 1328 4619 Sed
1357 4565 1499 4616 velut
1528 4565 1639 4615 hmc
1672 4564 1825 4617 sedes
1873 4563 2110 4617 Romana
2141 4547 2189 4605 Ῑ)
2219 4562 2330 4616 Ιίοω
2355 4562 2615 4616 licentiam
2646 4573 2808 4629 petat,
2835 4571 2883 4616 et
2906 4563 3164 4630 susceptis
3192 4575 3220 4613 a
3248 4561 3469 4613 domino
3498 4578 3635 4628 papa
3664 4565 3795 4615 litte-

544 4657 957 4725 specnlationem
989 4670 1137 4710 suam
1171 4664 1279 4707 toto
1306 4654 1419 4707 orbi
1468 4652 1665 4715 indicit,
1696 4663 1750 4707 et
1778 4668 1941 4707 novas
1984 4669 2115 4709 con-

545 4746 854 4802 suetudines
884 4746 1130 4799 omnibus
1157 4744 1336 4808 mittit,
1383 4755 1435 4798 et
1481 4743 1716 4797 omnium
1770 4758 2113 4811 personarum

543 4837 760 4892 servitio
796 4846 964 4891 caret.
998 4837 1063 4889 ita
1093 4835 1343 4903 praefatus
1372 4835 1538 4891 locus.
1570 4843 1767 4886 remota
1812 4836 1957 4887 omni
1986 4850 2115 4890 con-

544 4930 824 4984 suetudine
843 4930 1067 4996 pessima
1090 4943 1302 4997 regunt,
1324 4926 1639 4995 antistitum,
1660 4925 1918 4994 judicum,
1934 4942 2113 4981 exem-

546 5022 689 5088 plum
718 5021 909 5074 divinze
937 5018 1202 5086 religionis
1232 5028 1285 5071 et
1314 5014 1605 5069 honestatis
1630 5017 1838 5068 ceteris
1868 5017 2117 5071 exhibeat

543 5112 901 5174 monaSIeriis,
932 5121 984 5165 et
1006 5126 1164 5179 super
1194 5124 1254 5164 ea
1286 5109 1436 5177 plena
1466 5106 1689 5175 gaudeat
1720 5107 1979 5161 libertate.
2013 5107 2117 5161 Cu-

540 5206 626 5274 jus
656 5214 891 5260 rectores
911 5212 967 5259 et
994 5203 1110 5267 ﬁlii,
1141 5211 1429 5272 prmsentes
1460 5208 1514 5254 et
1554 5199 1871 5263 successuri,
1916 5207 2115 5251 tantum

542 5295 643 5349 sub
674 5311 855 5363 regum
887 5294 1124 5349 custodia
1150 5292 1324 5362 positi,
1346 5289 1762 5344 admonitionem
1784 5289 1952 5341 sancti
1977 5288 2114 5341 Petri

543 5396 598 5440 et
628 5401 993 5442 successorum
1026 5402 1239 5441 suorum
1269 5384 1425 5453 hujus
1462 5392 1660 5437 sancta:
1691 5382 1943 5435 Romana:
1968 5380 2111 5435 sedis

544 5479 847 5545 pontiﬁcum
890 5478 1204 5533 auctoritate
1247 5475 1590 5545 proclament.
1643 5473 1710 5525 Et
1756 5472 1797 5524 si
1856 5471 2113 5525 incumbit

548 5570 854 5634 necessitas,
883 5568 1098 5624 adeant.
1129 5567 1294 5635 llajus
1320 5568 1397 5621 rei
1425 5566 1590 5633 gratia
1615 5564 1864 5618 fratribus
1884 5564 2111 5632 dirigen-

543 5656 623 5710 dis
653 5658 706 5711 in
737 5658 817 5710 via
849 5658 980 5709 tanti
1004 5656 1204 5709 itineris
1223 5656 1324 5709 ﬁlia
1346 5665 1525 5709 nostra
1552 5653 1908 5707 Brunicbildis
1932 5655 2109 5722 regina

548 5758 611 5797 sa
645 5761 857 5800 minsas
888 5747 1163 5812 ingenuos.
1194 5756 1246 5801 et
1285 5746 1500 5800 totidem
1533 5746 1779 5811 serviles,
1812 5757 1998 5799 cuncta
2030 5748 2108 5799 in—

2221 4653 2323 4715 ris,
2377 4654 2508 4706 liber
2547 4667 2701 4706 suum
2752 4654 3130 4706 monasterium
3176 4661 3402 4720 repetat.
3463 4654 3593 4706 llaec
3648 4656 3795 4722 igitur

2220 4744 2415 4803 omnia,
2448 4758 2564 4810 quae
2593 4742 2749 4813 hujus
2777 4744 3081 4812 apostolica;
3113 4744 3441 4796 auctoritatis
3492 4755 3547 4797 et
3602 4758 3795 4796 nostra:

2220 4835 2589 4903 praeceptionis
2612 4833 2884 4902 privilegio
2910 4835 3265 4897 continentur,
3293 4850 3385 4899 pra
3405 4834 3502 4885 fati
3526 4846 3796 4887 monaste-

2222 4924 2284 4977 rii
2312 4925 2607 4979 rectoribus
2635 4935 2688 4979 et
2714 4924 2856 4991 filiis,
2889 4924 3237 4992 praesentibus
3264 4935 3316 4978 et
3359 4926 3575 4989 futuris,
3606 4938 3663 4980 et
3688 4942 3797 4980 om-

2222 5018 2375 5070 nibus
2427 5016 2759 5071 monasteriis
2795 5017 2895 5084 ipsi
2952 5016 3070 5069 loco
3118 5015 3371 5083 subjectis
3419 5017 3505 5069 vel
3553 5018 3793 5075 sociatis,

2219 5106 2319 5159 sub
2346 5113 2684 5160 anathemate
2715 5106 2974 5159 servanda
3041 5106 3431 5159 constituimus.
3464 5106 3525 5160 Si
3553 5108 3676 5174 quis
3704 5120 3796 5156 au-

2219 5210 2323 5254 tem
2348 5215 2550 5269 regum,
2582 5200 2899 5260 antistitum,
2927 5198 3184 5266 judicum,
3226 5198 3313 5251 vel
3356 5210 3795 5264 quarumcunque

2217 5291 2549 5343 saecularium
2582 5303 2927 5357 personarum
2949 5328 2964 5351 ,
2995 5288 3151 5357 hujus
3172 5288 3477 5356 apostolicae
3505 5290 3766 5341 auctoriu

2219 5381 2286 5434 tis
2323 5389 2379 5435 et
2428 5390 2623 5434 nostra:
2676 5380 3044 5447 praeceptionis
3095 5379 3310 5432 decreta
3361 5377 3659 5442 violaverit,
3705 5388 3788 5428 aut

2219 5472 2630 5536 rontradixerit,
2677 5484 2765 5525 aut
2815 5472 3143 5541 negligenter
3184 5471 3414 5533 duxerit,
3467 5470 3551 5523 vel
3605 5470 3787 5522 fratres

2218 5563 2613 5631 inquietaverit,
2648 5564 2731 5618 vel
2762 5563 3174 5626 conturbaverit,
3206 5562 3288 5613 vel
3320 5561 3476 5613 aliter
3506 5560 3780 5614 ordinave-

2219 5655 2306 5719 rit,
2340 5653 2699 5723 cujuscunque
2720 5654 2985 5723 dignitatis
3016 5654 3098 5707 vel
3130 5652 3471 5706 sublimitatis
3502 5654 3593 5717 sit,
3628 5657 3777 5703 bono-

2221 5760 2275 5799 re
2305 5761 2399 5798 suo
2430 5744 2677 5811 privetur.
2710 5755 2760 5800 et
2786 5754 2839 5800 ut
2869 5744 3142 5799 catholica:
3174 5744 3295 5799 fidei
3325 5743 3667 5813 depravator,
3702 5742 3773 5791 νεὶ
