  <div class='ocr_page' id='page_1' title='image "/cluster/home/n/w/nwhite01/storage/ocr_20150623/77/uva.x000827089/674.png"; bbox 0 0 3956 6322; ppageno 0'>
   <div class='ocr_carea' id='block_1_1' title="bbox 224 257 369 313">
    <p class='ocr_par' dir='ltr' id='par_1_1' title="bbox 224 257 369 313">
     <span class='ocr_line' id='line_1_1' title="bbox 224 257 369 313; baseline 0.014 -2"><span class='ocrx_word' id='word_1_1' title='bbox 224 257 369 313; x_wconf 67' lang='grc'><strong>1333</strong></span> 
     </span>
    </p>
   </div>
   <div class='ocr_carea' id='block_1_2' title="bbox 1206 260 2577 319">
    <p class='ocr_par' dir='ltr' id='par_1_2' title="bbox 1206 260 2577 319">
     <span class='ocr_line' id='line_1_2' title="bbox 1206 260 2577 319; baseline 0.001 -2"><span class='ocrx_word' id='word_1_2' title='bbox 1206 261 1544 319; x_wconf 74' lang='grc' dir='ltr'><strong>ΑΡΡΕΝΒΙΧ</strong></span> <span class='ocrx_word' id='word_1_3' title='bbox 1588 264 1677 317; x_wconf 85' lang='lat' dir='ltr'><strong>AD</strong></span> <span class='ocrx_word' id='word_1_4' title='bbox 1717 261 1773 318; x_wconf 91' lang='lat' dir='ltr'><strong>S.</strong></span> <span class='ocrx_word' id='word_1_5' title='bbox 1817 260 2143 316; x_wconf 67' lang='lat' dir='ltr'><strong>GiiECORll</strong></span> <span class='ocrx_word' id='word_1_6' title='bbox 2185 262 2577 319; x_wconf 69' lang='lat' dir='ltr'><strong>EHSTOLAS.</strong></span> 
     </span>
    </p>
   </div>
   <div class='ocr_carea' id='block_1_3' title="bbox 3402 270 3505 327">
    <p class='ocr_par' dir='ltr' id='par_1_3' title="bbox 3402 270 3505 327">
     <span class='ocr_line' id='line_1_3' title="bbox 3402 270 3505 327; baseline 0.039 -5"><span class='ocrx_word' id='word_1_7' title='bbox 3402 270 3505 327; x_wconf 66' lang='lat' dir='ltr'><strong>53b</strong></span> 
     </span>
    </p>
   </div>
   <div class='ocr_carea' id='block_1_4' title="bbox 220 368 3504 448">
    <p class='ocr_par' dir='ltr' id='par_1_4' title="bbox 220 368 3504 448">
     <span class='ocr_line' id='line_1_4' title="bbox 220 368 3504 448; baseline 0.005 -24"><span class='ocrx_word' id='word_1_8' title='bbox 220 380 425 425; x_wconf 75' lang='lat' dir='ltr'><strong>sancite</strong></span> <span class='ocrx_word' id='word_1_9' title='bbox 452 368 545 424; x_wconf 81' lang='lat' dir='ltr'><strong>Dei</strong></span> <span class='ocrx_word' id='word_1_10' title='bbox 577 369 832 426; x_wconf 74' lang='lat' dir='ltr'><strong>Ecclesia:</strong></span> <span class='ocrx_word' id='word_1_11' title='bbox 854 370 1173 443; x_wconf 75' lang='lat' dir='ltr'><strong>destructor,</strong></span> <span class='ocrx_word' id='word_1_12' title='bbox 1208 392 1237 430; x_wconf 89' lang='lat' dir='ltr'><strong>a</strong></span> <span class='ocrx_word' id='word_1_13' title='bbox 1267 381 1540 432; x_wconf 89' lang='lat' dir='ltr'><strong>consortio</strong></span> <span class='ocrx_word' id='word_1_14' title='bbox 1561 376 1815 431; x_wconf 63' lang='lat' dir='ltr'><strong>Christith</strong></span> <span class='ocrx_word' id='word_1_15' title='bbox 1844 386 1888 437; x_wconf 70' lang='grc' dir='ltr'><strong>Α</strong></span> <span class='ocrx_word' id='word_1_16' title='bbox 1920 376 2055 430; x_wconf 91' lang='lat' dir='ltr'><strong>sinm</strong></span> <span class='ocrx_word' id='word_1_17' title='bbox 2110 380 2396 448; x_wconf 80' lang='lat' dir='ltr'><strong>episcopus</strong></span> <span class='ocrx_word' id='word_1_18' title='bbox 2452 380 2783 448; x_wconf 89' lang='lat' dir='ltr'><strong>subscripsit.</strong></span> <span class='ocrx_word' id='word_1_19' title='bbox 2850 381 3123 439; x_wconf 83' lang='lat' dir='ltr'><strong>Gloriosus</strong></span> <span class='ocrx_word' id='word_1_20' title='bbox 3179 385 3504 441; x_wconf 87' lang='lat' dir='ltr'><strong>Ostiensium</strong></span> 
     </span>
    </p>
   </div>
   <div class='ocr_carea' id='block_1_5' title="bbox 224 461 1817 534">
    <p class='ocr_par' dir='ltr' id='par_1_5' title="bbox 224 461 1817 534">
     <span class='ocr_line' id='line_1_5' title="bbox 224 461 1817 534; baseline 0.005 -21"><span class='ocrx_word' id='word_1_21' title='bbox 224 461 415 515; x_wconf 91' lang='lat' dir='ltr'><strong>uitatis</strong></span> <span class='ocrx_word' id='word_1_22' title='bbox 445 470 499 515; x_wconf 91' lang='lat' dir='ltr'><strong>et</strong></span> <span class='ocrx_word' id='word_1_23' title='bbox 538 475 765 528; x_wconf 85' lang='lat' dir='ltr'><strong>corpore</strong></span> <span class='ocrx_word' id='word_1_24' title='bbox 812 464 874 518; x_wconf 89' lang='lat' dir='ltr'><strong>ac</strong></span> <span class='ocrx_word' id='word_1_25' title='bbox 923 467 1180 534; x_wconf 89' lang='lat' dir='ltr'><strong>sanguine</strong></span> <span class='ocrx_word' id='word_1_26' title='bbox 1228 468 1434 523; x_wconf 89' lang='lat' dir='ltr'><strong>Domini</strong></span> <span class='ocrx_word' id='word_1_27' title='bbox 1479 468 1645 523; x_wconf 90' lang='lat' dir='ltr'><strong>nostri</strong></span> <span class='ocrx_word' id='word_1_28' title='bbox 1693 469 1817 523; x_wconf 87' lang='lat' dir='ltr'><strong>Jesu</strong></span> 
     </span>
    </p>
   </div>
   <div class='ocr_carea' id='block_1_6' title="bbox 218 552 1813 620">
    <p class='ocr_par' dir='ltr' id='par_1_6' title="bbox 218 552 1813 620">
     <span class='ocr_line' id='line_1_6' title="bbox 218 552 1813 620; baseline 0.002 -14"><span class='ocrx_word' id='word_1_29' title='bbox 218 552 427 606; x_wconf 89' lang='lat' dir='ltr'><strong>Christi</strong></span> <span class='ocrx_word' id='word_1_30' title='bbox 461 562 847 620; x_wconf 68' lang='lat' dir='ltr'><strong>sequeswetur,</strong></span> <span class='ocrx_word' id='word_1_31' title='bbox 879 564 933 608; x_wconf 90' lang='lat' dir='ltr'><strong>et</strong></span> <span class='ocrx_word' id='word_1_32' title='bbox 962 555 1198 610; x_wconf 90' lang='lat' dir='ltr'><strong>omnium</strong></span> <span class='ocrx_word' id='word_1_33' title='bbox 1225 557 1654 612; x_wconf 72' lang='lat' dir='ltr'><strong>maiodictionnm</strong></span> <span class='ocrx_word' id='word_1_34' title='bbox 1687 573 1813 611; x_wconf 84' lang='lat' dir='ltr'><strong>aua-</strong></span> 
     </span>
    </p>
   </div>
   <div class='ocr_carea' id='block_1_7' title="bbox 225 643 1814 710">
    <p class='ocr_par' dir='ltr' id='par_1_7' title="bbox 225 643 1814 710">
     <span class='ocr_line' id='line_1_7' title="bbox 225 643 1814 710; baseline 0.003 -14"><span class='ocrx_word' id='word_1_35' title='bbox 225 644 489 704; x_wconf 84' lang='lat' dir='ltr'><strong>thematc.</strong></span> <span class='ocrx_word' id='word_1_36' title='bbox 523 643 717 710; x_wconf 80' lang='lat' dir='ltr'><strong>quibus</strong></span> <span class='ocrx_word' id='word_1_37' title='bbox 745 644 986 698; x_wconf 80' lang='lat' dir='ltr'><strong>inﬁdeles</strong></span> <span class='ocrx_word' id='word_1_38' title='bbox 1009 655 1058 699; x_wconf 91' lang='lat' dir='ltr'><strong>et</strong></span> <span class='ocrx_word' id='word_1_39' title='bbox 1091 645 1323 702; x_wconf 65' lang='lat' dir='ltr'><strong>haeretici</strong></span> <span class='ocrx_word' id='word_1_40' title='bbox 1355 650 1420 702; x_wconf 89' lang='lat' dir='ltr'><strong>ab</strong></span> <span class='ocrx_word' id='word_1_41' title='bbox 1446 649 1601 702; x_wconf 92' lang='lat' dir='ltr'><strong>initio</strong></span> <span class='ocrx_word' id='word_1_42' title='bbox 1633 648 1814 701; x_wconf 64' lang='lat' dir='ltr'><strong>seaculi</strong></span> 
     </span>
    </p>
   </div>
   <div class='ocr_carea' id='block_1_8' title="bbox 222 732 1818 802">
    <p class='ocr_par' dir='ltr' id='par_1_8' title="bbox 222 732 1818 802">
     <span class='ocr_line' id='line_1_8' title="bbox 222 732 1818 802; baseline 0.004 -17"><span class='ocrx_word' id='word_1_43' title='bbox 222 746 395 802; x_wconf 87' lang='lat' dir='ltr'><strong>usque</strong></span> <span class='ocrx_word' id='word_1_44' title='bbox 413 732 464 787; x_wconf 89' lang='lat' dir='ltr'><strong>in</strong></span> <span class='ocrx_word' id='word_1_45' title='bbox 484 748 718 801; x_wconf 65' lang='lat' dir='ltr'><strong>praesens</strong></span> <span class='ocrx_word' id='word_1_46' title='bbox 736 734 969 789; x_wconf 78' lang='lat' dir='ltr'><strong>damnati</strong></span> <span class='ocrx_word' id='word_1_47' title='bbox 987 745 1131 800; x_wconf 90' lang='lat' dir='ltr'><strong>sunt,</strong></span> <span class='ocrx_word' id='word_1_48' title='bbox 1146 752 1265 790; x_wconf 93' lang='lat' dir='ltr'><strong>cum</strong></span> <span class='ocrx_word' id='word_1_49' title='bbox 1283 737 1414 791; x_wconf 86' lang='lat' dir='ltr'><strong>Jnda</strong></span> <span class='ocrx_word' id='word_1_50' title='bbox 1439 738 1693 792; x_wconf 82' lang='lat' dir='ltr'><strong>traditore</strong></span> <span class='ocrx_word' id='word_1_51' title='bbox 1711 738 1818 791; x_wconf 90' lang='lat' dir='ltr'><strong>Do-</strong></span> 
     </span>
    </p>
   </div>
   <div class='ocr_carea' id='block_1_9' title="bbox 226 814 1820 899">
    <p class='ocr_par' dir='ltr' id='par_1_9' title="bbox 226 814 1820 899">
     <span class='ocr_line' id='line_1_9' title="bbox 226 814 1820 899; baseline 0.003 -20"><span class='ocrx_word' id='word_1_52' title='bbox 226 827 384 891; x_wconf 86' lang='lat' dir='ltr'><strong>mini,</strong></span> <span class='ocrx_word' id='word_1_53' title='bbox 409 826 457 881; x_wconf 91' lang='lat' dir='ltr'><strong>in</strong></span> <span class='ocrx_word' id='word_1_54' title='bbox 476 825 683 880; x_wconf 82' lang='lat' dir='ltr'><strong>inferno</strong></span> <span class='ocrx_word' id='word_1_55' title='bbox 702 826 936 880; x_wconf 81' lang='lat' dir='ltr'><strong>infcriori</strong></span> <span class='ocrx_word' id='word_1_56' title='bbox 951 814 1251 894; x_wconf 87' lang='lat' dir='ltr'><strong>damnetur,</strong></span> <span class='ocrx_word' id='word_1_57' title='bbox 1269 830 1366 882; x_wconf 86' lang='lat' dir='ltr'><strong>nisi</strong></span> <span class='ocrx_word' id='word_1_58' title='bbox 1381 826 1534 897; x_wconf 89' lang='lat' dir='ltr'><strong>digna</strong></span> <span class='ocrx_word' id='word_1_59' title='bbox 1555 829 1820 899; x_wconf 75' lang='lat' dir='ltr'><strong>pteniten-</strong></span> 
     </span>
    </p>
   </div>
   <div class='ocr_carea' id='block_1_10' title="bbox 227 918 1821 988">
    <p class='ocr_par' dir='ltr' id='par_1_10' title="bbox 227 918 1821 988">
     <span class='ocr_line' id='line_1_10' title="bbox 227 918 1821 988; baseline 0.003 -17"><span class='ocrx_word' id='word_1_60' title='bbox 227 918 306 971; x_wconf 90' lang='lat' dir='ltr'><strong>tia</strong></span> <span class='ocrx_word' id='word_1_61' title='bbox 321 919 654 987; x_wconf 72' lang='lat' dir='ltr'><strong>prmiatorum</strong></span> <span class='ocrx_word' id='word_1_62' title='bbox 674 926 973 972; x_wconf 88' lang='lat' dir='ltr'><strong>sanctorum</strong></span> <span class='ocrx_word' id='word_1_63' title='bbox 987 918 1084 973; x_wconf 90' lang='lat' dir='ltr'><strong>sibi</strong></span> <span class='ocrx_word' id='word_1_64' title='bbox 1102 920 1254 988; x_wconf 85' lang='lat' dir='ltr'><strong>propi</strong></span> <span class='ocrx_word' id='word_1_65' title='bbox 1266 918 1472 974; x_wconf 88' lang='lat' dir='ltr'><strong>tiaverit</strong></span> <span class='ocrx_word' id='word_1_66' title='bbox 1484 919 1821 975; x_wconf 81' lang='lat' dir='ltr'><strong>clementiam</strong></span> 
     </span>
    </p>
   </div>
   <div class='ocr_carea' id='block_1_11' title="bbox 225 998 1819 1072">
    <p class='ocr_par' dir='ltr' id='par_1_11' title="bbox 225 998 1819 1072">
     <span class='ocr_line' id='line_1_11' title="bbox 225 998 1819 1072; baseline 0.004 -6"><span class='ocrx_word' id='word_1_67' title='bbox 225 1019 289 1066; x_wconf 83' lang='lat' dir='ltr'><strong>et</strong></span> <span class='ocrx_word' id='word_1_68' title='bbox 326 1010 545 1066; x_wconf 79' lang='lat' dir='ltr'><strong>fratrum</strong></span> <span class='ocrx_word' id='word_1_69' title='bbox 583 998 920 1065; x_wconf 76' lang='lat' dir='ltr'><strong>communem</strong></span> <span class='ocrx_word' id='word_1_70' title='bbox 977 1013 1404 1067; x_wconf 85' lang='lat' dir='ltr'><strong>reconciliaverit</strong></span> <span class='ocrx_word' id='word_1_71' title='bbox 1457 1015 1819 1072; x_wconf 82' lang='lat' dir='ltr'><strong>concordiam.</strong></span> 
     </span>
    </p>
   </div>
   <div class='ocr_carea' id='block_1_12' title="bbox 310 1103 1823 1173">
    <p class='ocr_par' dir='ltr' id='par_1_12' title="bbox 310 1103 1823 1173">
     <span class='ocr_line' id='line_1_12' title="bbox 310 1103 1823 1173; baseline 0.003 -15"><span class='ocrx_word' id='word_1_72' title='bbox 310 1104 418 1171; x_wconf 82' lang='lat' dir='ltr'><strong>Ego</strong></span> <span class='ocrx_word' id='word_1_73' title='bbox 446 1103 736 1173; x_wconf 76' lang='lat' dir='ltr'><strong>Gregorius</strong></span> <span class='ocrx_word' id='word_1_74' title='bbox 766 1114 962 1159; x_wconf 75' lang='lat' dir='ltr'><strong>sanctae</strong></span> <span class='ocrx_word' id='word_1_75' title='bbox 992 1104 1246 1159; x_wconf 76' lang='lat' dir='ltr'><strong>Romana:</strong></span> <span class='ocrx_word' id='word_1_76' title='bbox 1272 1106 1415 1161; x_wconf 85' lang='lat' dir='ltr'><strong>sedis</strong></span> <span class='ocrx_word' id='word_1_77' title='bbox 1445 1106 1667 1161; x_wconf 85' lang='lat' dir='ltr'><strong>antistes</strong></span> <span class='ocrx_word' id='word_1_78' title='bbox 1698 1107 1823 1163; x_wconf 86' lang='lat' dir='ltr'><strong>huic</strong></span> 
     </span>
    </p>
   </div>
   <div class='ocr_carea' id='block_1_13' title="bbox 228 1195 1823 1265">
    <p class='ocr_par' dir='ltr' id='par_1_13' title="bbox 228 1195 1823 1265">
     <span class='ocr_line' id='line_1_13' title="bbox 228 1195 1823 1265; baseline 0.003 -18"><span class='ocrx_word' id='word_1_79' title='bbox 228 1196 514 1265; x_wconf 76' lang='lat' dir='ltr'><strong>privilegio</strong></span> <span class='ocrx_word' id='word_1_80' title='bbox 544 1195 855 1259; x_wconf 72' lang='lat' dir='ltr'><strong>subscripsi.</strong></span> <span class='ocrx_word' id='word_1_81' title='bbox 890 1195 1139 1249; x_wconf 83' lang='lat' dir='ltr'><strong>Etherius</strong></span> <span class='ocrx_word' id='word_1_82' title='bbox 1184 1196 1510 1252; x_wconf 77' lang='lat' dir='ltr'><strong>Arelatensis</strong></span> <span class='ocrx_word' id='word_1_83' title='bbox 1559 1199 1823 1260; x_wconf 85' lang='lat' dir='ltr'><strong>archiepi-</strong></span> 
     </span>
    </p>
   </div>
   <div class='ocr_carea' id='block_1_14' title="bbox 228 1287 1823 1358">
    <p class='ocr_par' dir='ltr' id='par_1_14' title="bbox 228 1287 1823 1358">
     <span class='ocr_line' id='line_1_14' title="bbox 228 1287 1823 1358; baseline 0.003 -17"><span class='ocrx_word' id='word_1_84' title='bbox 228 1301 429 1357; x_wconf 87' lang='lat' dir='ltr'><strong>scopns</strong></span> <span class='ocrx_word' id='word_1_85' title='bbox 470 1287 807 1355; x_wconf 85' lang='lat' dir='ltr'><strong>subscripsit.</strong></span> <span class='ocrx_word' id='word_1_86' title='bbox 853 1288 1139 1358; x_wconf 92' lang='lat' dir='ltr'><strong>Gregorius</strong></span> <span class='ocrx_word' id='word_1_87' title='bbox 1195 1290 1501 1343; x_wconf 86' lang='lat' dir='ltr'><strong>Portuensis</strong></span> <span class='ocrx_word' id='word_1_88' title='bbox 1544 1291 1823 1355; x_wconf 73' lang='lat' dir='ltr'><strong>episcoi-us</strong></span> 
     </span>
    </p>
   </div>
   <div class='ocr_carea' id='block_1_15' title="bbox 231 1376 1817 1449">
    <p class='ocr_par' dir='ltr' id='par_1_15' title="bbox 231 1376 1817 1449">
     <span class='ocr_line' id='line_1_15' title="bbox 231 1376 1817 1449; baseline 0.004 -20"><span class='ocrx_word' id='word_1_89' title='bbox 231 1376 571 1445; x_wconf 84' lang='lat' dir='ltr'><strong>subscripsit.</strong></span> <span class='ocrx_word' id='word_1_90' title='bbox 617 1377 862 1432; x_wconf 82' lang='lat' dir='ltr'><strong>Andreas</strong></span> <span class='ocrx_word' id='word_1_91' title='bbox 902 1380 1220 1434; x_wconf 82' lang='lat' dir='ltr'><strong>Albanensis</strong></span> <span class='ocrx_word' id='word_1_92' title='bbox 1249 1380 1533 1449; x_wconf 88' lang='lat' dir='ltr'><strong>episcopus</strong></span> <span class='ocrx_word' id='word_1_93' title='bbox 1581 1383 1817 1436; x_wconf 86' lang='lat' dir='ltr'><strong>subscri-</strong></span> 
     </span>
    </p>
   </div>
   <div class='ocr_carea' id='block_1_16' title="bbox 232 1465 1822 1539">
    <p class='ocr_par' dir='ltr' id='par_1_16' title="bbox 232 1465 1822 1539">
     <span class='ocr_line' id='line_1_16' title="bbox 232 1465 1822 1539; baseline 0.005 -22"><span class='ocrx_word' id='word_1_94' title='bbox 232 1466 357 1534; x_wconf 90' lang='lat' dir='ltr'><strong>psit.</strong></span> <span class='ocrx_word' id='word_1_95' title='bbox 413 1465 737 1535; x_wconf 79' lang='lat' dir='ltr'><strong>Augustinus</strong></span> <span class='ocrx_word' id='word_1_96' title='bbox 789 1466 1198 1522; x_wconf 90' lang='lat' dir='ltr'><strong>Cantuariorum</strong></span> <span class='ocrx_word' id='word_1_97' title='bbox 1250 1470 1533 1539; x_wconf 84' lang='lat' dir='ltr'><strong>episcopus</strong></span> <span class='ocrx_word' id='word_1_98' title='bbox 1577 1472 1822 1525; x_wconf 91' lang='lat' dir='ltr'><strong>subscri-</strong></span> 
     </span>
    </p>
   </div>
   <div class='ocr_carea' id='block_1_17' title="bbox 232 1552 1817 1635">
    <p class='ocr_par' dir='ltr' id='par_1_17' title="bbox 232 1552 1817 1635">
     <span class='ocr_line' id='line_1_17' title="bbox 232 1552 1817 1635; baseline 0.004 -27"><span class='ocrx_word' id='word_1_99' title='bbox 232 1554 361 1623; x_wconf 86' lang='lat' dir='ltr'><strong>psit.</strong></span> <span class='ocrx_word' id='word_1_100' title='bbox 428 1552 737 1635; x_wconf 76' lang='lat' dir='ltr'><strong>Ana-tasins</strong></span> <span class='ocrx_word' id='word_1_101' title='bbox 789 1556 1097 1625; x_wconf 70' lang='lat' dir='ltr'><strong>Tyburtinte</strong></span> <span class='ocrx_word' id='word_1_102' title='bbox 1153 1560 1436 1625; x_wconf 76' lang='lat' dir='ltr'><strong>episeopns</strong></span> <span class='ocrx_word' id='word_1_103' title='bbox 1485 1561 1817 1629; x_wconf 86' lang='lat' dir='ltr'><strong>subscripsit.</strong></span> 
     </span>
    </p>
   </div>
   <div class='ocr_carea' id='block_1_18' title="bbox 232 1636 1821 1720">
    <p class='ocr_par' dir='ltr' id='par_1_18' title="bbox 232 1636 1821 1720">
     <span class='ocr_line' id='line_1_18' title="bbox 232 1636 1821 1720; baseline 0.006 -23"><span class='ocrx_word' id='word_1_104' title='bbox 232 1644 456 1715; x_wconf 80' lang='lat' dir='ltr'><strong>Sergius</strong></span> <span class='ocrx_word' id='word_1_105' title='bbox 505 1636 846 1702; x_wconf 55' lang='lat' dir='ltr'><strong>Praenestina!</strong></span> <span class='ocrx_word' id='word_1_106' title='bbox 910 1651 1194 1719; x_wconf 85' lang='lat' dir='ltr'><strong>episcopus</strong></span> <span class='ocrx_word' id='word_1_107' title='bbox 1252 1651 1582 1720; x_wconf 73' lang='lat' dir='ltr'><strong>subscripsit.</strong></span> <span class='ocrx_word' id='word_1_108' title='bbox 1634 1652 1821 1707; x_wconf 85' lang='lat' dir='ltr'><strong>Petrus</strong></span> 
     </span>
    </p>
   </div>
   <div class='ocr_carea' id='block_1_19' title="bbox 229 1735 1898 1819">
    <p class='ocr_par' dir='ltr' id='par_1_19' title="bbox 229 1735 1898 1819">
     <span class='ocr_line' id='line_1_19' title="bbox 229 1735 1898 1819; baseline 0.008 -32"><span class='ocrx_word' id='word_1_109' title='bbox 229 1735 491 1819; x_wconf 46' lang='lat' dir='ltr'><strong>Anagnia:</strong></span> <span class='ocrx_word' id='word_1_110' title='bbox 545 1739 824 1807; x_wconf 82' lang='lat' dir='ltr'><strong>episcopus</strong></span> <span class='ocrx_word' id='word_1_111' title='bbox 873 1741 1212 1806; x_wconf 88' lang='lat' dir='ltr'><strong>subscripsit.</strong></span> <span class='ocrx_word' id='word_1_112' title='bbox 1278 1744 1533 1812; x_wconf 73' lang='lat' dir='ltr'><strong>Agnellns</strong></span> <span class='ocrx_word' id='word_1_113' title='bbox 1588 1744 1819 1799; x_wconf 69' lang='lat' dir='ltr'><strong>Sutrinte</strong></span> <span class='ocrx_word' id='word_1_114' title='bbox 1854 1752 1898 1811; x_wconf 81' lang='grc' dir='ltr'><strong>Β</strong></span> 
     </span>
    </p>
   </div>
   <div class='ocr_carea' id='block_1_20' title="bbox 229 1828 1820 1902">
    <p class='ocr_par' dir='ltr' id='par_1_20' title="bbox 229 1828 1820 1902">
     <span class='ocr_line' id='line_1_20' title="bbox 229 1828 1820 1902; baseline 0.006 -22"><span class='ocrx_word' id='word_1_115' title='bbox 229 1828 515 1897; x_wconf 74' lang='lat' dir='ltr'><strong>ep’seopns</strong></span> <span class='ocrx_word' id='word_1_116' title='bbox 558 1829 894 1898; x_wconf 88' lang='lat' dir='ltr'><strong>subscripsit.</strong></span> <span class='ocrx_word' id='word_1_117' title='bbox 929 1831 1158 1886; x_wconf 79' lang='lat' dir='ltr'><strong>Mellitus</strong></span> <span class='ocrx_word' id='word_1_118' title='bbox 1202 1833 1493 1889; x_wconf 71' lang='lat' dir='ltr'><strong>Lundonia:</strong></span> <span class='ocrx_word' id='word_1_119' title='bbox 1537 1837 1820 1902; x_wconf 90' lang='lat' dir='ltr'><strong>episcopus</strong></span> 
     </span>
    </p>
   </div>
   <div class='ocr_carea' id='block_1_21' title="bbox 230 1912 1821 1993">
    <p class='ocr_par' dir='ltr' id='par_1_21' title="bbox 230 1912 1821 1993">
     <span class='ocr_line' id='line_1_21' title="bbox 230 1912 1821 1993; baseline 0.007 -24"><span class='ocrx_word' id='word_1_120' title='bbox 230 1918 570 1985; x_wconf 79' lang='lat' dir='ltr'><strong>subsrripsit.</strong></span> <span class='ocrx_word' id='word_1_121' title='bbox 619 1921 855 1975; x_wconf 83' lang='lat' dir='ltr'><strong>Joannes</strong></span> <span class='ocrx_word' id='word_1_122' title='bbox 900 1918 1346 1978; x_wconf 77' lang='lat' dir='ltr'><strong>Veliteruensiutn</strong></span> <span class='ocrx_word' id='word_1_123' title='bbox 1390 1926 1669 1993; x_wconf 63' lang='lat' dir='ltr'><strong>episcopus</strong></span> <span class='ocrx_word' id='word_1_124' title='bbox 1696 1912 1821 1981; x_wconf 80' lang='lat' dir='ltr'><strong>sub-</strong></span> 
     </span>
    </p>
   </div>
   <div class='ocr_carea' id='block_1_22' title="bbox 229 2004 1820 2083">
    <p class='ocr_par' dir='ltr' id='par_1_22' title="bbox 229 2004 1820 2083">
     <span class='ocr_line' id='line_1_22' title="bbox 229 2004 1820 2083; baseline 0.008 -24"><span class='ocrx_word' id='word_1_125' title='bbox 229 2010 337 2061; x_wconf 87' lang='lat' dir='ltr'><strong>seri</strong></span> <span class='ocrx_word' id='word_1_126' title='bbox 365 2010 463 2061; x_wconf 60' lang='lat' dir='ltr'><strong>usit.</strong></span> <span class='ocrx_word' id='word_1_127' title='bbox 498 2009 744 2064; x_wconf 86' lang='lat' dir='ltr'><strong>Tiberius</strong></span> <span class='ocrx_word' id='word_1_128' title='bbox 774 2010 933 2065; x_wconf 62' lang='lat' dir='ltr'><strong>Silvae</strong></span> <span class='ocrx_word' id='word_1_129' title='bbox 981 2004 1222 2067; x_wconf 69' lang='lat' dir='ltr'><strong>candidae</strong></span> <span class='ocrx_word' id='word_1_130' title='bbox 1261 2016 1543 2083; x_wconf 81' lang='lat' dir='ltr'><strong>episcopus</strong></span> <span class='ocrx_word' id='word_1_131' title='bbox 1587 2017 1820 2072; x_wconf 87' lang='lat' dir='ltr'><strong>subseri-</strong></span> 
     </span>
    </p>
   </div>
   <div class='ocr_carea' id='block_1_23' title="bbox 230 2088 1820 2175">
    <p class='ocr_par' dir='ltr' id='par_1_23' title="bbox 230 2088 1820 2175">
     <span class='ocr_line' id='line_1_23' title="bbox 230 2088 1820 2175; baseline 0.008 -26"><span class='ocrx_word' id='word_1_132' title='bbox 230 2097 360 2164; x_wconf 82' lang='lat' dir='ltr'><strong>psit.</strong></span> <span class='ocrx_word' id='word_1_133' title='bbox 395 2098 713 2155; x_wconf 78' lang='lat' dir='ltr'><strong>Marinianus</strong></span> <span class='ocrx_word' id='word_1_134' title='bbox 746 2088 1066 2174; x_wconf 71' lang='lat' dir='ltr'><strong>Ravennatis</strong></span> <span class='ocrx_word' id='word_1_135' title='bbox 1100 2103 1352 2159; x_wconf 72' lang='lat' dir='ltr'><strong>Eccle‘site</strong></span> <span class='ocrx_word' id='word_1_136' title='bbox 1378 2108 1655 2175; x_wconf 83' lang='lat' dir='ltr'><strong>cpiscopus</strong></span> <span class='ocrx_word' id='word_1_137' title='bbox 1695 2113 1820 2162; x_wconf 82' lang='lat' dir='ltr'><strong>sub-</strong></span> 
     </span>
    </p>
   </div>
   <div class='ocr_carea' id='block_1_24' title="bbox 227 2188 1817 2267">
    <p class='ocr_par' dir='ltr' id='par_1_24' title="bbox 227 2188 1817 2267">
     <span class='ocr_line' id='line_1_24' title="bbox 227 2188 1817 2267; baseline 0.008 -26"><span class='ocrx_word' id='word_1_138' title='bbox 227 2188 465 2255; x_wconf 87' lang='lat' dir='ltr'><strong>scripsit.</strong></span> <span class='ocrx_word' id='word_1_139' title='bbox 517 2190 780 2246; x_wconf 75' lang='lat' dir='ltr'><strong>Vitnlinus</strong></span> <span class='ocrx_word' id='word_1_140' title='bbox 828 2194 1038 2265; x_wconf 71' lang='lat'><strong>1283</strong></span> <span class='ocrx_word' id='word_1_141' title='bbox 1088 2196 1485 2263; x_wconf 73' lang='lat' dir='ltr'><strong>Sipontiuensis</strong></span> <span class='ocrx_word' id='word_1_142' title='bbox 1536 2201 1817 2267; x_wconf 76' lang='lat' dir='ltr'><strong>episcopus</strong></span> 
     </span>
    </p>
   </div>
   <div class='ocr_carea' id='block_1_25' title="bbox 228 2279 1816 2355">
    <p class='ocr_par' dir='ltr' id='par_1_25' title="bbox 228 2279 1816 2355">
     <span class='ocr_line' id='line_1_25' title="bbox 228 2279 1816 2355; baseline 0.008 -24"><span class='ocrx_word' id='word_1_143' title='bbox 228 2279 567 2348; x_wconf 85' lang='lat' dir='ltr'><strong>subscripsit.</strong></span> <span class='ocrx_word' id='word_1_144' title='bbox 613 2281 845 2338; x_wconf 84' lang='lat' dir='ltr'><strong>Joannes</strong></span> <span class='ocrx_word' id='word_1_145' title='bbox 875 2284 1330 2355; x_wconf 84' lang='lat' dir='ltr'><strong>Syracusanorum</strong></span> <span class='ocrx_word' id='word_1_146' title='bbox 1364 2290 1644 2355; x_wconf 75' lang='lat' dir='ltr'><strong>episconus</strong></span> <span class='ocrx_word' id='word_1_147' title='bbox 1692 2292 1816 2344; x_wconf 89' lang='lat' dir='ltr'><strong>sub-</strong></span> 
     </span>
    </p>
   </div>
   <div class='ocr_carea' id='block_1_26' title="bbox 227 2366 1816 2447">
    <p class='ocr_par' dir='ltr' id='par_1_26' title="bbox 227 2366 1816 2447">
     <span class='ocr_line' id='line_1_26' title="bbox 227 2366 1816 2447; baseline 0.006 -23"><span class='ocrx_word' id='word_1_148' title='bbox 227 2366 462 2437; x_wconf 82' lang='lat' dir='ltr'><strong>seripsit.</strong></span> <span class='ocrx_word' id='word_1_149' title='bbox 496 2372 811 2429; x_wconf 85' lang='lat' dir='ltr'><strong>Sabinianus</strong></span> <span class='ocrx_word' id='word_1_150' title='bbox 833 2375 1243 2431; x_wconf 82' lang='lat' dir='ltr'><strong>Tudertinornm</strong></span> <span class='ocrx_word' id='word_1_151' title='bbox 1269 2381 1553 2447; x_wconf 87' lang='lat' dir='ltr'><strong>episcopus</strong></span> <span class='ocrx_word' id='word_1_152' title='bbox 1580 2381 1816 2434; x_wconf 83' lang='lat' dir='ltr'><strong>subscri-</strong></span> 
     </span>
    </p>
   </div>
   <div class='ocr_carea' id='block_1_27' title="bbox 224 2456 1810 2538">
    <p class='ocr_par' dir='ltr' id='par_1_27' title="bbox 224 2456 1810 2538">
     <span class='ocr_line' id='line_1_27' title="bbox 224 2456 1810 2538; baseline 0.006 -22"><span class='ocrx_word' id='word_1_153' title='bbox 224 2456 357 2531; x_wconf 77' lang='lat' dir='ltr'><strong>psit.</strong></span> <span class='ocrx_word' id='word_1_154' title='bbox 414 2462 664 2534; x_wconf 81' lang='lat' dir='ltr'><strong>Eulogius</strong></span> <span class='ocrx_word' id='word_1_155' title='bbox 724 2466 1064 2523; x_wconf 67' lang='lat' dir='ltr'><strong>Alexandria:</strong></span> <span class='ocrx_word' id='word_1_156' title='bbox 1130 2468 1412 2537; x_wconf 90' lang='lat' dir='ltr'><strong>episcopus</strong></span> <span class='ocrx_word' id='word_1_157' title='bbox 1471 2472 1810 2538; x_wconf 65' lang='lat' dir='ltr'><strong>subscripsit.</strong></span> 
     </span>
    </p>
   </div>
   <div class='ocr_carea' id='block_1_28' title="bbox 230 2552 1813 2629">
    <p class='ocr_par' dir='ltr' id='par_1_28' title="bbox 230 2552 1813 2629">
     <span class='ocr_line' id='line_1_28' title="bbox 230 2552 1813 2629; baseline 0.007 -25"><span class='ocrx_word' id='word_1_158' title='bbox 230 2552 541 2609; x_wconf 83' lang='lat' dir='ltr'><strong>liomiuieus</strong></span> <span class='ocrx_word' id='word_1_159' title='bbox 562 2556 990 2627; x_wconf 71' lang='lat' dir='ltr'><strong>Carthagineusis</strong></span> <span class='ocrx_word' id='word_1_160' title='bbox 1014 2560 1296 2629; x_wconf 69' lang='lat' dir='ltr'><strong>episcoiius</strong></span> <span class='ocrx_word' id='word_1_161' title='bbox 1320 2561 1658 2629; x_wconf 84' lang='lat' dir='ltr'><strong>subscripsit.</strong></span> <span class='ocrx_word' id='word_1_162' title='bbox 1692 2562 1813 2616; x_wconf 88' lang='lat' dir='ltr'><strong>For-</strong></span> 
     </span>
    </p>
   </div>
   <div class='ocr_carea' id='block_1_29' title="bbox 229 2644 1814 2721">
    <p class='ocr_par' dir='ltr' id='par_1_29' title="bbox 229 2644 1814 2721">
     <span class='ocr_line' id='line_1_29' title="bbox 229 2644 1814 2721; baseline 0.008 -27"><span class='ocrx_word' id='word_1_163' title='bbox 229 2652 448 2696; x_wconf 88' lang='lat' dir='ltr'><strong>tunatus</strong></span> <span class='ocrx_word' id='word_1_164' title='bbox 476 2644 939 2716; x_wconf 83' lang='lat' dir='ltr'><strong>Neapolitanorum</strong></span> <span class='ocrx_word' id='word_1_165' title='bbox 966 2649 1248 2720; x_wconf 89' lang='lat' dir='ltr'><strong>episcopus</strong></span> <span class='ocrx_word' id='word_1_166' title='bbox 1284 2652 1619 2721; x_wconf 80' lang='lat' dir='ltr'><strong>subscripsit.</strong></span> <span class='ocrx_word' id='word_1_167' title='bbox 1653 2651 1814 2707; x_wconf 86' lang='lat' dir='ltr'><strong>Joan-</strong></span> 
     </span>
    </p>
   </div>
   <div class='ocr_carea' id='block_1_30' title="bbox 229 2734 1819 2812">
    <p class='ocr_par' dir='ltr' id='par_1_30' title="bbox 229 2734 1819 2812">
     <span class='ocr_line' id='line_1_30' title="bbox 229 2734 1819 2812; baseline 0.008 -27"><span class='ocrx_word' id='word_1_168' title='bbox 229 2749 326 2785; x_wconf 91' lang='lat' dir='ltr'><strong>nes</strong></span> <span class='ocrx_word' id='word_1_169' title='bbox 381 2734 732 2793; x_wconf 89' lang='lat' dir='ltr'><strong>Surrentinus</strong></span> <span class='ocrx_word' id='word_1_170' title='bbox 785 2740 1070 2810; x_wconf 82' lang='lat' dir='ltr'><strong>episcopus</strong></span> <span class='ocrx_word' id='word_1_171' title='bbox 1119 2742 1456 2812; x_wconf 88' lang='lat' dir='ltr'><strong>subscripsit.</strong></span> <span class='ocrx_word' id='word_1_172' title='bbox 1508 2742 1819 2801; x_wconf 63' lang='lat' dir='ltr'><strong>Priinievins</strong></span> 
     </span>
    </p>
   </div>
   <div class='ocr_carea' id='block_1_31' title="bbox 230 2824 1820 2904">
    <p class='ocr_par' dir='ltr' id='par_1_31' title="bbox 230 2824 1820 2904">
     <span class='ocr_line' id='line_1_31' title="bbox 230 2824 1820 2904; baseline 0.008 -25"><span class='ocrx_word' id='word_1_173' title='bbox 230 2824 604 2883; x_wconf 74' lang='lat' dir='ltr'><strong>Nnrciensium</strong></span> <span class='ocrx_word' id='word_1_174' title='bbox 644 2831 924 2902; x_wconf 85' lang='lat' dir='ltr'><strong>cpiscOpus</strong></span> <span class='ocrx_word' id='word_1_175' title='bbox 971 2834 1304 2904; x_wconf 90' lang='lat' dir='ltr'><strong>subscripsit.</strong></span> <span class='ocrx_word' id='word_1_176' title='bbox 1359 2832 1511 2891; x_wconf 80' lang='lat' dir='ltr'><strong>Felix</strong></span> <span class='ocrx_word' id='word_1_177' title='bbox 1561 2837 1820 2892; x_wconf 79' lang='lat' dir='ltr'><strong>Portnen-</strong></span> 
     </span>
    </p>
   </div>
   <div class='ocr_carea' id='block_1_32' title="bbox 1923 468 3503 544">
    <p class='ocr_par' dir='ltr' id='par_1_32' title="bbox 1923 468 3503 544">
     <span class='ocr_line' id='line_1_32' title="bbox 1923 468 3503 544; baseline 0.003 -21"><span class='ocrx_word' id='word_1_178' title='bbox 1923 468 2204 537; x_wconf 82' lang='lat' dir='ltr'><strong>episcopus</strong></span> <span class='ocrx_word' id='word_1_179' title='bbox 2233 470 2566 537; x_wconf 87' lang='lat' dir='ltr'><strong>subscripsit.</strong></span> <span class='ocrx_word' id='word_1_180' title='bbox 2600 470 2942 526; x_wconf 90' lang='lat' dir='ltr'><strong>Constantius</strong></span> <span class='ocrx_word' id='word_1_181' title='bbox 2965 474 3271 529; x_wconf 83' lang='lat' dir='ltr'><strong>Narniensis</strong></span> <span class='ocrx_word' id='word_1_182' title='bbox 3298 478 3503 544; x_wconf 80' lang='lat' dir='ltr'><strong>epis.-o-</strong></span> 
     </span>
    </p>
   </div>
   <div class='ocr_carea' id='block_1_33' title="bbox 1924 560 3511 638">
    <p class='ocr_par' dir='ltr' id='par_1_33' title="bbox 1924 560 3511 638">
     <span class='ocr_line' id='line_1_33' title="bbox 1924 560 3511 638; baseline 0.004 -26"><span class='ocrx_word' id='word_1_183' title='bbox 1924 574 2022 628; x_wconf 90' lang='lat' dir='ltr'><strong>pus</strong></span> <span class='ocrx_word' id='word_1_184' title='bbox 2048 560 2381 629; x_wconf 86' lang='lat' dir='ltr'><strong>subscripsit.</strong></span> <span class='ocrx_word' id='word_1_185' title='bbox 2407 562 2750 615; x_wconf 86' lang='lat' dir='ltr'><strong>Constantius</strong></span> <span class='ocrx_word' id='word_1_186' title='bbox 2782 562 3187 620; x_wconf 83' lang='lat' dir='ltr'><strong>Mediolancnsis</strong></span> <span class='ocrx_word' id='word_1_187' title='bbox 3218 569 3511 638; x_wconf 71' lang='lat' dir='ltr'><strong>episcopus</strong></span> 
     </span>
    </p>
   </div>
   <div class='ocr_carea' id='block_1_34' title="bbox 1923 654 3509 729">
    <p class='ocr_par' dir='ltr' id='par_1_34' title="bbox 1923 654 3509 729">
     <span class='ocr_line' id='line_1_34' title="bbox 1923 654 3509 729; baseline 0.004 -21"><span class='ocrx_word' id='word_1_188' title='bbox 1923 654 2254 722; x_wconf 88' lang='lat' dir='ltr'><strong>subscripsit.</strong></span> <span class='ocrx_word' id='word_1_189' title='bbox 2290 654 2540 710; x_wconf 76' lang='lat' dir='ltr'><strong>Soli-llius</strong></span> <span class='ocrx_word' id='word_1_190' title='bbox 2567 655 3037 721; x_wconf 84' lang='lat' dir='ltr'><strong>Burdegalensium</strong></span> <span class='ocrx_word' id='word_1_191' title='bbox 3071 662 3355 729; x_wconf 89' lang='lat' dir='ltr'><strong>episcopus</strong></span> <span class='ocrx_word' id='word_1_192' title='bbox 3377 663 3509 715; x_wconf 85' lang='lat' dir='ltr'><strong>sub—</strong></span> 
     </span>
    </p>
   </div>
   <div class='ocr_carea' id='block_1_35' title="bbox 1925 743 3503 818">
    <p class='ocr_par' dir='ltr' id='par_1_35' title="bbox 1925 743 3503 818">
     <span class='ocr_line' id='line_1_35' title="bbox 1925 743 3503 818; baseline 0.004 -21"><span class='ocrx_word' id='word_1_193' title='bbox 1925 745 2157 813; x_wconf 79' lang='lat' dir='ltr'><strong>scripsit.</strong></span> <span class='ocrx_word' id='word_1_194' title='bbox 2190 743 2376 799; x_wconf 77' lang='lat' dir='ltr'><strong>V&#39;italis</strong></span> <span class='ocrx_word' id='word_1_195' title='bbox 2410 745 2821 799; x_wconf 84' lang='lat' dir='ltr'><strong>Vesoncensium</strong></span> <span class='ocrx_word' id='word_1_196' title='bbox 2861 745 3144 813; x_wconf 85' lang='lat' dir='ltr'><strong>episeopns</strong></span> <span class='ocrx_word' id='word_1_197' title='bbox 3171 750 3503 818; x_wconf 76' lang='lat' dir='ltr'><strong>subscripsit.</strong></span> 
     </span>
    </p>
   </div>
   <div class='ocr_carea' id='block_1_36' title="bbox 1928 832 3501 906">
    <p class='ocr_par' dir='ltr' id='par_1_36' title="bbox 1928 832 3501 906">
     <span class='ocr_line' id='line_1_36' title="bbox 1928 832 3501 906; baseline 0.002 -19"><span class='ocrx_word' id='word_1_198' title='bbox 1928 832 2225 888; x_wconf 77' lang='lat' dir='ltr'><strong>Bonifacius</strong></span> <span class='ocrx_word' id='word_1_199' title='bbox 2261 834 2542 889; x_wconf 64' lang='lat' dir='ltr'><strong>Placentiae</strong></span> <span class='ocrx_word' id='word_1_200' title='bbox 2572 834 2854 903; x_wconf 78' lang='lat' dir='ltr'><strong>cpiscopus</strong></span> <span class='ocrx_word' id='word_1_201' title='bbox 2885 835 3215 904; x_wconf 61' lang='lat' dir='ltr'><strong>subscripsit.</strong></span> <span class='ocrx_word' id='word_1_202' title='bbox 3261 838 3501 906; x_wconf 83' lang='lat' dir='ltr'><strong>Siagrins</strong></span> 
     </span>
    </p>
   </div>
   <div class='ocr_carea' id='block_1_37' title="bbox 1928 924 3508 995">
    <p class='ocr_par' dir='ltr' id='par_1_37' title="bbox 1928 924 3508 995">
     <span class='ocr_line' id='line_1_37' title="bbox 1928 924 3508 995; baseline 0.005 -19"><span class='ocrx_word' id='word_1_203' title='bbox 1928 924 2488 993; x_wconf 80' lang='lat' dir='ltr'><strong>Augustodunensinm</strong></span> <span class='ocrx_word' id='word_1_204' title='bbox 2560 926 2846 994; x_wconf 89' lang='lat' dir='ltr'><strong>episcopus</strong></span> <span class='ocrx_word' id='word_1_205' title='bbox 2897 925 3233 995; x_wconf 87' lang='lat' dir='ltr'><strong>subscripsit.</strong></span> <span class='ocrx_word' id='word_1_206' title='bbox 3299 929 3508 984; x_wconf 82' lang='lat' dir='ltr'><strong>Flavius</strong></span> 
     </span>
    </p>
   </div>
   <div class='ocr_carea' id='block_1_38' title="bbox 1928 1010 3510 1084">
    <p class='ocr_par' dir='ltr' id='par_1_38' title="bbox 1928 1010 3510 1084">
     <span class='ocr_line' id='line_1_38' title="bbox 1928 1010 3510 1084; baseline 0.003 -17"><span class='ocrx_word' id='word_1_207' title='bbox 1928 1010 2253 1069; x_wconf 78' lang='lat' dir='ltr'><strong>Rhemorutn</strong></span> <span class='ocrx_word' id='word_1_208' title='bbox 2319 1014 2751 1084; x_wconf 80' lang='lat' dir='ltr'><strong>archiepiscopus</strong></span> <span class='ocrx_word' id='word_1_209' title='bbox 2820 1015 3156 1082; x_wconf 81' lang='lat' dir='ltr'><strong>subscripsit.</strong></span> <span class='ocrx_word' id='word_1_210' title='bbox 3217 1018 3510 1071; x_wconf 83' lang='lat' dir='ltr'><strong>Ansericus</strong></span> 
     </span>
    </p>
   </div>
   <div class='ocr_carea' id='block_1_39' title="bbox 1925 1103 3504 1173">
    <p class='ocr_par' dir='ltr' id='par_1_39' title="bbox 1925 1103 3504 1173">
     <span class='ocr_line' id='line_1_39' title="bbox 1925 1103 3504 1173; baseline -0.001 -15"><span class='ocrx_word' id='word_1_211' title='bbox 1925 1105 2243 1159; x_wconf 87' lang='lat' dir='ltr'><strong>Snessorum</strong></span> <span class='ocrx_word' id='word_1_212' title='bbox 2293 1107 2577 1173; x_wconf 67' lang='lat' dir='ltr'><strong>episcopus</strong></span> <span class='ocrx_word' id='word_1_213' title='bbox 2624 1103 2959 1171; x_wconf 86' lang='lat' dir='ltr'><strong>subscripsit.</strong></span> <span class='ocrx_word' id='word_1_214' title='bbox 3007 1104 3369 1160; x_wconf 82' lang='lat' dir='ltr'><strong>Theodericus</strong></span> <span class='ocrx_word' id='word_1_215' title='bbox 3414 1123 3504 1160; x_wconf 61' lang='grc' dir='ltr'><strong>ως</strong></span> 
     </span>
    </p>
   </div>
   <div class='ocr_carea' id='block_1_40' title="bbox 1927 1193 3507 1265">
    <p class='ocr_par' dir='ltr' id='par_1_40' title="bbox 1927 1193 3507 1265">
     <span class='ocr_line' id='line_1_40' title="bbox 1927 1193 3507 1265; baseline 0 -18"><span class='ocrx_word' id='word_1_216' title='bbox 1927 1194 2262 1259; x_wconf 74' lang='lat' dir='ltr'><strong>siilisCripsit.</strong></span> <span class='ocrx_word' id='word_1_217' title='bbox 2298 1194 2652 1248; x_wconf 87' lang='lat' dir='ltr'><strong>Brunichildis</strong></span> <span class='ocrx_word' id='word_1_218' title='bbox 2682 1195 2862 1263; x_wconf 85' lang='lat' dir='ltr'><strong>regina</strong></span> <span class='ocrx_word' id='word_1_219' title='bbox 2890 1193 3226 1263; x_wconf 88' lang='lat' dir='ltr'><strong>subscripsit.</strong></span> <span class='ocrx_word' id='word_1_220' title='bbox 3268 1194 3377 1265; x_wconf 84' lang='lat' dir='ltr'><strong>Ego</strong></span> <span class='ocrx_word' id='word_1_221' title='bbox 3406 1196 3507 1248; x_wconf 82' lang='lat' dir='ltr'><strong>Pe-</strong></span> 
     </span>
    </p>
   </div>
   <div class='ocr_carea' id='block_1_41' title="bbox 1927 1283 3509 1357">
    <p class='ocr_par' dir='ltr' id='par_1_41' title="bbox 1927 1283 3509 1357">
     <span class='ocr_line' id='line_1_41' title="bbox 1927 1283 3509 1357; baseline 0 -18"><span class='ocrx_word' id='word_1_222' title='bbox 1927 1296 2042 1340; x_wconf 91' lang='lat' dir='ltr'><strong>trus</strong></span> <span class='ocrx_word' id='word_1_223' title='bbox 2083 1293 2280 1339; x_wconf 73' lang='lat' dir='ltr'><strong>sancite</strong></span> <span class='ocrx_word' id='word_1_224' title='bbox 2315 1285 2567 1340; x_wconf 59' lang='lat' dir='ltr'><strong>Romam»</strong></span> <span class='ocrx_word' id='word_1_225' title='bbox 2597 1284 2743 1340; x_wconf 89' lang='lat' dir='ltr'><strong>sedis</strong></span> <span class='ocrx_word' id='word_1_226' title='bbox 2774 1283 3066 1357; x_wconf 74' lang='lat' dir='ltr'><strong>[Nomius]</strong></span> <span class='ocrx_word' id='word_1_227' title='bbox 3094 1286 3407 1356; x_wconf 83' lang='lat' dir='ltr'><strong>subseripsi,</strong></span> <span class='ocrx_word' id='word_1_228' title='bbox 3459 1297 3509 1340; x_wconf 89' lang='lat' dir='ltr'><strong>ct</strong></span> 
     </span>
    </p>
   </div>
   <div class='ocr_carea' id='block_1_42' title="bbox 1924 1376 3519 1448">
    <p class='ocr_par' dir='ltr' id='par_1_42' title="bbox 1924 1376 3519 1448">
     <span class='ocr_line' id='line_1_42' title="bbox 1924 1376 3519 1448; baseline 0.001 -15"><span class='ocrx_word' id='word_1_229' title='bbox 1924 1379 2171 1446; x_wconf 86' lang='lat' dir='ltr'><strong>sigillavi.</strong></span> <span class='ocrx_word' id='word_1_230' title='bbox 2204 1378 2391 1431; x_wconf 90' lang='lat' dir='ltr'><strong>Datum</strong></span> <span class='ocrx_word' id='word_1_231' title='bbox 2424 1393 2494 1430; x_wconf 88' lang='lat' dir='ltr'><strong>vn</strong></span> <span class='ocrx_word' id='word_1_232' title='bbox 2526 1376 2747 1433; x_wconf 81' lang='lat' dir='ltr'><strong>Kalend.</strong></span> <span class='ocrx_word' id='word_1_233' title='bbox 2787 1379 2954 1448; x_wconf 79' lang='lat' dir='ltr'><strong>Junii,</strong></span> <span class='ocrx_word' id='word_1_234' title='bbox 2984 1395 3126 1436; x_wconf 88' lang='lat' dir='ltr'><strong>anno</strong></span> <span class='ocrx_word' id='word_1_235' title='bbox 3152 1381 3218 1435; x_wconf 89' lang='lat' dir='ltr'><strong>ab</strong></span> <span class='ocrx_word' id='word_1_236' title='bbox 3257 1381 3519 1437; x_wconf 63' lang='lat' dir='ltr'><strong>lucarua-‘</strong></span> 
     </span>
    </p>
   </div>
   <div class='ocr_carea' id='block_1_43' title="bbox 1926 1469 2810 1537">
    <p class='ocr_par' dir='ltr' id='par_1_43' title="bbox 1926 1469 2810 1537">
     <span class='ocr_line' id='line_1_43' title="bbox 1926 1469 2810 1537; baseline 0.002 -13"><span class='ocrx_word' id='word_1_237' title='bbox 1926 1472 2071 1526; x_wconf 75' lang='lat' dir='ltr'><strong>tione</strong></span> <span class='ocrx_word' id='word_1_238' title='bbox 2099 1471 2304 1526; x_wconf 85' lang='lat' dir='ltr'><strong>DOiuitti</strong></span> <span class='ocrx_word' id='word_1_239' title='bbox 2330 1469 2469 1537; x_wconf 69' lang='lat'><strong>594,</strong></span> <span class='ocrx_word' id='word_1_240' title='bbox 2501 1472 2686 1525; x_wconf 86' lang='lat' dir='ltr'><strong>indict.</strong></span> <span class='ocrx_word' id='word_1_241' title='bbox 2724 1472 2810 1526; x_wconf 89' lang='grc'><strong>11.</strong></span> 
     </span>
    </p>
   </div>
   <div class='ocr_carea' id='block_1_44' title="bbox 2207 1559 3297 1638">
    <p class='ocr_par' dir='ltr' id='par_1_44' title="bbox 2207 1559 3297 1638">
     <span class='ocr_line' id='line_1_44' title="bbox 2207 1559 3297 1638; baseline 0.005 -23"><span class='ocrx_word' id='word_1_242' title='bbox 2207 1561 2270 1615; x_wconf 84' lang='lat' dir='ltr'><strong>V.</strong></span> <span class='ocrx_word' id='word_1_243' title='bbox 2318 1559 2531 1615; x_wconf 83' lang='lat' dir='ltr'><strong>Decreta</strong></span> <span class='ocrx_word' id='word_1_244' title='bbox 2554 1564 2728 1637; x_wconf 73' lang='lat' dir='ltr'><strong>sancti</strong></span> <span class='ocrx_word' id='word_1_245' title='bbox 2759 1562 2991 1634; x_wconf 80' lang='lat' dir='ltr'><strong>Gregorii</strong></span> <span class='ocrx_word' id='word_1_246' title='bbox 3014 1567 3229 1638; x_wconf 77' lang='lat' dir='ltr'><strong>papwl.</strong></span> <span class='ocrx_word' id='word_1_247' title='bbox 3294 1586 3297 1591; x_wconf 53' lang='lat'><em>‘</em></span> 
     </span>
    </p>
   </div>
   <div class='ocr_carea' id='block_1_45' title="bbox 1925 1650 3504 1715">
    <p class='ocr_par' dir='ltr' id='par_1_45' title="bbox 1925 1650 3504 1715">
     <span class='ocr_line' id='line_1_45' title="bbox 1925 1650 3504 1715; baseline 0.006 -15"><span class='ocrx_word' id='word_1_248' title='bbox 1925 1650 1961 1700; x_wconf 88' lang='grc' dir='ltr'><strong>Ῑ.</strong></span> <span class='ocrx_word' id='word_1_249' title='bbox 1998 1651 2075 1702; x_wconf 89' lang='lat' dir='ltr'><strong>De</strong></span> <span class='ocrx_word' id='word_1_250' title='bbox 2114 1654 2270 1702; x_wconf 84' lang='lat' dir='ltr'><strong>oliicio</strong></span> <span class='ocrx_word' id='word_1_251' title='bbox 2308 1654 2616 1715; x_wconf 88' lang='lat' dir='ltr'><strong>diaconorum</strong></span> <span class='ocrx_word' id='word_1_252' title='bbox 2642 1653 2777 1701; x_wconf 88' lang='lat' dir='ltr'><strong>sedis</strong></span> <span class='ocrx_word' id='word_1_253' title='bbox 2799 1657 3254 1715; x_wconf 62' lang='lat' dir='ltr'><strong>apostolicae—ll.</strong></span> <span class='ocrx_word' id='word_1_254' title='bbox 3295 1657 3385 1715; x_wconf 83' lang='lat' dir='ltr'><strong>Qui</strong></span> <span class='ocrx_word' id='word_1_255' title='bbox 3426 1660 3504 1709; x_wconf 80' lang='lat' dir='ltr'><strong>vel</strong></span> 
     </span>
    </p>
   </div>
   <div class='ocr_carea' id='block_1_46' title="bbox 1987 1714 3506 1784">
    <p class='ocr_par' dir='ltr' id='par_1_46' title="bbox 1987 1714 3506 1784">
     <span class='ocr_line' id='line_1_46' title="bbox 1987 1714 3506 1784; baseline 0.005 -19"><span class='ocrx_word' id='word_1_256' title='bbox 1987 1716 2161 1784; x_wconf 74' lang='lat' dir='ltr'><strong>quales</strong></span> <span class='ocrx_word' id='word_1_257' title='bbox 2197 1718 2257 1784; x_wconf 80' lang='lat' dir='ltr'><strong>ad</strong></span> <span class='ocrx_word' id='word_1_258' title='bbox 2281 1714 2443 1763; x_wconf 64' lang='lat' dir='ltr'><strong>cubile</strong></span> <span class='ocrx_word' id='word_1_259' title='bbox 2468 1715 2709 1784; x_wconf 74' lang='lat' dir='ltr'><strong>pontiﬁcis</strong></span> <span class='ocrx_word' id='word_1_260' title='bbox 2741 1714 3047 1769; x_wconf 82' lang='lat' dir='ltr'><strong>deserviant.</strong></span> <span class='ocrx_word' id='word_1_261' title='bbox 3087 1746 3144 1756; x_wconf 88' lang='lat'><strong>—</strong></span> <span class='ocrx_word' id='word_1_262' title='bbox 3184 1719 3270 1768; x_wconf 88' lang='lat' dir='ltr'><strong>lll.</strong></span> <span class='ocrx_word' id='word_1_263' title='bbox 3313 1714 3362 1784; x_wconf 73' lang='lat' dir='ltr'><strong>Si</strong></span> <span class='ocrx_word' id='word_1_264' title='bbox 3403 1726 3506 1784; x_wconf 68' lang='lat' dir='ltr'><strong>quis</strong></span> 
     </span>
    </p>
   </div>
   <div class='ocr_carea' id='block_1_47' title="bbox 1988 1774 3505 1841">
    <p class='ocr_par' dir='ltr' id='par_1_47' title="bbox 1988 1774 3505 1841">
     <span class='ocr_line' id='line_1_47' title="bbox 1988 1774 3505 1841; baseline 0 -14"><span class='ocrx_word' id='word_1_265' title='bbox 1988 1777 2426 1841; x_wconf 71' lang='lat' dir='ltr'><strong>ecclesiasticorum</strong></span> <span class='ocrx_word' id='word_1_266' title='bbox 2449 1774 2826 1841; x_wconf 59' lang='lat' dir='ltr'><strong>titulospouere</strong></span> <span class='ocrx_word' id='word_1_267' title='bbox 2847 1784 3229 1841; x_wconf 77' lang='lat' dir='ltr'><strong>praesumpserit.</strong></span> <span class='ocrx_word' id='word_1_268' title='bbox 3252 1808 3311 1816; x_wconf 93' lang='lat'><strong>—</strong></span> <span class='ocrx_word' id='word_1_269' title='bbox 3331 1774 3505 1832; x_wconf 72' lang='lat' dir='ltr'><strong>l\’.&#39;De</strong></span> 
     </span>
    </p>
   </div>
   <div class='ocr_carea' id='block_1_48' title="bbox 1988 1834 3512 1901">
    <p class='ocr_par' dir='ltr' id='par_1_48' title="bbox 1988 1834 3512 1901">
     <span class='ocr_line' id='line_1_48' title="bbox 1988 1834 3512 1901; baseline 0.005 -17"><span class='ocrx_word' id='word_1_270' title='bbox 1988 1850 2082 1886; x_wconf 87' lang='lat' dir='ltr'><strong>non</strong></span> <span class='ocrx_word' id='word_1_271' title='bbox 2124 1839 2330 1901; x_wconf 75' lang='lat' dir='ltr'><strong>Velando</strong></span> <span class='ocrx_word' id='word_1_272' title='bbox 2370 1834 2558 1901; x_wconf 75' lang='lat' dir='ltr'><strong>feretro</strong></span> <span class='ocrx_word' id='word_1_273' title='bbox 2603 1834 2800 1901; x_wconf 59' lang='lat' dir='ltr'><strong>iibzivani</strong></span> <span class='ocrx_word' id='word_1_274' title='bbox 2848 1834 3101 1901; x_wconf 71' lang='lat' dir='ltr'><strong>pon&#39;ificis.</strong></span> <span class='ocrx_word' id='word_1_275' title='bbox 3130 1842 3268 1889; x_wconf 86' lang='lat' dir='ltr'><strong>-—V.</strong></span> <span class='ocrx_word' id='word_1_276' title='bbox 3302 1843 3365 1892; x_wconf 80' lang='lat' dir='ltr'><strong>Ut</strong></span> <span class='ocrx_word' id='word_1_277' title='bbox 3391 1842 3512 1893; x_wconf 84' lang='lat' dir='ltr'><strong>nihil</strong></span> 
     </span>
    </p>
   </div>
   <div class='ocr_carea' id='block_1_49' title="bbox 1987 1897 3505 1963">
    <p class='ocr_par' dir='ltr' id='par_1_49' title="bbox 1987 1897 3505 1963">
     <span class='ocr_line' id='line_1_49' title="bbox 1987 1897 3505 1963; baseline 0.007 -21"><span class='ocrx_word' id='word_1_278' title='bbox 1987 1912 2075 1963; x_wconf 75' lang='lat' dir='ltr'><strong>pro</strong></span> <span class='ocrx_word' id='word_1_279' title='bbox 2096 1899 2403 1963; x_wconf 79' lang='lat' dir='ltr'><strong>ordinatione</strong></span> <span class='ocrx_word' id='word_1_280' title='bbox 2434 1897 2509 1963; x_wconf 78' lang='lat' dir='ltr'><strong>vel</strong></span> <span class='ocrx_word' id='word_1_281' title='bbox 2539 1897 2702 1963; x_wconf 56' lang='lat' dir='ltr'><strong>pallio,</strong></span> <span class='ocrx_word' id='word_1_282' title='bbox 2730 1897 3013 1963; x_wconf 61' lang='lat' dir='ltr'><strong>etc.,&#39;detnr</strong></span> <span class='ocrx_word' id='word_1_283' title='bbox 3040 1904 3113 1952; x_wconf 75' lang='lat' dir='ltr'><strong>vel</strong></span> <span class='ocrx_word' id='word_1_284' title='bbox 3140 1904 3421 1963; x_wconf 76' lang='lat' dir='ltr'><strong>accipiatur.</strong></span> <span class='ocrx_word' id='word_1_285' title='bbox 3446 1930 3505 1942; x_wconf 77' lang='grc' dir='ltr'><strong>-ο</strong></span> 
     </span>
    </p>
   </div>
   <div class='ocr_carea' id='block_1_50' title="bbox 1985 1958 3515 2024">
    <p class='ocr_par' dir='ltr' id='par_1_50' title="bbox 1985 1958 3515 2024">
     <span class='ocr_line' id='line_1_50' title="bbox 1985 1958 3515 2024; baseline 0.005 -17"><span class='ocrx_word' id='word_1_286' title='bbox 1985 1961 2069 2009; x_wconf 77' lang='lat' dir='ltr'><strong>Vl.</strong></span> <span class='ocrx_word' id='word_1_287' title='bbox 2096 1962 2147 2010; x_wconf 94' lang='lat' dir='ltr'><strong>Si</strong></span> <span class='ocrx_word' id='word_1_288' title='bbox 2166 1962 2277 2024; x_wconf 88' lang='lat' dir='ltr'><strong>quis</strong></span> <span class='ocrx_word' id='word_1_289' title='bbox 2297 1959 2361 2007; x_wconf 91' lang='lat' dir='ltr'><strong>de</strong></span> <span class='ocrx_word' id='word_1_290' title='bbox 2379 1958 2537 2008; x_wconf 82' lang='lat' dir='ltr'><strong>servis</strong></span> <span class='ocrx_word' id='word_1_291' title='bbox 2561 1960 2792 2009; x_wconf 73' lang='lat' dir='ltr'><strong>Ecclesize</strong></span> <span class='ocrx_word' id='word_1_292' title='bbox 2818 1958 2875 2011; x_wconf 80' lang='lat' dir='ltr'><strong>ad</strong></span> <span class='ocrx_word' id='word_1_293' title='bbox 2896 1962 2985 2014; x_wconf 91' lang='lat' dir='ltr'><strong>Dei</strong></span> <span class='ocrx_word' id='word_1_294' title='bbox 3010 1958 3269 2015; x_wconf 64' lang='lat' dir='ltr'><strong>servatum</strong></span> <span class='ocrx_word' id='word_1_295' title='bbox 3291 1964 3515 2015; x_wconf 67' lang='lat' dir='ltr'><strong>converti</strong></span> 
     </span>
    </p>
   </div>
   <div class='ocr_carea' id='block_1_51' title="bbox 1982 2025 3167 2073">
    <p class='ocr_par' dir='ltr' id='par_1_51' title="bbox 1982 2025 3167 2073">
     <span class='ocr_line' id='line_1_51' title="bbox 1982 2025 3167 2073; baseline 0.004 -2"><span class='ocrx_word' id='word_1_296' title='bbox 1982 2025 2257 2073; x_wconf 88' lang='lat' dir='ltr'><strong>desideret.</strong></span> <span class='ocrx_word' id='word_1_297' title='bbox 3164 2038 3167 2041; x_wconf 76' lang='lat'><strong>‘</strong></span> 
     </span>
    </p>
   </div>
   <div class='ocr_carea' id='block_1_52' title="bbox 1996 2107 3505 2179">
    <p class='ocr_par' dir='ltr' id='par_1_52' title="bbox 1996 2107 3505 2179">
     <span class='ocr_line' id='line_1_52' title="bbox 1996 2107 3505 2179; baseline 0.001 -18"><span class='ocrx_word' id='word_1_298' title='bbox 1996 2115 2021 2143; x_wconf 79' lang='grc'><strong>⁸</strong></span> <span class='ocrx_word' id='word_1_299' title='bbox 2074 2108 2350 2178; x_wconf 81' lang='lat' dir='ltr'><strong>Regnante</strong></span> <span class='ocrx_word' id='word_1_300' title='bbox 2403 2110 2453 2163; x_wconf 91' lang='lat' dir='ltr'><strong>in</strong></span> <span class='ocrx_word' id='word_1_301' title='bbox 2508 2116 2821 2179; x_wconf 89' lang='lat' dir='ltr'><strong>perpetuum</strong></span> <span class='ocrx_word' id='word_1_302' title='bbox 2871 2107 3098 2163; x_wconf 90' lang='lat' dir='ltr'><strong>Domino</strong></span> <span class='ocrx_word' id='word_1_303' title='bbox 3144 2117 3329 2162; x_wconf 90' lang='lat' dir='ltr'><strong>nostro</strong></span> <span class='ocrx_word' id='word_1_304' title='bbox 3383 2107 3505 2163; x_wconf 86' lang='lat' dir='ltr'><strong>Jesu</strong></span> 
     </span>
    </p>
   </div>
   <div class='ocr_carea' id='block_1_53' title="bbox 1921 2197 3504 2270">
    <p class='ocr_par' dir='ltr' id='par_1_53' title="bbox 1921 2197 3504 2270">
     <span class='ocr_line' id='line_1_53' title="bbox 1921 2197 3504 2270; baseline 0.001 -18"><span class='ocrx_word' id='word_1_305' title='bbox 1921 2197 2169 2266; x_wconf 88' lang='lat' dir='ltr'><strong>Christo,</strong></span> <span class='ocrx_word' id='word_1_306' title='bbox 2205 2201 2533 2269; x_wconf 85' lang='lat' dir='ltr'><strong>temporibus</strong></span> <span class='ocrx_word' id='word_1_307' title='bbox 2564 2201 2786 2270; x_wconf 89' lang='lat' dir='ltr'><strong>piissimi</strong></span> <span class='ocrx_word' id='word_1_308' title='bbox 2817 2214 2879 2255; x_wconf 90' lang='lat' dir='ltr'><strong>ac</strong></span> <span class='ocrx_word' id='word_1_309' title='bbox 2924 2198 3254 2255; x_wconf 88' lang='lat' dir='ltr'><strong>serenissimi</strong></span> <span class='ocrx_word' id='word_1_310' title='bbox 3306 2198 3504 2254; x_wconf 89' lang='lat' dir='ltr'><strong>domini</strong></span> 
     </span>
    </p>
   </div>
   <div class='ocr_carea' id='block_1_54' title="bbox 1924 2287 3503 2359">
    <p class='ocr_par' dir='ltr' id='par_1_54' title="bbox 1924 2287 3503 2359">
     <span class='ocr_line' id='line_1_54' title="bbox 1924 2287 3503 2359; baseline 0.001 -16"><span class='ocrx_word' id='word_1_311' title='bbox 1924 2287 1949 2326; x_wconf 72' lang='grc' dir='ltr'>δ</span> <span class='ocrx_word' id='word_1_312' title='bbox 1980 2290 2215 2345; x_wconf 83' lang='lat' dir='ltr'><strong>Mauricii</strong></span> <span class='ocrx_word' id='word_1_313' title='bbox 2235 2288 2456 2355; x_wconf 81' lang='lat' dir='ltr'><strong>Tiberii,</strong></span> <span class='ocrx_word' id='word_1_314' title='bbox 2481 2299 2534 2346; x_wconf 88' lang='lat' dir='ltr'><strong>et</strong></span> <span class='ocrx_word' id='word_1_315' title='bbox 2554 2290 2838 2346; x_wconf 83' lang='lat' dir='ltr'><strong>Theodosii</strong></span> <span class='ocrx_word' id='word_1_316' title='bbox 2865 2292 3238 2358; x_wconf 80' lang='lat' dir='ltr'><strong>Augustorum,</strong></span> <span class='ocrx_word' id='word_1_317' title='bbox 3263 2288 3503 2359; x_wconf 84' lang='lat' dir='ltr'><strong>ejusdem</strong></span> 
     </span>
    </p>
   </div>
   <div class='ocr_carea' id='block_1_55' title="bbox 1922 2380 3502 2450">
    <p class='ocr_par' dir='ltr' id='par_1_55' title="bbox 1922 2380 3502 2450">
     <span class='ocr_line' id='line_1_55' title="bbox 1922 2380 3502 2450; baseline -0.003 -16"><span class='ocrx_word' id='word_1_318' title='bbox 1922 2380 2126 2435; x_wconf 81' lang='lat' dir='ltr'><strong>domini</strong></span> <span class='ocrx_word' id='word_1_319' title='bbox 2165 2380 2373 2450; x_wconf 88' lang='lat' dir='ltr'><strong>imperii</strong></span> <span class='ocrx_word' id='word_1_320' title='bbox 2425 2382 2657 2434; x_wconf 86' lang='lat' dir='ltr'><strong>Mauricii</strong></span> <span class='ocrx_word' id='word_1_321' title='bbox 2706 2394 2848 2433; x_wconf 87' lang='lat' dir='ltr'><strong>anno</strong></span> <span class='ocrx_word' id='word_1_322' title='bbox 2893 2380 3051 2433; x_wconf 82' lang='lat' dir='ltr'><strong>tertio</strong></span> <span class='ocrx_word' id='word_1_323' title='bbox 3095 2380 3339 2445; x_wconf 81' lang='lat' dir='ltr'><strong>decimo,</strong></span> <span class='ocrx_word' id='word_1_324' title='bbox 3377 2391 3399 2419; x_wconf 80' lang='grc' dir='ltr'><strong>ι·</strong></span> <span class='ocrx_word' id='word_1_325' title='bbox 3432 2382 3502 2432; x_wconf 81' lang='lat' dir='ltr'><strong>iu-</strong></span> 
     </span>
    </p>
   </div>
   <div class='ocr_carea' id='block_1_56' title="bbox 1922 2468 3503 2536">
    <p class='ocr_par' dir='ltr' id='par_1_56' title="bbox 1922 2468 3503 2536">
     <span class='ocr_line' id='line_1_56' title="bbox 1922 2468 3503 2536; baseline -0.001 -13"><span class='ocrx_word' id='word_1_326' title='bbox 1922 2469 2156 2523; x_wconf 85' lang='lat' dir='ltr'><strong>dictione</strong></span> <span class='ocrx_word' id='word_1_327' title='bbox 2184 2469 2338 2522; x_wconf 85' lang='lat' dir='ltr'><strong>tertia</strong></span> <span class='ocrx_word' id='word_1_328' title='bbox 2368 2468 2595 2533; x_wconf 87' lang='lat' dir='ltr'><strong>decima,</strong></span> <span class='ocrx_word' id='word_1_329' title='bbox 2628 2468 2815 2536; x_wconf 87' lang='lat' dir='ltr'><strong>quinto</strong></span> <span class='ocrx_word' id='word_1_330' title='bbox 2836 2468 2921 2521; x_wconf 90' lang='lat' dir='ltr'><strong>die</strong></span> <span class='ocrx_word' id='word_1_331' title='bbox 2952 2472 3153 2521; x_wconf 86' lang='lat' dir='ltr'><strong>mensis</strong></span> <span class='ocrx_word' id='word_1_332' title='bbox 3177 2468 3323 2532; x_wconf 78' lang='lat' dir='ltr'><strong>Julii,</strong></span> <span class='ocrx_word' id='word_1_333' title='bbox 3375 2468 3503 2522; x_wconf 83' lang='lat' dir='ltr'><strong>Gre-</strong></span> 
     </span>
    </p>
   </div>
   <div class='ocr_carea' id='block_1_57' title="bbox 1920 2558 3512 2630">
    <p class='ocr_par' dir='ltr' id='par_1_57' title="bbox 1920 2558 3512 2630">
     <span class='ocr_line' id='line_1_57' title="bbox 1920 2558 3512 2630; baseline 0.001 -15"><span class='ocrx_word' id='word_1_334' title='bbox 1920 2561 2102 2627; x_wconf 80' lang='lat' dir='ltr'><strong>gorius</strong></span> <span class='ocrx_word' id='word_1_335' title='bbox 2129 2575 2261 2630; x_wconf 87' lang='lat' dir='ltr'><strong>papa</strong></span> <span class='ocrx_word' id='word_1_336' title='bbox 2294 2575 2472 2615; x_wconf 90' lang='lat' dir='ltr'><strong>coram</strong></span> <span class='ocrx_word' id='word_1_337' title='bbox 2512 2560 2854 2613; x_wconf 89' lang='lat' dir='ltr'><strong>sanctissimo</strong></span> <span class='ocrx_word' id='word_1_338' title='bbox 2882 2560 3021 2614; x_wconf 84' lang='lat' dir='ltr'><strong>beati</strong></span> <span class='ocrx_word' id='word_1_339' title='bbox 3064 2558 3207 2613; x_wconf 87' lang='lat' dir='ltr'><strong>Petri</strong></span> <span class='ocrx_word' id='word_1_340' title='bbox 3257 2576 3512 2629; x_wconf 65' lang='lat' dir='ltr'><strong>corpore,</strong></span> 
     </span>
    </p>
   </div>
   <div class='ocr_carea' id='block_1_58' title="bbox 1922 2648 3514 2724">
    <p class='ocr_par' dir='ltr' id='par_1_58' title="bbox 1922 2648 3514 2724">
     <span class='ocr_line' id='line_1_58' title="bbox 1922 2648 3514 2724; baseline 0.003 -19"><span class='ocrx_word' id='word_1_341' title='bbox 1922 2648 1947 2688; x_wconf 74' lang='grc' dir='ltr'><em>ά</em></span> <span class='ocrx_word' id='word_1_342' title='bbox 1980 2667 2100 2706; x_wconf 91' lang='lat' dir='ltr'><strong>cum</strong></span> <span class='ocrx_word' id='word_1_343' title='bbox 2127 2654 2393 2722; x_wconf 89' lang='lat' dir='ltr'><strong>episcopis</strong></span> <span class='ocrx_word' id='word_1_344' title='bbox 2430 2653 2676 2708; x_wconf 89' lang='lat' dir='ltr'><strong>omnibus</strong></span> <span class='ocrx_word' id='word_1_345' title='bbox 2704 2668 2767 2707; x_wconf 93' lang='lat' dir='ltr'><strong>ac</strong></span> <span class='ocrx_word' id='word_1_346' title='bbox 2788 2653 3041 2707; x_wconf 68' lang='lat' dir='ltr'><strong>Romana:</strong></span> <span class='ocrx_word' id='word_1_347' title='bbox 3071 2653 3324 2709; x_wconf 73' lang='lat' dir='ltr'><strong>Ecclesia:</strong></span> <span class='ocrx_word' id='word_1_348' title='bbox 3368 2670 3514 2724; x_wconf 79' lang='lat' dir='ltr'><strong>pres-</strong></span> 
     </span>
    </p>
   </div>
   <div class='ocr_carea' id='block_1_59' title="bbox 1924 2743 3501 2814">
    <p class='ocr_par' dir='ltr' id='par_1_59' title="bbox 1924 2743 3501 2814">
     <span class='ocr_line' id='line_1_59' title="bbox 1924 2743 3501 2814; baseline 0.001 -17"><span class='ocrx_word' id='word_1_349' title='bbox 1924 2744 2126 2814; x_wconf 87' lang='lat' dir='ltr'><strong>byteris</strong></span> <span class='ocrx_word' id='word_1_350' title='bbox 2174 2746 2438 2808; x_wconf 89' lang='lat' dir='ltr'><strong>residens.</strong></span> <span class='ocrx_word' id='word_1_351' title='bbox 2488 2745 2784 2799; x_wconf 84' lang='lat' dir='ltr'><strong>astantibus</strong></span> <span class='ocrx_word' id='word_1_352' title='bbox 2824 2743 3160 2810; x_wconf 86' lang='lat' dir='ltr'><strong>diacouibns,</strong></span> <span class='ocrx_word' id='word_1_353' title='bbox 3214 2753 3269 2801; x_wconf 93' lang='lat' dir='ltr'><strong>et</strong></span> <span class='ocrx_word' id='word_1_354' title='bbox 3312 2757 3501 2800; x_wconf 82' lang='lat' dir='ltr'><strong>cuncto</strong></span> 
     </span>
    </p>
   </div>
   <div class='ocr_carea' id='block_1_60' title="bbox 1924 2834 2270 2890">
    <p class='ocr_par' dir='ltr' id='par_1_60' title="bbox 1924 2834 2270 2890">
     <span class='ocr_line' id='line_1_60' title="bbox 1924 2834 2270 2890; baseline -0.003 0"><span class='ocrx_word' id='word_1_355' title='bbox 1924 2835 2069 2890; x_wconf 79' lang='lat' dir='ltr'><strong>clero</strong></span> <span class='ocrx_word' id='word_1_356' title='bbox 2098 2834 2270 2889; x_wconf 81' lang='lat' dir='ltr'><strong>dixit:</strong></span> 
     </span>
    </p>
   </div>
   <div class='ocr_carea' id='block_1_61' title="bbox 304 2932 1806 3045">
    <p class='ocr_par' dir='ltr' id='par_1_61' title="bbox 304 2972 1800 3045">
     <span class='ocr_line' id='line_1_61' title="bbox 304 2972 1800 3045; baseline 0.001 -20"><span class='ocrx_word' id='word_1_357' title='bbox 304 2972 366 3045; x_wconf 80' lang='lat' dir='ltr'><strong>v.</strong></span> <span class='ocrx_word' id='word_1_358' title='bbox 400 2972 647 3045; x_wconf 66' lang='lat' dir='ltr'><strong>Daonst-it</strong></span> <span class='ocrx_word' id='word_1_359' title='bbox 675 2973 782 3045; x_wconf 73' lang='lat' dir='ltr'><strong>[AL</strong></span> <span class='ocrx_word' id='word_1_360' title='bbox 814 2972 895 3036; x_wconf 72' lang='lat' dir='ltr'><strong>M,</strong></span> <span class='ocrx_word' id='word_1_361' title='bbox 924 2973 1014 3045; x_wconf 80' lang='lat' dir='ltr'><strong>lib.</strong></span> <span class='ocrx_word' id='word_1_362' title='bbox 1046 2987 1118 3036; x_wconf 82' lang='lat' dir='ltr'><strong>IV.</strong></span> <span class='ocrx_word' id='word_1_363' title='bbox 1147 2973 1255 3027; x_wconf 86' lang='lat' dir='ltr'><strong>ind.</strong></span> <span class='ocrx_word' id='word_1_364' title='bbox 1282 2973 1397 3045; x_wconf 70' lang='lat' dir='ltr'><strong>is].</strong></span> <span class='ocrx_word' id='word_1_365' title='bbox 1430 3004 1497 3015; x_wconf 88' lang='grc'><strong><em>-</em></strong></span> <span class='ocrx_word' id='word_1_366' title='bbox 1531 2982 1569 3045; x_wconf 17' lang='grc' dir='ltr'><strong>ιν</strong></span> <span class='ocrx_word' id='word_1_367' title='bbox 1599 2972 1800 3045; x_wconf 82' lang='lat' dir='ltr'><strong>Synodi</strong></span> 
     </span>
    </p>
   </div>
   <div class='ocr_carea' id='block_1_62' title="bbox 1921 2932 3499 3045">
    <p class='ocr_par' dir='ltr' id='par_1_62' title="bbox 1921 2967 3499 3045">
     <span class='ocr_line' id='line_1_62' title="bbox 1921 2967 3499 3045; baseline 0 -20"><span class='ocrx_word' id='word_1_368' title='bbox 1921 2967 2115 3045; x_wconf 69' lang='lat' dir='ltr'><strong>Seven.</strong></span> <span class='ocrx_word' id='word_1_369' title='bbox 2147 2969 2358 3045; x_wconf 48' lang='lat' dir='ltr'><strong>Bimu—</strong></span> <span class='ocrx_word' id='word_1_370' title='bbox 2383 2967 2740 3045; x_wconf 69' lang='lat' dir='ltr'><strong>limc_decreta</strong></span> <span class='ocrx_word' id='word_1_371' title='bbox 2767 2968 2954 3045; x_wconf 77' lang='lat' dir='ltr'><strong>eadem</strong></span> <span class='ocrx_word' id='word_1_372' title='bbox 2981 2969 3198 3045; x_wconf 74' lang='lat' dir='ltr'><strong>omnino</strong></span> <span class='ocrx_word' id='word_1_373' title='bbox 3223 2979 3350 3025; x_wconf 87' lang='lat' dir='ltr'><strong>sunt</strong></span> <span class='ocrx_word' id='word_1_374' title='bbox 3378 2988 3499 3030; x_wconf 90' lang='lat' dir='ltr'><strong>cum</strong></span> 
     </span>
    </p>
   </div>
   <div class='ocr_carea' id='block_1_63' title="bbox 226 3042 1802 3113">
    <p class='ocr_par' dir='ltr' id='par_1_63' title="bbox 226 3042 1802 3113">
     <span class='ocr_line' id='line_1_63' title="bbox 226 3042 1802 3113; baseline 0.001 -18"><span class='ocrx_word' id='word_1_375' title='bbox 226 3042 387 3113; x_wconf 83' lang='lat' dir='ltr'><strong>hujus</strong></span> <span class='ocrx_word' id='word_1_376' title='bbox 420 3042 901 3097; x_wconf 30' lang='lat' dir='ltr'><strong>meminit‘sanctus</strong></span> <span class='ocrx_word' id='word_1_377' title='bbox 929 3044 1245 3113; x_wconf 79' lang='lat' dir='ltr'><strong>Gregorius,</strong></span> <span class='ocrx_word' id='word_1_378' title='bbox 1280 3042 1375 3098; x_wconf 59' lang='lat' dir='ltr'><strong>lib:</strong></span> <span class='ocrx_word' id='word_1_379' title='bbox 1397 3060 1450 3113; x_wconf 74' lang='grc' dir='ltr'><strong>ν,</strong></span> <span class='ocrx_word' id='word_1_380' title='bbox 1488 3044 1647 3101; x_wconf 77' lang='lat' dir='ltr'><strong>epist.</strong></span> <span class='ocrx_word' id='word_1_381' title='bbox 1692 3042 1754 3094; x_wconf 80' lang='grc'><strong>57</strong></span> <span class='ocrx_word' id='word_1_382' title='bbox 1790 3061 1802 3095; x_wconf 94' lang='lat'>:</span> 
     </span>
    </p>
   </div>
   <div class='ocr_carea' id='block_1_64' title="bbox 229 3112 1809 3184">
    <p class='ocr_par' dir='ltr' id='par_1_64' title="bbox 229 3112 1809 3184">
     <span class='ocr_line' id='line_1_64' title="bbox 229 3112 1809 3184; baseline 0.001 -20"><span class='ocrx_word' id='word_1_383' title='bbox 229 3112 389 3166; x_wconf 68' lang='lat' dir='ltr'><strong>Novit</strong></span> <span class='ocrx_word' id='word_1_384' title='bbox 426 3122 595 3184; x_wconf 81' lang='lat' dir='ltr'><strong>autem</strong></span> <span class='ocrx_word' id='word_1_385' title='bbox 626 3113 915 3181; x_wconf 80' lang='lat' dir='ltr'><strong>fraternitas</strong></span> <span class='ocrx_word' id='word_1_386' title='bbox 944 3112 1108 3167; x_wconf 80' lang='lat' dir='ltr'><strong>vestra</strong></span> <span class='ocrx_word' id='word_1_387' title='bbox 1137 3114 1255 3182; x_wconf 83' lang='lat' dir='ltr'><strong>quia</strong></span> <span class='ocrx_word' id='word_1_388' title='bbox 1286 3115 1425 3183; x_wconf 86' lang='lat' dir='ltr'><strong>prius</strong></span> <span class='ocrx_word' id='word_1_389' title='bbox 1453 3114 1667 3184; x_wconf 77' lang='lat' dir='ltr'><strong>pallium</strong></span> <span class='ocrx_word' id='word_1_390' title='bbox 1709 3114 1809 3166; x_wconf 87' lang='lat' dir='ltr'><strong>nisi</strong></span> 
     </span>
    </p>
   </div>
   <div class='ocr_carea' id='block_1_65' title="bbox 224 3183 1810 3251">
    <p class='ocr_par' dir='ltr' id='par_1_65' title="bbox 224 3183 1810 3251">
     <span class='ocr_line' id='line_1_65' title="bbox 224 3183 1810 3251; baseline 0.001 -17"><span class='ocrx_word' id='word_1_391' title='bbox 224 3184 348 3234; x_wconf 80' lang='lat' dir='ltr'><strong>doto</strong></span> <span class='ocrx_word' id='word_1_392' title='bbox 369 3183 627 3235; x_wconf 89' lang='lat' dir='ltr'><strong>commodo</strong></span> <span class='ocrx_word' id='word_1_393' title='bbox 646 3201 742 3236; x_wconf 85' lang='lat' dir='ltr'><strong>nou</strong></span> <span class='ocrx_word' id='word_1_394' title='bbox 771 3184 1007 3236; x_wconf 85' lang='lat' dir='ltr'><strong>dabatur.</strong></span> <span class='ocrx_word' id='word_1_395' title='bbox 1036 3184 1186 3250; x_wconf 83' lang='lat' dir='ltr'><strong>Quod</strong></span> <span class='ocrx_word' id='word_1_396' title='bbox 1210 3185 1448 3251; x_wconf 42' lang='lat' dir='ltr'><strong>quantum</strong></span> <span class='ocrx_word' id='word_1_397' title='bbox 1474 3187 1810 3251; x_wconf 82' lang='lat' dir='ltr'><strong>incongruum</strong></span> 
     </span>
    </p>
   </div>
   <div class='ocr_carea' id='block_1_66' title="bbox 224 3254 1810 3320">
    <p class='ocr_par' dir='ltr' id='par_1_66' title="bbox 224 3254 1810 3320">
     <span class='ocr_line' id='line_1_66' title="bbox 224 3254 1810 3320; baseline 0.001 -15"><span class='ocrx_word' id='word_1_398' title='bbox 224 3262 358 3317; x_wconf 80' lang='lat' dir='ltr'><strong>emt,</strong></span> <span class='ocrx_word' id='word_1_399' title='bbox 397 3256 529 3319; x_wconf 79' lang='lat' dir='ltr'><strong>[acto</strong></span> <span class='ocrx_word' id='word_1_400' title='bbox 558 3255 776 3307; x_wconf 84' lang='lat' dir='ltr'><strong>concilio</strong></span> <span class='ocrx_word' id='word_1_401' title='bbox 797 3264 913 3307; x_wconf 85' lang='lat' dir='ltr'><strong>ante</strong></span> <span class='ocrx_word' id='word_1_402' title='bbox 940 3270 1123 3320; x_wconf 84' lang='lat' dir='ltr'><strong>corpus</strong></span> <span class='ocrx_word' id='word_1_403' title='bbox 1150 3254 1279 3308; x_wconf 83' lang='lat' dir='ltr'><strong>benti</strong></span> <span class='ocrx_word' id='word_1_404' title='bbox 1328 3254 1538 3311; x_wconf 86' lang='lat' dir='ltr'><strong>Petri...</strong></span> <span class='ocrx_word' id='word_1_405' title='bbox 1595 3267 1699 3307; x_wconf 87' lang='lat' dir='ltr'><strong>tam</strong></span> <span class='ocrx_word' id='word_1_406' title='bbox 1745 3254 1810 3307; x_wconf 86' lang='lat' dir='ltr'><strong>de</strong></span> 
     </span>
    </p>
   </div>
   <div class='ocr_carea' id='block_1_67' title="bbox 223 3322 1807 3394">
    <p class='ocr_par' dir='ltr' id='par_1_67' title="bbox 223 3322 1807 3394">
     <span class='ocr_line' id='line_1_67' title="bbox 223 3322 1807 3394; baseline 0.002 -20"><span class='ocrx_word' id='word_1_407' title='bbox 223 3322 321 3375; x_wconf 83' lang='lat' dir='ltr'><strong>hoc</strong></span> <span class='ocrx_word' id='word_1_408' title='bbox 350 3339 503 3390; x_wconf 81' lang='lat' dir='ltr'><strong>quam</strong></span> <span class='ocrx_word' id='word_1_409' title='bbox 533 3327 594 3377; x_wconf 90' lang='lat' dir='ltr'><strong>de</strong></span> <span class='ocrx_word' id='word_1_410' title='bbox 630 3325 1038 3379; x_wconf 80' lang='lat' dir='ltr'><strong>ordinationibus</strong></span> <span class='ocrx_word' id='word_1_411' title='bbox 1065 3325 1258 3392; x_wconf 83' lang='lat' dir='ltr'><strong>aliquid</strong></span> <span class='ocrx_word' id='word_1_412' title='bbox 1301 3328 1552 3394; x_wconf 85' lang='lat' dir='ltr'><strong>accipere,</strong></span> <span class='ocrx_word' id='word_1_413' title='bbox 1597 3326 1686 3378; x_wconf 86' lang='lat' dir='ltr'><strong>sub</strong></span> <span class='ocrx_word' id='word_1_414' title='bbox 1728 3325 1807 3377; x_wconf 53' lang='lat' dir='ltr'><strong>dic</strong></span> 
     </span>
    </p>
   </div>
   <div class='ocr_carea' id='block_1_68' title="bbox 222 3394 1808 3449">
    <p class='ocr_par' dir='ltr' id='par_1_68' title="bbox 222 3394 1808 3449">
     <span class='ocr_line' id='line_1_68' title="bbox 222 3394 1808 3449; baseline 0.002 -5"><span class='ocrx_word' id='word_1_415' title='bbox 222 3395 402 3445; x_wconf 83' lang='lat' dir='ltr'><strong>stricta</strong></span> <span class='ocrx_word' id='word_1_416' title='bbox 446 3394 794 3449; x_wconf 79' lang='lat' dir='ltr'><strong>interdictione</strong></span> <span class='ocrx_word' id='word_1_417' title='bbox 842 3396 1108 3448; x_wconf 83' lang='lat' dir='ltr'><strong>vetuimus.</strong></span> <span class='ocrx_word' id='word_1_418' title='bbox 1165 3396 1388 3448; x_wconf 87' lang='lat' dir='ltr'><strong>Exstant</strong></span> <span class='ocrx_word' id='word_1_419' title='bbox 1438 3406 1612 3449; x_wconf 88' lang='lat' dir='ltr'><strong>autem</strong></span> <span class='ocrx_word' id='word_1_420' title='bbox 1667 3394 1808 3448; x_wconf 88' lang='lat' dir='ltr'><strong>illius</strong></span> 
     </span>
    </p>
   </div>
   <div class='ocr_carea' id='block_1_69' title="bbox 224 3461 1805 3531">
    <p class='ocr_par' dir='ltr' id='par_1_69' title="bbox 224 3461 1805 3531">
     <span class='ocr_line' id='line_1_69' title="bbox 224 3461 1805 3531; baseline 0.001 -16"><span class='ocrx_word' id='word_1_421' title='bbox 224 3461 413 3531; x_wconf 81' lang='lat' dir='ltr'><strong>synodi</strong></span> <span class='ocrx_word' id='word_1_422' title='bbox 438 3463 564 3517; x_wconf 85' lang='lat' dir='ltr'><strong>Acta</strong></span> <span class='ocrx_word' id='word_1_423' title='bbox 598 3465 647 3518; x_wconf 94' lang='lat' dir='ltr'><strong>iu</strong></span> <span class='ocrx_word' id='word_1_424' title='bbox 674 3464 839 3520; x_wconf 87' lang='lat' dir='ltr'><strong>Codd.</strong></span> <span class='ocrx_word' id='word_1_425' title='bbox 865 3464 1097 3519; x_wconf 88' lang='lat' dir='ltr'><strong>Colbert.</strong></span> <span class='ocrx_word' id='word_1_426' title='bbox 1119 3463 1278 3518; x_wconf 90' lang='lat' dir='ltr'><strong>Corb.</strong></span> <span class='ocrx_word' id='word_1_427' title='bbox 1311 3472 1364 3519; x_wconf 90' lang='lat' dir='ltr'><strong>et</strong></span> <span class='ocrx_word' id='word_1_428' title='bbox 1394 3464 1512 3519; x_wconf 90' lang='lat' dir='ltr'><strong>aliis</strong></span> <span class='ocrx_word' id='word_1_429' title='bbox 1544 3466 1805 3530; x_wconf 83' lang='lat' dir='ltr'><strong>plurimis,</strong></span> 
     </span>
    </p>
   </div>
   <div class='ocr_carea' id='block_1_70' title="bbox 225 3534 1807 3603">
    <p class='ocr_par' dir='ltr' id='par_1_70' title="bbox 225 3534 1807 3603">
     <span class='ocr_line' id='line_1_70' title="bbox 225 3534 1807 3603; baseline 0.003 -18"><span class='ocrx_word' id='word_1_430' title='bbox 225 3534 279 3585; x_wconf 92' lang='lat' dir='ltr'><strong>in</strong></span> <span class='ocrx_word' id='word_1_431' title='bbox 312 3535 495 3596; x_wconf 82' lang='lat' dir='ltr'><strong>calce;</strong></span> <span class='ocrx_word' id='word_1_432' title='bbox 526 3548 816 3603; x_wconf 84' lang='lat' dir='ltr'><strong>eorumque</strong></span> <span class='ocrx_word' id='word_1_433' title='bbox 857 3535 1164 3590; x_wconf 90' lang='lat' dir='ltr'><strong>meminisse</strong></span> <span class='ocrx_word' id='word_1_434' title='bbox 1199 3534 1409 3588; x_wconf 88' lang='lat' dir='ltr'><strong>videtur</strong></span> <span class='ocrx_word' id='word_1_435' title='bbox 1454 3535 1614 3599; x_wconf 83' lang='lat' dir='ltr'><strong>Beda,</strong></span> <span class='ocrx_word' id='word_1_436' title='bbox 1648 3537 1740 3589; x_wconf 91' lang='lat' dir='ltr'><strong>lib.</strong></span> <span class='ocrx_word' id='word_1_437' title='bbox 1769 3550 1807 3590; x_wconf 84' lang='lat' dir='ltr'><strong>tt</strong></span> 
     </span>
    </p>
   </div>
   <div class='ocr_carea' id='block_1_71' title="bbox 226 3603 1802 3675">
    <p class='ocr_par' dir='ltr' id='par_1_71' title="bbox 226 3603 1802 3675">
     <span class='ocr_line' id='line_1_71' title="bbox 226 3603 1802 3675; baseline 0.003 -21"><span class='ocrx_word' id='word_1_438' title='bbox 226 3603 529 3675; x_wconf 15' lang='lat' dir='ltr'><strong>llistor..rc.</strong></span> <span class='ocrx_word' id='word_1_439' title='bbox 565 3604 588 3657; x_wconf 89' lang='grc'><strong>1</strong></span> <span class='ocrx_word' id='word_1_440' title='bbox 623 3622 636 3656; x_wconf 91' lang='lat'><strong>:</strong></span> <span class='ocrx_word' id='word_1_441' title='bbox 682 3603 928 3674; x_wconf 71' lang='lat' dir='ltr'><strong>Excepto,</strong></span> <span class='ocrx_word' id='word_1_442' title='bbox 969 3604 1159 3673; x_wconf 84' lang='lat' dir='ltr'><strong>inquit,</strong></span> <span class='ocrx_word' id='word_1_443' title='bbox 1206 3606 1336 3657; x_wconf 89' lang='lat' dir='ltr'><strong>libro</strong></span> <span class='ocrx_word' id='word_1_444' title='bbox 1380 3603 1802 3675; x_wconf 81' lang='lat' dir='ltr'><strong>Responsionum,</strong></span> 
     </span>
    </p>
   </div>
   <div class='ocr_carea' id='block_1_72' title="bbox 222 3674 1807 3744">
    <p class='ocr_par' dir='ltr' id='par_1_72' title="bbox 222 3674 1807 3744">
     <span class='ocr_line' id='line_1_72' title="bbox 222 3674 1807 3744; baseline 0.004 -21"><span class='ocrx_word' id='word_1_445' title='bbox 222 3687 374 3739; x_wconf 83' lang='lat' dir='ltr'><strong>quem</strong></span> <span class='ocrx_word' id='word_1_446' title='bbox 399 3674 465 3726; x_wconf 88' lang='lat' dir='ltr'><strong>ad</strong></span> <span class='ocrx_word' id='word_1_447' title='bbox 491 3674 909 3744; x_wconf 83' lang='lat' dir='ltr'><strong>interrogationes</strong></span> <span class='ocrx_word' id='word_1_448' title='bbox 934 3676 1095 3727; x_wconf 86' lang='lat' dir='ltr'><strong>sancti</strong></span> <span class='ocrx_word' id='word_1_449' title='bbox 1127 3675 1395 3743; x_wconf 81' lang='lat' dir='ltr'><strong>Augustini</strong></span> <span class='ocrx_word' id='word_1_450' title='bbox 1432 3677 1583 3742; x_wconf 85' lang='lat' dir='ltr'><strong>primi</strong></span> <span class='ocrx_word' id='word_1_451' title='bbox 1613 3674 1807 3744; x_wconf 82' lang='lat' dir='ltr'><strong>Anglo-</strong></span> 
     </span>
    </p>
   </div>
   <div class='ocr_carea' id='block_1_73' title="bbox 220 3744 1805 3814">
    <p class='ocr_par' dir='ltr' id='par_1_73' title="bbox 220 3744 1805 3814">
     <span class='ocr_line' id='line_1_73' title="bbox 220 3744 1805 3814; baseline 0.004 -22"><span class='ocrx_word' id='word_1_452' title='bbox 220 3759 339 3814; x_wconf 79' lang='lat' dir='ltr'><strong>rum</strong></span> <span class='ocrx_word' id='word_1_453' title='bbox 368 3744 527 3812; x_wconf 86' lang='lat' dir='ltr'><strong>gentis</strong></span> <span class='ocrx_word' id='word_1_454' title='bbox 548 3745 769 3814; x_wconf 83' lang='lat' dir='ltr'><strong>episcopi</strong></span> <span class='ocrx_word' id='word_1_455' title='bbox 794 3745 1016 3811; x_wconf 75' lang='lat' dir='ltr'><strong>scripsit,</strong></span> <span class='ocrx_word' id='word_1_456' title='bbox 1051 3754 1107 3797; x_wconf 86' lang='lat' dir='ltr'><strong>ut</strong></span> <span class='ocrx_word' id='word_1_457' title='bbox 1138 3760 1297 3811; x_wconf 85' lang='lat' dir='ltr'><strong>supra</strong></span> <span class='ocrx_word' id='word_1_458' title='bbox 1327 3746 1703 3801; x_wconf 84' lang='lat' dir='ltr'><strong>docuimus.....</strong></span> <span class='ocrx_word' id='word_1_459' title='bbox 1735 3747 1805 3799; x_wconf 89' lang='lat' dir='ltr'><strong>li-</strong></span> 
     </span>
    </p>
   </div>
   <div class='ocr_carea' id='block_1_74' title="bbox 222 3812 1806 3885">
    <p class='ocr_par' dir='ltr' id='par_1_74' title="bbox 222 3812 1806 3885">
     <span class='ocr_line' id='line_1_74' title="bbox 222 3812 1806 3885; baseline 0.002 -20"><span class='ocrx_word' id='word_1_460' title='bbox 222 3812 583 3885; x_wconf 14' lang='lat' dir='ltr'><strong>bello‘quoque</strong></span> <span class='ocrx_word' id='word_1_461' title='bbox 605 3812 885 3884; x_wconf 82' lang='lat' dir='ltr'><strong>Synodico.</strong></span> <span class='ocrx_word' id='word_1_462' title='bbox 910 3831 1055 3884; x_wconf 86' lang='lat' dir='ltr'><strong>quem</strong></span> <span class='ocrx_word' id='word_1_463' title='bbox 1081 3830 1194 3868; x_wconf 87' lang='lat' dir='ltr'><strong>cum</strong></span> <span class='ocrx_word' id='word_1_464' title='bbox 1221 3816 1471 3885; x_wconf 80' lang='lat' dir='ltr'><strong>episcopis</strong></span> <span class='ocrx_word' id='word_1_465' title='bbox 1491 3818 1554 3869; x_wconf 91' lang='lat' dir='ltr'><strong>de</strong></span> <span class='ocrx_word' id='word_1_466' title='bbox 1578 3833 1806 3870; x_wconf 82' lang='lat' dir='ltr'><strong>necessa-</strong></span> 
     </span>
    </p>
   </div>
   <div class='ocr_carea' id='block_1_75' title="bbox 222 3882 1806 3955">
    <p class='ocr_par' dir='ltr' id='par_1_75' title="bbox 222 3882 1806 3955">
     <span class='ocr_line' id='line_1_75' title="bbox 222 3882 1806 3955; baseline 0.005 -24"><span class='ocrx_word' id='word_1_467' title='bbox 222 3883 317 3935; x_wconf 88' lang='lat' dir='ltr'><strong>riis</strong></span> <span class='ocrx_word' id='word_1_468' title='bbox 342 3882 579 3955; x_wconf 53' lang='lat' dir='ltr'><strong>Ecclesiae</strong></span> <span class='ocrx_word' id='word_1_469' title='bbox 607 3882 773 3938; x_wconf 80' lang='lat' dir='ltr'><strong>causis</strong></span> <span class='ocrx_word' id='word_1_470' title='bbox 794 3882 1119 3939; x_wconf 78' lang='lat' dir='ltr'><strong>utilissimum</strong></span> <span class='ocrx_word' id='word_1_471' title='bbox 1140 3882 1442 3955; x_wconf 81' lang='lat' dir='ltr'><strong>composuit,</strong></span> <span class='ocrx_word' id='word_1_472' title='bbox 1466 3895 1571 3941; x_wconf 86' lang='lat' dir='ltr'><strong>etc.</strong></span> <span class='ocrx_word' id='word_1_473' title='bbox 1602 3886 1806 3940; x_wconf 81' lang='lat' dir='ltr'><strong>Praeter</strong></span> 
     </span>
    </p>
   </div>
   <div class='ocr_carea' id='block_1_76' title="bbox 223 3951 1801 4023">
    <p class='ocr_par' dir='ltr' id='par_1_76' title="bbox 223 3951 1801 4023">
     <span class='ocr_line' id='line_1_76' title="bbox 223 3951 1801 4023; baseline 0.004 -19"><span class='ocrx_word' id='word_1_474' title='bbox 223 3966 356 4005; x_wconf 86' lang='lat' dir='ltr'><strong>mss.</strong></span> <span class='ocrx_word' id='word_1_475' title='bbox 387 3951 609 4023; x_wconf 84' lang='lat' dir='ltr'><strong>Codices</strong></span> <span class='ocrx_word' id='word_1_476' title='bbox 638 3957 983 4023; x_wconf 88' lang='lat' dir='ltr'><strong>epistolarum</strong></span> <span class='ocrx_word' id='word_1_477' title='bbox 1006 3998 1019 4018; x_wconf 89' lang='lat'><strong>,</strong></span> <span class='ocrx_word' id='word_1_478' title='bbox 1060 3957 1194 4009; x_wconf 89' lang='lat' dir='ltr'><strong>alius</strong></span> <span class='ocrx_word' id='word_1_479' title='bbox 1226 3951 1276 4008; x_wconf 84' lang='lat' dir='ltr'><strong>in</strong></span> <span class='ocrx_word' id='word_1_480' title='bbox 1308 3971 1411 4021; x_wconf 89' lang='lat' dir='ltr'><strong>quo</strong></span> <span class='ocrx_word' id='word_1_481' title='bbox 1444 3956 1705 4010; x_wconf 85' lang='lat' dir='ltr'><strong>habentur</strong></span> <span class='ocrx_word' id='word_1_482' title='bbox 1735 3974 1801 4011; x_wconf 82' lang='lat' dir='ltr'><strong>xi.</strong></span> 
     </span>
    </p>
   </div>
   <div class='ocr_carea' id='block_1_77' title="bbox 223 4022 1803 4095">
    <p class='ocr_par' dir='ltr' id='par_1_77' title="bbox 223 4022 1803 4095">
     <span class='ocr_line' id='line_1_77' title="bbox 223 4022 1803 4095; baseline 0.005 -21"><span class='ocrx_word' id='word_1_483' title='bbox 223 4022 463 4095; x_wconf 67' lang='lat' dir='ltr'><strong>humilia:</strong></span> <span class='ocrx_word' id='word_1_484' title='bbox 491 4027 542 4077; x_wconf 89' lang='lat' dir='ltr'><strong>in</strong></span> <span class='ocrx_word' id='word_1_485' title='bbox 571 4022 871 4091; x_wconf 84' lang='lat' dir='ltr'><strong>Evangelia,</strong></span> <span class='ocrx_word' id='word_1_486' title='bbox 904 4040 1059 4095; x_wconf 88' lang='lat' dir='ltr'><strong>quem</strong></span> <span class='ocrx_word' id='word_1_487' title='bbox 1084 4040 1146 4080; x_wconf 86' lang='lat' dir='ltr'><strong>ex</strong></span> <span class='ocrx_word' id='word_1_488' title='bbox 1182 4025 1504 4080; x_wconf 70' lang='lat' dir='ltr'><strong>Bibliotheca</strong></span> <span class='ocrx_word' id='word_1_489' title='bbox 1534 4027 1803 4095; x_wconf 81' lang='lat' dir='ltr'><strong>Bigotiana</strong></span> 
     </span>
    </p>
   </div>
   <div class='ocr_carea' id='block_1_78' title="bbox 219 4093 1801 4160">
    <p class='ocr_par' dir='ltr' id='par_1_78' title="bbox 219 4093 1801 4160">
     <span class='ocr_line' id='line_1_78' title="bbox 219 4093 1801 4160; baseline 0.006 -17"><span class='ocrx_word' id='word_1_490' title='bbox 219 4093 560 4160; x_wconf 73' lang='lat' dir='ltr'><strong>acoepimus,</strong></span> <span class='ocrx_word' id='word_1_491' title='bbox 593 4095 779 4149; x_wconf 90' lang='lat' dir='ltr'><strong>eadem</strong></span> <span class='ocrx_word' id='word_1_492' title='bbox 811 4093 1026 4149; x_wconf 82' lang='lat' dir='ltr'><strong>decreta</strong></span> <span class='ocrx_word' id='word_1_493' title='bbox 1057 4104 1404 4158; x_wconf 69' lang='lat' dir='ltr'><strong>repraesentat</strong></span> <span class='ocrx_word' id='word_1_494' title='bbox 1443 4093 1628 4151; x_wconf 81' lang='lat' dir='ltr'><strong>ultimo</strong></span> <span class='ocrx_word' id='word_1_495' title='bbox 1661 4097 1801 4154; x_wconf 90' lang='lat' dir='ltr'><strong>loco.</strong></span> 
     </span>
    </p>
   </div>
   <div class='ocr_carea' id='block_1_79' title="bbox 224 4162 1803 4235">
    <p class='ocr_par' dir='ltr' id='par_1_79' title="bbox 224 4162 1803 4235">
     <span class='ocr_line' id='line_1_79' title="bbox 224 4162 1803 4235; baseline 0.004 -21"><span class='ocrx_word' id='word_1_496' title='bbox 224 4162 341 4235; x_wconf 76' lang='lat' dir='ltr'><strong>ipsa</strong></span> <span class='ocrx_word' id='word_1_497' title='bbox 370 4177 580 4231; x_wconf 90' lang='lat' dir='ltr'><strong>quoque</strong></span> <span class='ocrx_word' id='word_1_498' title='bbox 608 4165 831 4234; x_wconf 83' lang='lat' dir='ltr'><strong>legimus</strong></span> <span class='ocrx_word' id='word_1_499' title='bbox 862 4166 911 4219; x_wconf 91' lang='lat' dir='ltr'><strong>in</strong></span> <span class='ocrx_word' id='word_1_500' title='bbox 942 4166 1263 4221; x_wconf 86' lang='lat' dir='ltr'><strong>membranis</strong></span> <span class='ocrx_word' id='word_1_501' title='bbox 1283 4167 1535 4235; x_wconf 90' lang='lat' dir='ltr'><strong>epistolas</strong></span> <span class='ocrx_word' id='word_1_502' title='bbox 1562 4168 1803 4222; x_wconf 86' lang='lat' dir='ltr'><strong>decreta-</strong></span> 
     </span>
    </p>
   </div>
   <div class='ocr_carea' id='block_1_80' title="bbox 221 4232 1799 4307">
    <p class='ocr_par' dir='ltr' id='par_1_80' title="bbox 221 4232 1799 4307">
     <span class='ocr_line' id='line_1_80' title="bbox 221 4232 1799 4307; baseline 0.004 -22"><span class='ocrx_word' id='word_1_503' title='bbox 221 4232 303 4285; x_wconf 86' lang='lat' dir='ltr'><strong>les</strong></span> <span class='ocrx_word' id='word_1_504' title='bbox 331 4232 996 4307; x_wconf 18' lang='lat' dir='ltr'><strong>summorum‘pontiﬁcnm</strong></span> <span class='ocrx_word' id='word_1_505' title='bbox 1029 4252 1061 4307; x_wconf 10' lang='lat' dir='ltr'><strong>a7</strong></span> <span class='ocrx_word' id='word_1_506' title='bbox 1089 4232 1365 4307; x_wconf 75' lang='lat' dir='ltr'><strong>Sylvestro</strong></span> <span class='ocrx_word' id='word_1_507' title='bbox 1394 4238 1799 4306; x_wconf 86' lang='lat' dir='ltr'><strong>exhibentibus,</strong></span> 
     </span>
    </p>
   </div>
   <div class='ocr_carea' id='block_1_81' title="bbox 219 4305 1796 4374">
    <p class='ocr_par' dir='ltr' id='par_1_81' title="bbox 219 4305 1796 4374">
     <span class='ocr_line' id='line_1_81' title="bbox 219 4305 1796 4374; baseline 0.007 -23"><span class='ocrx_word' id='word_1_508' title='bbox 219 4318 342 4374; x_wconf 60' lang='lat' dir='ltr'><strong>{tute</strong></span> <span class='ocrx_word' id='word_1_509' title='bbox 372 4318 510 4357; x_wconf 91' lang='lat' dir='ltr'><strong>nunc</strong></span> <span class='ocrx_word' id='word_1_510' title='bbox 538 4315 749 4358; x_wconf 82' lang='lat' dir='ltr'><strong>exstant</strong></span> <span class='ocrx_word' id='word_1_511' title='bbox 778 4305 829 4358; x_wconf 92' lang='lat' dir='ltr'><strong>in</strong></span> <span class='ocrx_word' id='word_1_512' title='bbox 862 4306 1105 4359; x_wconf 92' lang='lat' dir='ltr'><strong>biblioth.</strong></span> <span class='ocrx_word' id='word_1_513' title='bbox 1132 4305 1249 4359; x_wconf 78' lang='lat' dir='ltr'><strong>RR.</strong></span> <span class='ocrx_word' id='word_1_514' title='bbox 1284 4306 1498 4360; x_wconf 81' lang='lat' dir='ltr'><strong>Patrum</strong></span> <span class='ocrx_word' id='word_1_515' title='bbox 1543 4305 1796 4374; x_wconf 86' lang='lat' dir='ltr'><strong>Capuciu.</strong></span> 
     </span>
    </p>
   </div>
   <div class='ocr_carea' id='block_1_82' title="bbox 224 4372 1800 4443">
    <p class='ocr_par' dir='ltr' id='par_1_82' title="bbox 224 4372 1800 4443">
     <span class='ocr_line' id='line_1_82' title="bbox 224 4372 1800 4443; baseline 0.004 -20"><span class='ocrx_word' id='word_1_516' title='bbox 224 4372 540 4441; x_wconf 68' lang='lat' dir='ltr'><strong>llothomag.</strong></span> <span class='ocrx_word' id='word_1_517' title='bbox 563 4404 635 4414; x_wconf 98' lang='lat'><strong>—</strong></span> <span class='ocrx_word' id='word_1_518' title='bbox 657 4375 765 4428; x_wconf 83' lang='lat' dir='ltr'><strong>Hoc</strong></span> <span class='ocrx_word' id='word_1_519' title='bbox 791 4376 1073 4431; x_wconf 90' lang='lat' dir='ltr'><strong>concilium</strong></span> <span class='ocrx_word' id='word_1_520' title='bbox 1107 4377 1356 4430; x_wconf 88' lang='lat' dir='ltr'><strong>indictum</strong></span> <span class='ocrx_word' id='word_1_521' title='bbox 1386 4386 1466 4430; x_wconf 90' lang='lat' dir='ltr'><strong>est</strong></span> <span class='ocrx_word' id='word_1_522' title='bbox 1490 4394 1517 4430; x_wconf 91' lang='lat' dir='ltr'><strong>a</strong></span> <span class='ocrx_word' id='word_1_523' title='bbox 1541 4372 1800 4443; x_wconf 73' lang='lat' dir='ltr'><strong>Gregorio</strong></span> 
     </span>
    </p>
   </div>
   <div class='ocr_carea' id='block_1_83' title="bbox 218 4444 1794 4515">
    <p class='ocr_par' dir='ltr' id='par_1_83' title="bbox 218 4444 1794 4515">
     <span class='ocr_line' id='line_1_83' title="bbox 218 4444 1794 4515; baseline 0.006 -22"><span class='ocrx_word' id='word_1_524' title='bbox 218 4456 353 4515; x_wconf 70' lang='lat' dir='ltr'><strong>papa</strong></span> <span class='ocrx_word' id='word_1_525' title='bbox 403 4444 455 4497; x_wconf 91' lang='lat' dir='ltr'><strong>in</strong></span> <span class='ocrx_word' id='word_1_526' title='bbox 508 4459 666 4498; x_wconf 90' lang='lat' dir='ltr'><strong>causa</strong></span> <span class='ocrx_word' id='word_1_527' title='bbox 724 4446 942 4500; x_wconf 90' lang='lat' dir='ltr'><strong>Joannis</strong></span> <span class='ocrx_word' id='word_1_528' title='bbox 989 4447 1281 4515; x_wconf 83' lang='lat' dir='ltr'><strong>presbyteri</strong></span> <span class='ocrx_word' id='word_1_529' title='bbox 1335 4446 1794 4503; x_wconf 85' lang='lat' dir='ltr'><strong>Chalcedoneus&#39;s</strong></span> 
     </span>
    </p>
   </div>
   <div class='ocr_carea' id='block_1_84' title="bbox 220 4512 1797 4585">
    <p class='ocr_par' dir='ltr' id='par_1_84' title="bbox 220 4512 1797 4585">
     <span class='ocr_line' id='line_1_84' title="bbox 220 4512 1797 4585; baseline 0.003 -22"><span class='ocrx_word' id='word_1_530' title='bbox 220 4512 501 4585; x_wconf 68' lang='lat' dir='ltr'><strong>Ecclesite,</strong></span> <span class='ocrx_word' id='word_1_531' title='bbox 533 4515 621 4581; x_wconf 86' lang='lat' dir='ltr'><strong>qui</strong></span> <span class='ocrx_word' id='word_1_532' title='bbox 644 4530 762 4585; x_wconf 90' lang='lat' dir='ltr'><strong>cum</strong></span> <span class='ocrx_word' id='word_1_533' title='bbox 793 4531 820 4569; x_wconf 91' lang='lat' dir='ltr'><strong>a</strong></span> <span class='ocrx_word' id='word_1_534' title='bbox 845 4512 1049 4571; x_wconf 78' lang='lat' dir='ltr'><strong>Joanne</strong></span> <span class='ocrx_word' id='word_1_535' title='bbox 1078 4512 1326 4581; x_wconf 83' lang='lat' dir='ltr'><strong>episcopo</strong></span> <span class='ocrx_word' id='word_1_536' title='bbox 1354 4516 1797 4585; x_wconf 84' lang='lat' dir='ltr'><strong>Constantinopo-</strong></span> 
     </span>
    </p>
   </div>
   <div class='ocr_carea' id='block_1_85' title="bbox 216 4583 1793 4655">
    <p class='ocr_par' dir='ltr' id='par_1_85' title="bbox 216 4583 1793 4655">
     <span class='ocr_line' id='line_1_85' title="bbox 216 4583 1793 4655; baseline 0.005 -22"><span class='ocrx_word' id='word_1_537' title='bbox 216 4583 383 4634; x_wconf 83' lang='lat' dir='ltr'><strong>litano</strong></span> <span class='ocrx_word' id='word_1_538' title='bbox 412 4584 629 4655; x_wconf 78' lang='lat' dir='ltr'><strong>literesis</strong></span> <span class='ocrx_word' id='word_1_539' title='bbox 657 4584 851 4655; x_wconf 89' lang='lat' dir='ltr'><strong>injuste</strong></span> <span class='ocrx_word' id='word_1_540' title='bbox 886 4587 1167 4641; x_wconf 87' lang='lat' dir='ltr'><strong>damnatus</strong></span> <span class='ocrx_word' id='word_1_541' title='bbox 1195 4587 1398 4649; x_wconf 84' lang='lat' dir='ltr'><strong>luisset,</strong></span> <span class='ocrx_word' id='word_1_542' title='bbox 1433 4599 1487 4640; x_wconf 90' lang='lat' dir='ltr'><strong>et</strong></span> <span class='ocrx_word' id='word_1_543' title='bbox 1517 4587 1581 4640; x_wconf 81' lang='lat' dir='ltr'><strong>ad</strong></span> <span class='ocrx_word' id='word_1_544' title='bbox 1612 4583 1793 4642; x_wconf 79' lang='lat' dir='ltr'><strong>sedem</strong></span> 
     </span>
    </p>
   </div>
   <div class='ocr_carea' id='block_1_86' title="bbox 212 4654 1796 4727">
    <p class='ocr_par' dir='ltr' id='par_1_86' title="bbox 212 4654 1796 4727">
     <span class='ocr_line' id='line_1_86' title="bbox 212 4654 1796 4727; baseline 0.004 -24"><span class='ocrx_word' id='word_1_545' title='bbox 212 4654 561 4727; x_wconf 78' lang='lat' dir='ltr'><strong>apostolicam</strong></span> <span class='ocrx_word' id='word_1_546' title='bbox 590 4654 947 4727; x_wconf 73' lang='lat' dir='ltr'><strong>appellasset,</strong></span> <span class='ocrx_word' id='word_1_547' title='bbox 991 4658 1311 4727; x_wconf 86' lang='lat' dir='ltr'><strong>auctoritate</strong></span> <span class='ocrx_word' id='word_1_548' title='bbox 1331 4657 1595 4723; x_wconf 89' lang='lat' dir='ltr'><strong>pontilicia</strong></span> <span class='ocrx_word' id='word_1_549' title='bbox 1637 4674 1796 4727; x_wconf 87' lang='lat' dir='ltr'><strong>syno-</strong></span> 
     </span>
    </p>
   </div>
   <div class='ocr_carea' id='block_1_87' title="bbox 210 4724 1796 4796">
    <p class='ocr_par' dir='ltr' id='par_1_87' title="bbox 210 4724 1796 4796">
     <span class='ocr_line' id='line_1_87' title="bbox 210 4724 1796 4796; baseline 0.006 -23"><span class='ocrx_word' id='word_1_550' title='bbox 210 4724 339 4774; x_wconf 85' lang='lat' dir='ltr'><strong>dum</strong></span> <span class='ocrx_word' id='word_1_551' title='bbox 358 4726 505 4796; x_wconf 11' lang='lat' dir='ltr'><strong>‘lianc</strong></span> <span class='ocrx_word' id='word_1_552' title='bbox 533 4724 727 4783; x_wconf 85' lang='lat' dir='ltr'><strong>ibidem</strong></span> <span class='ocrx_word' id='word_1_553' title='bbox 756 4728 1067 4796; x_wconf 89' lang='lat' dir='ltr'><strong>congregari</strong></span> <span class='ocrx_word' id='word_1_554' title='bbox 1103 4727 1226 4782; x_wconf 78' lang='lat' dir='ltr'><strong>fecit</strong></span> <span class='ocrx_word' id='word_1_555' title='bbox 1258 4745 1269 4780; x_wconf 90' lang='lat'>:</span> <span class='ocrx_word' id='word_1_556' title='bbox 1304 4726 1355 4780; x_wconf 91' lang='lat' dir='ltr'><strong>in</strong></span> <span class='ocrx_word' id='word_1_557' title='bbox 1397 4742 1497 4795; x_wconf 90' lang='lat' dir='ltr'><strong>qua</strong></span> <span class='ocrx_word' id='word_1_558' title='bbox 1526 4742 1647 4781; x_wconf 91' lang='lat' dir='ltr'><strong>eum</strong></span> <span class='ocrx_word' id='word_1_559' title='bbox 1668 4724 1796 4792; x_wconf 75' lang='lat' dir='ltr'><strong>post</strong></span> 
     </span>
    </p>
   </div>
   <div class='ocr_carea' id='block_1_88' title="bbox 208 4794 1795 4864">
    <p class='ocr_par' dir='ltr' id='par_1_88' title="bbox 208 4794 1795 4864">
     <span class='ocr_line' id='line_1_88' title="bbox 208 4794 1795 4864; baseline 0.003 -19"><span class='ocrx_word' id='word_1_560' title='bbox 208 4794 569 4856; x_wconf 67' lang='lat' dir='ltr'><strong>cognitionem</strong></span> <span class='ocrx_word' id='word_1_561' title='bbox 599 4810 773 4850; x_wconf 71' lang='lat' dir='ltr'><strong>causa:</strong></span> <span class='ocrx_word' id='word_1_562' title='bbox 803 4794 1139 4852; x_wconf 79' lang='lat' dir='ltr'><strong>innocentem</strong></span> <span class='ocrx_word' id='word_1_563' title='bbox 1184 4814 1303 4853; x_wconf 90' lang='lat' dir='ltr'><strong>esse</strong></span> <span class='ocrx_word' id='word_1_564' title='bbox 1331 4808 1622 4864; x_wconf 88' lang='lat' dir='ltr'><strong>repertum,</strong></span> <span class='ocrx_word' id='word_1_565' title='bbox 1648 4798 1795 4851; x_wconf 89' lang='lat' dir='ltr'><strong>ideo-</strong></span> 
     </span>
    </p>
   </div>
   <div class='ocr_carea' id='block_1_89' title="bbox 206 4864 1795 4938">
    <p class='ocr_par' dir='ltr' id='par_1_89' title="bbox 206 4864 1795 4938">
     <span class='ocr_line' id='line_1_89' title="bbox 206 4864 1795 4938; baseline 0.005 -23"><span class='ocrx_word' id='word_1_566' title='bbox 206 4878 339 4938; x_wconf 81' lang='lat' dir='ltr'><strong>que,</strong></span> <span class='ocrx_word' id='word_1_567' title='bbox 366 4875 651 4938; x_wconf 74' lang='lat' dir='ltr'><strong>retractatu</strong></span> <span class='ocrx_word' id='word_1_568' title='bbox 678 4864 1264 4935; x_wconf 89' lang='lat' dir='ltr'><strong>Constantinopolitano</strong></span> <span class='ocrx_word' id='word_1_569' title='bbox 1312 4866 1551 4938; x_wconf 87' lang='lat' dir='ltr'><strong>synodali</strong></span> <span class='ocrx_word' id='word_1_570' title='bbox 1594 4868 1795 4937; x_wconf 88' lang='lat' dir='ltr'><strong>judicio</strong></span> 
     </span>
    </p>
   </div>
   <div class='ocr_carea' id='block_1_90' title="bbox 206 4933 1795 5005">
    <p class='ocr_par' dir='ltr' id='par_1_90' title="bbox 206 4933 1795 5005">
     <span class='ocr_line' id='line_1_90' title="bbox 206 4933 1795 5005; baseline 0.005 -20"><span class='ocrx_word' id='word_1_571' title='bbox 206 4933 443 5005; x_wconf 82' lang='lat' dir='ltr'><strong>desuper</strong></span> <span class='ocrx_word' id='word_1_572' title='bbox 472 4936 683 5000; x_wconf 85' lang='lat' dir='ltr'><strong>habito,</strong></span> <span class='ocrx_word' id='word_1_573' title='bbox 709 4938 853 5005; x_wconf 87' lang='lat' dir='ltr'><strong>juste</strong></span> <span class='ocrx_word' id='word_1_574' title='bbox 879 4933 1180 4992; x_wconf 83' lang='lat' dir='ltr'><strong>absolutum</strong></span> <span class='ocrx_word' id='word_1_575' title='bbox 1208 4933 1369 4992; x_wconf 77' lang='lat' dir='ltr'><strong>fuisse</strong></span> <span class='ocrx_word' id='word_1_576' title='bbox 1399 4933 1623 4992; x_wconf 80' lang='lat' dir='ltr'><strong>testatur</strong></span> <span class='ocrx_word' id='word_1_577' title='bbox 1659 4937 1795 4993; x_wconf 88' lang='lat' dir='ltr'><strong>Gre-</strong></span> 
     </span>
    </p>
   </div>
   <div class='ocr_carea' id='block_1_91' title="bbox 204 5004 1793 5074">
    <p class='ocr_par' dir='ltr' id='par_1_91' title="bbox 204 5004 1793 5074">
     <span class='ocr_line' id='line_1_91' title="bbox 204 5004 1793 5074; baseline 0.006 -20"><span class='ocrx_word' id='word_1_578' title='bbox 204 5005 391 5070; x_wconf 83' lang='lat' dir='ltr'><strong>gorius</strong></span> <span class='ocrx_word' id='word_1_579' title='bbox 418 5004 553 5060; x_wconf 90' lang='lat' dir='ltr'><strong>libro</strong></span> <span class='ocrx_word' id='word_1_580' title='bbox 580 5004 765 5073; x_wconf 85' lang='lat' dir='ltr'><strong>quinto</strong></span> <span class='ocrx_word' id='word_1_581' title='bbox 790 5010 948 5074; x_wconf 89' lang='lat' dir='ltr'><strong>epist.</strong></span> <span class='ocrx_word' id='word_1_582' title='bbox 978 5010 1068 5072; x_wconf 84' lang='grc'><strong>15,</strong></span> <span class='ocrx_word' id='word_1_583' title='bbox 1106 5010 1169 5064; x_wconf 85' lang='grc'><strong>16</strong></span> <span class='ocrx_word' id='word_1_584' title='bbox 1199 5018 1252 5063; x_wconf 90' lang='lat' dir='ltr'><strong>et</strong></span> <span class='ocrx_word' id='word_1_585' title='bbox 1280 5010 1346 5063; x_wconf 91' lang='grc'><strong>17</strong></span> <span class='ocrx_word' id='word_1_586' title='bbox 1366 5047 1381 5071; x_wconf 85' lang='grc'><em>,</em></span> <span class='ocrx_word' id='word_1_587' title='bbox 1427 5009 1492 5062; x_wconf 88' lang='lat' dir='ltr'><strong>ad</strong></span> <span class='ocrx_word' id='word_1_588' title='bbox 1532 5008 1793 5063; x_wconf 85' lang='lat' dir='ltr'><strong>Joannem</strong></span> 
     </span>
    </p>
   </div>
   <div class='ocr_carea' id='block_1_92' title="bbox 206 5074 1793 5150">
    <p class='ocr_par' dir='ltr' id='par_1_92' title="bbox 206 5074 1793 5150">
     <span class='ocr_line' id='line_1_92' title="bbox 206 5074 1793 5150; baseline 0.004 -23"><span class='ocrx_word' id='word_1_589' title='bbox 206 5074 520 5150; x_wconf 75' lang='lat' dir='ltr'><strong>episcopum</strong></span> <span class='ocrx_word' id='word_1_590' title='bbox 551 5076 1221 5145; x_wconf 82' lang='lat' dir='ltr'><strong>ConstantinOpolitauum.</strong></span> <span class='ocrx_word' id='word_1_591' title='bbox 1258 5081 1310 5133; x_wconf 91' lang='lat' dir='ltr'><strong>lu</strong></span> <span class='ocrx_word' id='word_1_592' title='bbox 1344 5081 1443 5133; x_wconf 91' lang='lat' dir='ltr'><strong>hac</strong></span> <span class='ocrx_word' id='word_1_593' title='bbox 1482 5080 1668 5133; x_wconf 85' lang='lat' dir='ltr'><strong>eadem</strong></span> <span class='ocrx_word' id='word_1_594' title='bbox 1698 5094 1793 5150; x_wconf 85' lang='lat' dir='ltr'><strong>sy-</strong></span> 
     </span>
    </p>
   </div>
   <div class='ocr_carea' id='block_1_93' title="bbox 205 5146 1794 5216">
    <p class='ocr_par' dir='ltr' id='par_1_93' title="bbox 205 5146 1794 5216">
     <span class='ocr_line' id='line_1_93' title="bbox 205 5146 1794 5216; baseline 0.007 -23"><span class='ocrx_word' id='word_1_595' title='bbox 205 5146 371 5216; x_wconf 84' lang='lat' dir='ltr'><strong>nodo,</strong></span> <span class='ocrx_word' id='word_1_596' title='bbox 404 5157 522 5211; x_wconf 88' lang='lat' dir='ltr'><strong>post</strong></span> <span class='ocrx_word' id='word_1_597' title='bbox 566 5164 659 5203; x_wconf 88' lang='lat' dir='ltr'><strong>sex</strong></span> <span class='ocrx_word' id='word_1_598' title='bbox 716 5164 949 5204; x_wconf 91' lang='lat' dir='ltr'><strong>canones</strong></span> <span class='ocrx_word' id='word_1_599' title='bbox 1001 5165 1161 5216; x_wconf 88' lang='lat' dir='ltr'><strong>supra</strong></span> <span class='ocrx_word' id='word_1_600' title='bbox 1218 5160 1526 5216; x_wconf 86' lang='lat' dir='ltr'><strong>exstantes,</strong></span> <span class='ocrx_word' id='word_1_601' title='bbox 1578 5146 1794 5204; x_wconf 78' lang='lat' dir='ltr'><strong>sanctus</strong></span> 
     </span>
    </p>
   </div>
   <div class='ocr_carea' id='block_1_94' title="bbox 202 5215 1794 5290">
    <p class='ocr_par' dir='ltr' id='par_1_94' title="bbox 202 5215 1794 5290">
     <span class='ocr_line' id='line_1_94' title="bbox 202 5215 1794 5290; baseline 0.006 -25"><span class='ocrx_word' id='word_1_602' title='bbox 202 5215 501 5290; x_wconf 5' lang='lat' dir='ltr'><strong>Gregorius,</strong></span> <span class='ocrx_word' id='word_1_603' title='bbox 542 5218 869 5287; x_wconf 87' lang='lat' dir='ltr'><strong>implendum</strong></span> <span class='ocrx_word' id='word_1_604' title='bbox 923 5215 1109 5274; x_wconf 81' lang='lat' dir='ltr'><strong>indixit</strong></span> <span class='ocrx_word' id='word_1_605' title='bbox 1161 5222 1326 5283; x_wconf 85' lang='lat' dir='ltr'><strong>illud,</strong></span> <span class='ocrx_word' id='word_1_606' title='bbox 1380 5222 1449 5275; x_wconf 90' lang='lat' dir='ltr'><strong>de</strong></span> <span class='ocrx_word' id='word_1_607' title='bbox 1495 5236 1602 5290; x_wconf 92' lang='lat' dir='ltr'><strong>quo</strong></span> <span class='ocrx_word' id='word_1_608' title='bbox 1659 5221 1794 5274; x_wconf 91' lang='lat' dir='ltr'><strong>libro</strong></span> 
     </span>
    </p>
   </div>
   <div class='ocr_carea' id='block_1_95' title="bbox 198 5286 1790 5360">
    <p class='ocr_par' dir='ltr' id='par_1_95' title="bbox 198 5286 1790 5360">
     <span class='ocr_line' id='line_1_95' title="bbox 198 5286 1790 5360; baseline 0.006 -27"><span class='ocrx_word' id='word_1_609' title='bbox 198 5286 643 5360; x_wconf 5' lang='lat' dir='ltr'><strong>quiutogcpistola</strong></span> <span class='ocrx_word' id='word_1_610' title='bbox 675 5291 864 5358; x_wconf 89' lang='lat' dir='ltr'><strong>prima,</strong></span> <span class='ocrx_word' id='word_1_611' title='bbox 897 5290 1184 5345; x_wconf 82' lang='lat' dir='ltr'><strong>indictione</strong></span> <span class='ocrx_word' id='word_1_612' title='bbox 1214 5291 1419 5346; x_wconf 89' lang='lat' dir='ltr'><strong>decima</strong></span> <span class='ocrx_word' id='word_1_613' title='bbox 1446 5286 1636 5360; x_wconf 79' lang='lat' dir='ltr'><strong>quarta</strong></span> <span class='ocrx_word' id='word_1_614' title='bbox 1661 5291 1790 5357; x_wconf 86' lang='lat' dir='ltr'><strong>agit,</strong></span> 
     </span>
    </p>
   </div>
   <div class='ocr_carea' id='block_1_96' title="bbox 202 5358 1790 5430">
    <p class='ocr_par' dir='ltr' id='par_1_96' title="bbox 202 5358 1790 5430">
     <span class='ocr_line' id='line_1_96' title="bbox 202 5358 1790 5430; baseline 0.003 -23"><span class='ocrx_word' id='word_1_615' title='bbox 202 5365 260 5407; x_wconf 86' lang='lat' dir='ltr'><strong>ut</strong></span> <span class='ocrx_word' id='word_1_616' title='bbox 301 5358 498 5430; x_wconf 88' lang='lat' dir='ltr'><strong>nullius</strong></span> <span class='ocrx_word' id='word_1_617' title='bbox 527 5359 632 5413; x_wconf 85' lang='lat' dir='ltr'><strong>sint</strong></span> <span class='ocrx_word' id='word_1_618' title='bbox 665 5363 916 5428; x_wconf 87' lang='lat' dir='ltr'><strong>ponderis</strong></span> <span class='ocrx_word' id='word_1_619' title='bbox 946 5377 1063 5423; x_wconf 72' lang='lat' dir='ltr'><strong>ante</strong></span> <span class='ocrx_word' id='word_1_620' title='bbox 1091 5362 1158 5414; x_wconf 89' lang='lat' dir='ltr'><strong>de</strong></span> <span class='ocrx_word' id='word_1_621' title='bbox 1188 5362 1341 5417; x_wconf 89' lang='lat' dir='ltr'><strong>bonis</strong></span> <span class='ocrx_word' id='word_1_622' title='bbox 1372 5358 1488 5430; x_wconf 80' lang='lat' dir='ltr'><strong>post</strong></span> <span class='ocrx_word' id='word_1_623' title='bbox 1513 5363 1790 5429; x_wconf 78' lang='lat' dir='ltr'><strong>episcopi-</strong></span> 
     </span>
    </p>
   </div>
   <div class='ocr_carea' id='block_1_97' title="bbox 200 5429 1790 5502">
    <p class='ocr_par' dir='ltr' id='par_1_97' title="bbox 200 5429 1790 5502">
     <span class='ocr_line' id='line_1_97' title="bbox 200 5429 1790 5502; baseline 0.006 -26"><span class='ocrx_word' id='word_1_624' title='bbox 200 5435 316 5478; x_wconf 87' lang='lat' dir='ltr'><strong>tmn</strong></span> <span class='ocrx_word' id='word_1_625' title='bbox 342 5429 548 5502; x_wconf 76' lang='lat' dir='ltr'><strong>adeptis</strong></span> <span class='ocrx_word' id='word_1_626' title='bbox 568 5432 852 5499; x_wconf 86' lang='lat' dir='ltr'><strong>episc0pns</strong></span> <span class='ocrx_word' id='word_1_627' title='bbox 877 5440 1195 5486; x_wconf 90' lang='lat' dir='ltr'><strong>testamento</strong></span> <span class='ocrx_word' id='word_1_628' title='bbox 1215 5429 1589 5502; x_wconf 76' lang='lat' dir='ltr'><strong>disposuisset.</strong></span> <span class='ocrx_word' id='word_1_629' title='bbox 1622 5434 1790 5486; x_wconf 87' lang='lat' dir='ltr'><strong>Secns</strong></span> 
     </span>
    </p>
   </div>
   <div class='ocr_carea' id='block_1_98' title="bbox 202 5499 1788 5573">
    <p class='ocr_par' dir='ltr' id='par_1_98' title="bbox 202 5499 1788 5573">
     <span class='ocr_line' id='line_1_98' title="bbox 202 5499 1788 5573; baseline 0.005 -27"><span class='ocrx_word' id='word_1_630' title='bbox 202 5510 335 5549; x_wconf 72' lang='lat' dir='ltr'><strong>vero</strong></span> <span class='ocrx_word' id='word_1_631' title='bbox 365 5499 431 5573; x_wconf 77' lang='lat' dir='ltr'><strong>de</strong></span> <span class='ocrx_word' id='word_1_632' title='bbox 463 5501 543 5554; x_wconf 91' lang='lat' dir='ltr'><strong>his</strong></span> <span class='ocrx_word' id='word_1_633' title='bbox 565 5512 835 5573; x_wconf 63' lang='lat' dir='ltr'><strong>qnmaute</strong></span> <span class='ocrx_word' id='word_1_634' title='bbox 855 5503 1217 5573; x_wconf 84' lang='lat' dir='ltr'><strong>episcopatum</strong></span> <span class='ocrx_word' id='word_1_635' title='bbox 1248 5499 1590 5571; x_wconf 72' lang='lat' dir='ltr'><strong>possedisset.</strong></span> <span class='ocrx_word' id='word_1_636' title='bbox 1628 5502 1788 5573; x_wconf 78' lang='lat' dir='ltr'><strong>Repe-</strong></span> 
     </span>
    </p>
   </div>
   <div class='ocr_carea' id='block_1_99' title="bbox 194 5569 1786 5642">
    <p class='ocr_par' dir='ltr' id='par_1_99' title="bbox 194 5569 1786 5642">
     <span class='ocr_line' id='line_1_99' title="bbox 194 5569 1786 5642; baseline 0.006 -24"><span class='ocrx_word' id='word_1_637' title='bbox 194 5580 361 5642; x_wconf 75' lang='lat' dir='ltr'><strong>rtmus</strong></span> <span class='ocrx_word' id='word_1_638' title='bbox 387 5569 442 5623; x_wconf 86' lang='lat' dir='ltr'><strong>in</strong></span> <span class='ocrx_word' id='word_1_639' title='bbox 469 5569 658 5642; x_wconf 79' lang='lat' dir='ltr'><strong>scripto</strong></span> <span class='ocrx_word' id='word_1_640' title='bbox 681 5572 869 5626; x_wconf 85' lang='lat' dir='ltr'><strong>Codice</strong></span> <span class='ocrx_word' id='word_1_641' title='bbox 895 5569 1220 5636; x_wconf 81' lang='lat' dir='ltr'><strong>Sublacensi,</strong></span> <span class='ocrx_word' id='word_1_642' title='bbox 1252 5569 1417 5642; x_wconf 84' lang='lat' dir='ltr'><strong>inquit</strong></span> <span class='ocrx_word' id='word_1_643' title='bbox 1448 5574 1663 5633; x_wconf 82' lang='lat' dir='ltr'><strong>Barou.,</strong></span> <span class='ocrx_word' id='word_1_644' title='bbox 1696 5569 1786 5627; x_wconf 86' lang='lat' dir='ltr'><strong>an.</strong></span> 
     </span>
    </p>
   </div>
   <div class='ocr_carea' id='block_1_100' title="bbox 194 5639 1788 5709">
    <p class='ocr_par' dir='ltr' id='par_1_100' title="bbox 194 5639 1788 5709">
     <span class='ocr_line' id='line_1_100' title="bbox 194 5639 1788 5709; baseline 0.002 -17"><span class='ocrx_word' id='word_1_645' title='bbox 194 5639 327 5703; x_wconf 71' lang='lat'><strong>595,</strong></span> <span class='ocrx_word' id='word_1_646' title='bbox 364 5655 514 5697; x_wconf 87' lang='lat' dir='ltr'><strong>tium.</strong></span> <span class='ocrx_word' id='word_1_647' title='bbox 549 5639 650 5707; x_wconf 79' lang='lat'><strong>59,</strong></span> <span class='ocrx_word' id='word_1_648' title='bbox 679 5644 732 5695; x_wconf 77' lang='lat' dir='ltr'><strong>in</strong></span> <span class='ocrx_word' id='word_1_649' title='bbox 776 5644 996 5696; x_wconf 84' lang='lat' dir='ltr'><strong>concilio</strong></span> <span class='ocrx_word' id='word_1_650' title='bbox 1042 5643 1273 5696; x_wconf 80' lang='lat' dir='ltr'><strong>Romano</strong></span> <span class='ocrx_word' id='word_1_651' title='bbox 1312 5639 1542 5698; x_wconf 78' lang='lat' dir='ltr'><strong>eumdem</strong></span> <span class='ocrx_word' id='word_1_652' title='bbox 1592 5643 1788 5709; x_wconf 81' lang='lat' dir='ltr'><strong>Grego-</strong></span> 
     </span>
    </p>
   </div>
   <div class='ocr_carea' id='block_1_101' title="bbox 194 5712 1783 5781">
    <p class='ocr_par' dir='ltr' id='par_1_101' title="bbox 194 5712 1783 5781">
     <span class='ocr_line' id='line_1_101' title="bbox 194 5712 1783 5781; baseline 0.003 -19"><span class='ocrx_word' id='word_1_653' title='bbox 194 5712 331 5765; x_wconf 65' lang='lat' dir='ltr'><strong>rium</strong></span> <span class='ocrx_word' id='word_1_654' title='bbox 360 5715 592 5773; x_wconf 72' lang='lat' dir='ltr'><strong>regulam</strong></span> <span class='ocrx_word' id='word_1_655' title='bbox 620 5714 784 5770; x_wconf 82' lang='lat' dir='ltr'><strong>sancti</strong></span> <span class='ocrx_word' id='word_1_656' title='bbox 814 5713 1072 5769; x_wconf 79' lang='lat' dir='ltr'><strong>Benedicti</strong></span> <span class='ocrx_word' id='word_1_657' title='bbox 1104 5719 1339 5777; x_wconf 76' lang='lat' dir='ltr'><strong>probasse</strong></span> <span class='ocrx_word' id='word_1_658' title='bbox 1369 5725 1414 5769; x_wconf 86' lang='lat' dir='ltr'><strong>et</strong></span> <span class='ocrx_word' id='word_1_659' title='bbox 1439 5715 1783 5781; x_wconf 57' lang='lat' dir='ltr'><strong>conﬁrmasse.</strong></span> 
     </span>
    </p>
   </div>
   <div class='ocr_carea' id='block_1_102' title="bbox 1910 3037 3499 3108">
    <p class='ocr_par' dir='ltr' id='par_1_102' title="bbox 1910 3037 3499 3108">
     <span class='ocr_line' id='line_1_102' title="bbox 1910 3037 3499 3108; baseline 0.004 -15"><span class='ocrx_word' id='word_1_660' title='bbox 1910 3040 2073 3108; x_wconf 86' lang='lat' dir='ltr'><strong>gestis</strong></span> <span class='ocrx_word' id='word_1_661' title='bbox 2115 3037 2307 3107; x_wconf 86' lang='lat' dir='ltr'><strong>synodi</strong></span> <span class='ocrx_word' id='word_1_662' title='bbox 2350 3052 2468 3108; x_wconf 66' lang='lat' dir='ltr'><strong>quae</strong></span> <span class='ocrx_word' id='word_1_663' title='bbox 2516 3038 2780 3092; x_wconf 87' lang='lat' dir='ltr'><strong>habentur</strong></span> <span class='ocrx_word' id='word_1_664' title='bbox 2824 3039 2980 3107; x_wconf 90' lang='lat' dir='ltr'><strong>epist.</strong></span> <span class='ocrx_word' id='word_1_665' title='bbox 3018 3038 3148 3093; x_wconf 65' lang='grc'><strong>441.</strong></span> <span class='ocrx_word' id='word_1_666' title='bbox 3184 3056 3260 3103; x_wconf 87' lang='lat' dir='ltr'><strong>tv,</strong></span> <span class='ocrx_word' id='word_1_667' title='bbox 3310 3056 3499 3108; x_wconf 83' lang='lat' dir='ltr'><strong>pr:eier</strong></span> 
     </span>
    </p>
   </div>
   <div class='ocr_carea' id='block_1_103' title="bbox 1912 3108 3497 3179">
    <p class='ocr_par' dir='ltr' id='par_1_103' title="bbox 1912 3108 3497 3179">
     <span class='ocr_line' id='line_1_103' title="bbox 1912 3108 3497 3179; baseline 0.006 -20"><span class='ocrx_word' id='word_1_668' title='bbox 1912 3123 2079 3178; x_wconf 87' lang='lat' dir='ltr'><strong>pauca</strong></span> <span class='ocrx_word' id='word_1_669' title='bbox 2127 3111 2217 3162; x_wconf 89' lang='lat' dir='ltr'><strong>illa</strong></span> <span class='ocrx_word' id='word_1_670' title='bbox 2252 3124 2369 3176; x_wconf 70' lang='lat' dir='ltr'><strong>qua:</strong></span> <span class='ocrx_word' id='word_1_671' title='bbox 2403 3116 2521 3173; x_wconf 88' lang='lat' dir='ltr'><strong>post</strong></span> <span class='ocrx_word' id='word_1_672' title='bbox 2549 3108 2979 3179; x_wconf 76' lang='lat' dir='ltr'><strong>subscriptiones</strong></span> <span class='ocrx_word' id='word_1_673' title='bbox 3031 3109 3298 3179; x_wconf 83' lang='lat' dir='ltr'><strong>leguntur.</strong></span> <span class='ocrx_word' id='word_1_674' title='bbox 3347 3113 3497 3172; x_wconf 71' lang='lat' dir='ltr'><strong>Unde</strong></span> 
     </span>
    </p>
   </div>
   <div class='ocr_carea' id='block_1_104' title="bbox 1911 3176 3498 3247">
    <p class='ocr_par' dir='ltr' id='par_1_104' title="bbox 1911 3176 3498 3247">
     <span class='ocr_line' id='line_1_104' title="bbox 1911 3176 3498 3247; baseline 0.004 -14"><span class='ocrx_word' id='word_1_675' title='bbox 1911 3176 2045 3233; x_wconf 76' lang='lat' dir='ltr'><strong>vero</strong></span> <span class='ocrx_word' id='word_1_676' title='bbox 2079 3179 2164 3232; x_wconf 88' lang='lat' dir='ltr'><strong>illa</strong></span> <span class='ocrx_word' id='word_1_677' title='bbox 2194 3178 2472 3247; x_wconf 88' lang='lat' dir='ltr'><strong>desumpta</strong></span> <span class='ocrx_word' id='word_1_678' title='bbox 2518 3176 2623 3231; x_wconf 85' lang='lat' dir='ltr'><strong>sint</strong></span> <span class='ocrx_word' id='word_1_679' title='bbox 2652 3193 2754 3231; x_wconf 92' lang='lat' dir='ltr'><strong>non</strong></span> <span class='ocrx_word' id='word_1_680' title='bbox 2782 3180 2957 3243; x_wconf 87' lang='lat' dir='ltr'><strong>video,</strong></span> <span class='ocrx_word' id='word_1_681' title='bbox 2990 3176 3111 3233; x_wconf 79' lang='lat' dir='ltr'><strong>cum</strong></span> <span class='ocrx_word' id='word_1_682' title='bbox 3159 3181 3208 3235; x_wconf 91' lang='lat' dir='ltr'><strong>in</strong></span> <span class='ocrx_word' id='word_1_683' title='bbox 3250 3186 3498 3239; x_wconf 88' lang='lat' dir='ltr'><strong>omnibus</strong></span> 
     </span>
    </p>
   </div>
   <div class='ocr_carea' id='block_1_105' title="bbox 1910 3248 3497 3315">
    <p class='ocr_par' dir='ltr' id='par_1_105' title="bbox 1910 3248 3497 3315">
     <span class='ocr_line' id='line_1_105' title="bbox 1910 3248 3497 3315; baseline 0.004 -11"><span class='ocrx_word' id='word_1_684' title='bbox 1910 3265 2043 3304; x_wconf 81' lang='lat' dir='ltr'><strong>mss.</strong></span> <span class='ocrx_word' id='word_1_685' title='bbox 2090 3249 2375 3303; x_wconf 55' lang='lat' dir='ltr'><strong>Codicilzus</strong></span> <span class='ocrx_word' id='word_1_686' title='bbox 2418 3248 2613 3302; x_wconf 89' lang='lat' dir='ltr'><strong>desint.</strong></span> <span class='ocrx_word' id='word_1_687' title='bbox 2645 3251 2777 3315; x_wconf 81' lang='lat' dir='ltr'><strong>Quia</strong></span> <span class='ocrx_word' id='word_1_688' title='bbox 2815 3262 2993 3304; x_wconf 90' lang='lat' dir='ltr'><strong>tamen</strong></span> <span class='ocrx_word' id='word_1_689' title='bbox 3024 3260 3151 3304; x_wconf 86' lang='lat' dir='ltr'><strong>sunt</strong></span> <span class='ocrx_word' id='word_1_690' title='bbox 3179 3251 3247 3306; x_wconf 87' lang='lat' dir='ltr'><strong>ad</strong></span> <span class='ocrx_word' id='word_1_691' title='bbox 3295 3254 3497 3310; x_wconf 86' lang='lat' dir='ltr'><strong>calcem</strong></span> 
     </span>
    </p>
   </div>
   <div class='ocr_carea' id='block_1_106' title="bbox 1908 3318 3496 3388">
    <p class='ocr_par' dir='ltr' id='par_1_106' title="bbox 1908 3318 3496 3388">
     <span class='ocr_line' id='line_1_106' title="bbox 1908 3318 3496 3388; baseline 0.004 -16"><span class='ocrx_word' id='word_1_692' title='bbox 1908 3319 2259 3388; x_wconf 89' lang='lat' dir='ltr'><strong>quorumdam</strong></span> <span class='ocrx_word' id='word_1_693' title='bbox 2282 3318 2545 3373; x_wconf 85' lang='lat' dir='ltr'><strong>editorum</strong></span> <span class='ocrx_word' id='word_1_694' title='bbox 2575 3319 2783 3388; x_wconf 83' lang='lat' dir='ltr'><strong>regisri</strong></span> <span class='ocrx_word' id='word_1_695' title='bbox 2815 3321 3223 3387; x_wconf 79' lang='lat' dir='ltr'><strong>exemplarium,</strong></span> <span class='ocrx_word' id='word_1_696' title='bbox 3253 3338 3311 3375; x_wconf 90' lang='lat' dir='ltr'><strong>ea</strong></span> <span class='ocrx_word' id='word_1_697' title='bbox 3341 3327 3496 3378; x_wconf 86' lang='lat' dir='ltr'><strong>omit-</strong></span> 
     </span>
    </p>
   </div>
   <div class='ocr_carea' id='block_1_107' title="bbox 1911 3390 3493 3463">
    <p class='ocr_par' dir='ltr' id='par_1_107' title="bbox 1911 3390 3493 3463">
     <span class='ocr_line' id='line_1_107' title="bbox 1911 3390 3493 3463; baseline 0.005 -22"><span class='ocrx_word' id='word_1_698' title='bbox 1911 3399 2025 3463; x_wconf 74' lang='lat' dir='ltr'><strong>tere</strong></span> <span class='ocrx_word' id='word_1_699' title='bbox 2056 3390 2234 3453; x_wconf 91' lang='lat' dir='ltr'><strong>nolui,</strong></span> <span class='ocrx_word' id='word_1_700' title='bbox 2281 3404 2347 3442; x_wconf 90' lang='lat' dir='ltr'><strong>ne</strong></span> <span class='ocrx_word' id='word_1_701' title='bbox 2382 3392 2514 3441; x_wconf 77' lang='lat' dir='ltr'><strong>forte</strong></span> <span class='ocrx_word' id='word_1_702' title='bbox 2545 3390 2825 3463; x_wconf 67' lang='lat' dir='ltr'><strong>quisquam</strong></span> <span class='ocrx_word' id='word_1_703' title='bbox 2856 3390 2976 3444; x_wconf 90' lang='lat' dir='ltr'><strong>huic</strong></span> <span class='ocrx_word' id='word_1_704' title='bbox 3026 3390 3255 3445; x_wconf 78' lang='lat' dir='ltr'><strong>Editioni</strong></span> <span class='ocrx_word' id='word_1_705' title='bbox 3292 3393 3493 3463; x_wconf 87' lang='lat' dir='ltr'><strong>aliquid</strong></span> 
     </span>
    </p>
   </div>
   <div class='ocr_carea' id='block_1_108' title="bbox 1908 3459 2867 3527">
    <p class='ocr_par' dir='ltr' id='par_1_108' title="bbox 1908 3459 2867 3527">
     <span class='ocr_line' id='line_1_108' title="bbox 1908 3459 2867 3527; baseline 0.001 -13"><span class='ocrx_word' id='word_1_706' title='bbox 1908 3460 2099 3514; x_wconf 87' lang='lat' dir='ltr'><strong>deesse</strong></span> <span class='ocrx_word' id='word_1_707' title='bbox 2128 3468 2568 3527; x_wconf 88' lang='lat' dir='ltr'><strong>conquereretur.</strong></span> <span class='ocrx_word' id='word_1_708' title='bbox 2602 3459 2867 3515; x_wconf 69' lang='lat' dir='ltr'><strong>Gussauv.</strong></span> 
     </span>
    </p>
   </div>
   <div class='ocr_carea' id='block_1_109' title="bbox 1978 3528 3495 3596">
    <p class='ocr_par' dir='ltr' id='par_1_109' title="bbox 1978 3528 3495 3596">
     <span class='ocr_line' id='line_1_109' title="bbox 1978 3528 3495 3596; baseline 0.005 -12"><span class='ocrx_word' id='word_1_709' title='bbox 1978 3528 2009 3567; x_wconf 74' lang='grc' dir='ltr'>δ</span> <span class='ocrx_word' id='word_1_710' title='bbox 2040 3531 2150 3584; x_wconf 92' lang='lat' dir='ltr'><strong>Duo</strong></span> <span class='ocrx_word' id='word_1_711' title='bbox 2199 3538 2323 3584; x_wconf 88' lang='lat' dir='ltr'><strong>sunt</strong></span> <span class='ocrx_word' id='word_1_712' title='bbox 2360 3531 2598 3596; x_wconf 83' lang='lat' dir='ltr'><strong>ejusdem</strong></span> <span class='ocrx_word' id='word_1_713' title='bbox 2659 3529 2993 3596; x_wconf 87' lang='lat' dir='ltr'><strong>imperatoris</strong></span> <span class='ocrx_word' id='word_1_714' title='bbox 3044 3532 3290 3596; x_wconf 85' lang='lat' dir='ltr'><strong>nomina;</strong></span> <span class='ocrx_word' id='word_1_715' title='bbox 3352 3536 3495 3593; x_wconf 89' lang='lat' dir='ltr'><strong>unde</strong></span> 
     </span>
    </p>
   </div>
   <div class='ocr_carea' id='block_1_110' title="bbox 1909 3601 3495 3669">
    <p class='ocr_par' dir='ltr' id='par_1_110' title="bbox 1909 3601 3495 3669">
     <span class='ocr_line' id='line_1_110' title="bbox 1909 3601 3495 3669; baseline 0.004 -16"><span class='ocrx_word' id='word_1_716' title='bbox 1909 3601 2234 3653; x_wconf 74' lang='lat' dir='ltr'><strong>removimus</strong></span> <span class='ocrx_word' id='word_1_717' title='bbox 2282 3601 2537 3669; x_wconf 86' lang='lat' dir='ltr'><strong>virgulam</strong></span> <span class='ocrx_word' id='word_1_718' title='bbox 2585 3614 2705 3669; x_wconf 59' lang='lat' dir='ltr'><strong>quae</strong></span> <span class='ocrx_word' id='word_1_719' title='bbox 2755 3602 2866 3668; x_wconf 89' lang='lat' dir='ltr'><strong>ipsa</strong></span> <span class='ocrx_word' id='word_1_720' title='bbox 2904 3604 3204 3663; x_wconf 85' lang='lat' dir='ltr'><strong>separabat.</strong></span> <span class='ocrx_word' id='word_1_721' title='bbox 3258 3604 3375 3659; x_wconf 82' lang='lat' dir='ltr'><strong>Fuit</strong></span> <span class='ocrx_word' id='word_1_722' title='bbox 3420 3616 3495 3659; x_wconf 86' lang='lat' dir='ltr'><strong>ta-</strong></span> 
     </span>
    </p>
   </div>
   <div class='ocr_carea' id='block_1_111' title="bbox 1908 3669 3496 3740">
    <p class='ocr_par' dir='ltr' id='par_1_111' title="bbox 1908 3669 3496 3740">
     <span class='ocr_line' id='line_1_111' title="bbox 1908 3669 3496 3740; baseline 0.004 -18"><span class='ocrx_word' id='word_1_723' title='bbox 1908 3685 2030 3725; x_wconf 88' lang='lat' dir='ltr'><strong>men</strong></span> <span class='ocrx_word' id='word_1_724' title='bbox 2081 3670 2335 3724; x_wconf 78' lang='lat' dir='ltr'><strong>Mauricio</strong></span> <span class='ocrx_word' id='word_1_725' title='bbox 2392 3673 2630 3739; x_wconf 85' lang='lat' dir='ltr'><strong>Angusto</strong></span> <span class='ocrx_word' id='word_1_726' title='bbox 2676 3669 2813 3725; x_wconf 85' lang='lat' dir='ltr'><strong>lilius</strong></span> <span class='ocrx_word' id='word_1_727' title='bbox 2865 3671 3092 3724; x_wconf 69' lang='lat' dir='ltr'><strong>Tiberius</strong></span> <span class='ocrx_word' id='word_1_728' title='bbox 3134 3675 3391 3740; x_wconf 79' lang='lat' dir='ltr'><strong>nomine,</strong></span> <span class='ocrx_word' id='word_1_729' title='bbox 3442 3688 3496 3731; x_wconf 88' lang='lat' dir='ltr'><strong>at</strong></span> 
     </span>
    </p>
   </div>
   <div class='ocr_carea' id='block_1_112' title="bbox 1910 3739 3494 3807">
    <p class='ocr_par' dir='ltr' id='par_1_112' title="bbox 1910 3739 3494 3807">
     <span class='ocr_line' id='line_1_112' title="bbox 1910 3739 3494 3807; baseline 0.006 -15"><span class='ocrx_word' id='word_1_730' title='bbox 1910 3740 2080 3807; x_wconf 89' lang='lat' dir='ltr'><strong>ipsum</strong></span> <span class='ocrx_word' id='word_1_731' title='bbox 2112 3741 2469 3795; x_wconf 83' lang='lat' dir='ltr'><strong>renuntiatum</strong></span> <span class='ocrx_word' id='word_1_732' title='bbox 2522 3739 2917 3806; x_wconf 89' lang='lat' dir='ltr'><strong>imperatorem,</strong></span> <span class='ocrx_word' id='word_1_733' title='bbox 2976 3753 3066 3796; x_wconf 91' lang='lat' dir='ltr'><strong>aut</strong></span> <span class='ocrx_word' id='word_1_734' title='bbox 3103 3746 3263 3796; x_wconf 91' lang='lat' dir='ltr'><strong>etiam</strong></span> <span class='ocrx_word' id='word_1_735' title='bbox 3314 3745 3494 3800; x_wconf 60' lang='lat' dir='ltr'><strong>Caesa-</strong></span> 
     </span>
    </p>
   </div>
   <div class='ocr_carea' id='block_1_113' title="bbox 1906 3810 3495 3892">
    <p class='ocr_par' dir='ltr' id='par_1_113' title="bbox 1906 3810 3495 3892">
     <span class='ocr_line' id='line_1_113' title="bbox 1906 3810 3495 3892; baseline 0.005 -28"><span class='ocrx_word' id='word_1_736' title='bbox 1906 3826 2020 3864; x_wconf 89' lang='lat' dir='ltr'><strong>rem</strong></span> <span class='ocrx_word' id='word_1_737' title='bbox 2051 3853 2065 3875; x_wconf 92' lang='lat'><strong>,</strong></span> <span class='ocrx_word' id='word_1_738' title='bbox 2119 3826 2376 3892; x_wconf 69' lang='lat' dir='ltr'><strong>nusquam</strong></span> <span class='ocrx_word' id='word_1_739' title='bbox 2434 3810 2656 3889; x_wconf 76' lang='lat' dir='ltr'><strong>legimus</strong></span> <span class='ocrx_word' id='word_1_740' title='bbox 2690 3851 2710 3891; x_wconf 37' lang='grc' dir='ltr'><strong>,ι</strong></span> <span class='ocrx_word' id='word_1_741' title='bbox 2761 3810 3004 3892; x_wconf 61' lang='lat' dir='ltr'><strong>quamvis</strong></span> <span class='ocrx_word' id='word_1_742' title='bbox 3070 3813 3118 3866; x_wconf 91' lang='lat' dir='ltr'><strong>ei</strong></span> <span class='ocrx_word' id='word_1_743' title='bbox 3174 3812 3495 3892; x_wconf 80' lang='lat' dir='ltr'><strong>destinasset</strong></span> 
     </span>
    </p>
   </div>
   <div class='ocr_carea' id='block_1_114' title="bbox 1910 3879 3493 3947">
    <p class='ocr_par' dir='ltr' id='par_1_114' title="bbox 1910 3879 3493 3947">
     <span class='ocr_line' id='line_1_114' title="bbox 1910 3879 3493 3947; baseline 0.006 -15"><span class='ocrx_word' id='word_1_744' title='bbox 1910 3888 2058 3944; x_wconf 87' lang='lat' dir='ltr'><strong>pater</strong></span> <span class='ocrx_word' id='word_1_745' title='bbox 2086 3879 2283 3935; x_wconf 88' lang='lat' dir='ltr'><strong>veteris</strong></span> <span class='ocrx_word' id='word_1_746' title='bbox 2312 3881 2495 3934; x_wconf 54' lang='lat' dir='ltr'><strong>Romae</strong></span> <span class='ocrx_word' id='word_1_747' title='bbox 2522 3879 2827 3947; x_wconf 86' lang='lat' dir='ltr'><strong>imperium.</strong></span> <span class='ocrx_word' id='word_1_748' title='bbox 2861 3880 3124 3937; x_wconf 68' lang='lat' dir='ltr'><strong>Prieterea</strong></span> <span class='ocrx_word' id='word_1_749' title='bbox 3158 3883 3201 3937; x_wconf 89' lang='lat' dir='ltr'><strong>si</strong></span> <span class='ocrx_word' id='word_1_750' title='bbox 3243 3884 3342 3938; x_wconf 80' lang='lat' dir='ltr'><strong>hoc</strong></span> <span class='ocrx_word' id='word_1_751' title='bbox 3374 3887 3493 3941; x_wconf 89' lang='lat' dir='ltr'><strong>loco</strong></span> 
     </span>
    </p>
   </div>
   <div class='ocr_carea' id='block_1_115' title="bbox 1907 3949 3493 4015">
    <p class='ocr_par' dir='ltr' id='par_1_115' title="bbox 1907 3949 3493 4015">
     <span class='ocr_line' id='line_1_115' title="bbox 1907 3949 3493 4015; baseline 0.004 -12"><span class='ocrx_word' id='word_1_752' title='bbox 1907 3949 2108 4004; x_wconf 73' lang='lat' dir='ltr'><strong>Tiberii</strong></span> <span class='ocrx_word' id='word_1_753' title='bbox 2140 3952 2231 4004; x_wconf 88' lang='lat' dir='ltr'><strong>lilii</strong></span> <span class='ocrx_word' id='word_1_754' title='bbox 2259 3950 2497 4005; x_wconf 84' lang='lat' dir='ltr'><strong>Mauricii</strong></span> <span class='ocrx_word' id='word_1_755' title='bbox 2529 3951 2732 4005; x_wconf 90' lang='lat' dir='ltr'><strong>mentio</strong></span> <span class='ocrx_word' id='word_1_756' title='bbox 2764 3953 2914 4005; x_wconf 88' lang='lat' dir='ltr'><strong>lieret</strong></span> <span class='ocrx_word' id='word_1_757' title='bbox 2934 3992 2950 4015; x_wconf 91' lang='lat'><strong>,</strong></span> <span class='ocrx_word' id='word_1_758' title='bbox 2983 3951 3068 4006; x_wconf 91' lang='lat' dir='ltr'><strong>hic</strong></span> <span class='ocrx_word' id='word_1_759' title='bbox 3093 3962 3218 4007; x_wconf 88' lang='lat' dir='ltr'><strong>ante</strong></span> <span class='ocrx_word' id='word_1_760' title='bbox 3247 3954 3493 4011; x_wconf 71' lang='lat' dir='ltr'><strong>Theodo~</strong></span> 
     </span>
    </p>
   </div>
   <div class='ocr_carea' id='block_1_116' title="bbox 1906 4020 3493 4089">
    <p class='ocr_par' dir='ltr' id='par_1_116' title="bbox 1906 4020 3493 4089">
     <span class='ocr_line' id='line_1_116' title="bbox 1906 4020 3493 4089; baseline 0.007 -17"><span class='ocrx_word' id='word_1_761' title='bbox 1906 4021 2041 4074; x_wconf 64' lang='lat' dir='ltr'><strong>siam</strong></span> <span class='ocrx_word' id='word_1_762' title='bbox 2075 4027 2298 4074; x_wconf 84' lang='lat' dir='ltr'><strong>lratrum</strong></span> <span class='ocrx_word' id='word_1_763' title='bbox 2340 4032 2465 4073; x_wconf 90' lang='lat' dir='ltr'><strong>natu</strong></span> <span class='ocrx_word' id='word_1_764' title='bbox 2499 4020 2756 4089; x_wconf 81' lang='lat' dir='ltr'><strong>majorem</strong></span> <span class='ocrx_word' id='word_1_765' title='bbox 2807 4022 3029 4077; x_wconf 89' lang='lat' dir='ltr'><strong>minime</strong></span> <span class='ocrx_word' id='word_1_766' title='bbox 3080 4029 3493 4083; x_wconf 66' lang='lat' dir='ltr'><strong>commemorari</strong></span> 
     </span>
    </p>
   </div>
   <div class='ocr_carea' id='block_1_117' title="bbox 1906 4090 3489 4161">
    <p class='ocr_par' dir='ltr' id='par_1_117' title="bbox 1906 4090 3489 4161">
     <span class='ocr_line' id='line_1_117' title="bbox 1906 4090 3489 4161; baseline 0.004 -17"><span class='ocrx_word' id='word_1_767' title='bbox 1906 4090 2516 4145; x_wconf 74' lang='lat' dir='ltr'><strong>debuisset.—Maur5cii</strong></span> <span class='ocrx_word' id='word_1_768' title='bbox 2547 4108 2681 4144; x_wconf 85' lang='lat' dir='ltr'><strong>anno</strong></span> <span class='ocrx_word' id='word_1_769' title='bbox 2705 4093 2792 4147; x_wconf 77' lang='grc'><strong>15.</strong></span> <span class='ocrx_word' id='word_1_770' title='bbox 2827 4092 3067 4161; x_wconf 82' lang='lat' dir='ltr'><strong>Corrige,</strong></span> <span class='ocrx_word' id='word_1_771' title='bbox 3098 4092 3340 4160; x_wconf 56' lang='lat' dir='ltr'><strong>decimw;</strong></span> <span class='ocrx_word' id='word_1_772' title='bbox 3369 4111 3489 4151; x_wconf 89' lang='lat' dir='ltr'><strong>nam</strong></span> 
     </span>
    </p>
   </div>
   <div class='ocr_carea' id='block_1_118' title="bbox 1905 4161 3487 4231">
    <p class='ocr_par' dir='ltr' id='par_1_118' title="bbox 1905 4161 3487 4231">
     <span class='ocr_line' id='line_1_118' title="bbox 1905 4161 3487 4231; baseline 0.005 -18"><span class='ocrx_word' id='word_1_773' title='bbox 1905 4176 2024 4231; x_wconf 85' lang='lat' dir='ltr'><strong>cum</strong></span> <span class='ocrx_word' id='word_1_774' title='bbox 2056 4162 2345 4216; x_wconf 87' lang='lat' dir='ltr'><strong>indictione</strong></span> <span class='ocrx_word' id='word_1_775' title='bbox 2375 4162 2578 4216; x_wconf 89' lang='lat' dir='ltr'><strong>decima</strong></span> <span class='ocrx_word' id='word_1_776' title='bbox 2598 4161 2789 4231; x_wconf 84' lang='lat' dir='ltr'><strong>tertia,</strong></span> <span class='ocrx_word' id='word_1_777' title='bbox 2819 4162 3057 4217; x_wconf 89' lang='lat' dir='ltr'><strong>decimus</strong></span> <span class='ocrx_word' id='word_1_778' title='bbox 3090 4163 3350 4231; x_wconf 78' lang='lat' dir='ltr'><strong>Mauricii,</strong></span> <span class='ocrx_word' id='word_1_779' title='bbox 3382 4183 3487 4221; x_wconf 87' lang='lat' dir='ltr'><strong>non</strong></span> 
     </span>
    </p>
   </div>
   <div class='ocr_carea' id='block_1_119' title="bbox 1906 4230 3491 4305">
    <p class='ocr_par' dir='ltr' id='par_1_119' title="bbox 1906 4230 3491 4305">
     <span class='ocr_line' id='line_1_119' title="bbox 1906 4230 3491 4305; baseline 0.003 -20"><span class='ocrx_word' id='word_1_780' title='bbox 1906 4230 2145 4305; x_wconf 80' lang='lat' dir='ltr'><strong>decimus</strong></span> <span class='ocrx_word' id='word_1_781' title='bbox 2190 4232 2378 4305; x_wconf 85' lang='lat' dir='ltr'><strong>tertius</strong></span> <span class='ocrx_word' id='word_1_782' title='bbox 2432 4230 2726 4305; x_wconf 8' lang='lat' dir='ltr'><strong>cur_rcbat,g</strong></span> <span class='ocrx_word' id='word_1_783' title='bbox 2767 4238 2827 4286; x_wconf 92' lang='lat' dir='ltr'><strong>ut</strong></span> <span class='ocrx_word' id='word_1_784' title='bbox 2862 4242 3086 4305; x_wconf 78' lang='lat' dir='ltr'><strong>apparet</strong></span> <span class='ocrx_word' id='word_1_785' title='bbox 3110 4248 3175 4287; x_wconf 88' lang='lat' dir='ltr'><strong>ex</strong></span> <span class='ocrx_word' id='word_1_786' title='bbox 3231 4230 3491 4305; x_wconf 86' lang='lat' dir='ltr'><strong>principio</strong></span> 
     </span>
    </p>
   </div>
   <div class='ocr_carea' id='block_1_120' title="bbox 1912 4300 3488 4372">
    <p class='ocr_par' dir='ltr' id='par_1_120' title="bbox 1912 4300 3488 4372">
     <span class='ocr_line' id='line_1_120' title="bbox 1912 4300 3488 4372; baseline 0.006 -21"><span class='ocrx_word' id='word_1_787' title='bbox 1912 4302 2004 4372; x_wconf 54' lang='lat' dir='ltr'><strong>lib.</strong></span> <span class='ocrx_word' id='word_1_788' title='bbox 2038 4318 2072 4354; x_wconf 84' lang='lat' dir='ltr'><strong>ri</strong></span> <span class='ocrx_word' id='word_1_789' title='bbox 2108 4303 2461 4367; x_wconf 72' lang='lat' dir='ltr'><strong>Epistolarum</strong></span> <span class='ocrx_word' id='word_1_790' title='bbox 2508 4300 2771 4369; x_wconf 85' lang='lat' dir='ltr'><strong>Gregorii,</strong></span> <span class='ocrx_word' id='word_1_791' title='bbox 2824 4302 2913 4372; x_wconf 86' lang='lat' dir='ltr'><strong>ubi</strong></span> <span class='ocrx_word' id='word_1_792' title='bbox 2938 4300 3154 4355; x_wconf 55' lang='lat' dir='ltr'><strong>&#39;annum</strong></span> <span class='ocrx_word' id='word_1_793' title='bbox 3204 4300 3488 4372; x_wconf 68' lang='lat' dir='ltr'><strong>septimum</strong></span> 
     </span>
    </p>
   </div>
   <div class='ocr_carea' id='block_1_121' title="bbox 1826 4361 3489 4437">
    <p class='ocr_par' dir='ltr' id='par_1_121' title="bbox 1826 4361 3489 4437">
     <span class='ocr_line' id='line_1_121' title="bbox 1826 4361 3489 4437; baseline 0.007 -17"><span class='ocrx_word' id='word_1_794' title='bbox 1826 4361 1876 4420; x_wconf 86' lang='lat' dir='ltr'><strong>D</strong></span> <span class='ocrx_word' id='word_1_795' title='bbox 1904 4361 2511 4437; x_wconf 48' lang='lat' dir='ltr'><strong>Maurii-ii&#39;imperatoris</strong></span> <span class='ocrx_word' id='word_1_796' title='bbox 2556 4361 2778 4426; x_wconf 64' lang='lat' dir='ltr'><strong>decimae</strong></span> <span class='ocrx_word' id='word_1_797' title='bbox 2826 4370 3101 4427; x_wconf 89' lang='lat' dir='ltr'><strong>indictioui</strong></span> <span class='ocrx_word' id='word_1_798' title='bbox 3149 4361 3489 4432; x_wconf 80' lang='lat' dir='ltr'><strong>annumerat.</strong></span> 
     </span>
    </p>
   </div>
   <div class='ocr_carea' id='block_1_122' title="bbox 1896 4441 2242 4496">
    <p class='ocr_par' dir='ltr' id='par_1_122' title="bbox 1896 4441 2242 4496">
     <span class='ocr_line' id='line_1_122' title="bbox 1896 4441 2242 4496; baseline -0.003 0"><span class='ocrx_word' id='word_1_799' title='bbox 1896 4441 2098 4496; x_wconf 60' lang='lat' dir='ltr'><strong>Seven.</strong></span> <span class='ocrx_word' id='word_1_800' title='bbox 2128 4442 2242 4495; x_wconf 69' lang='lat' dir='ltr'><strong>BIN.</strong></span> 
     </span>
    </p>
   </div>
   <div class='ocr_carea' id='block_1_123' title="bbox 1973 4512 3489 4582">
    <p class='ocr_par' dir='ltr' id='par_1_123' title="bbox 1973 4512 3489 4582">
     <span class='ocr_line' id='line_1_123' title="bbox 1973 4512 3489 4582; baseline 0.004 -17"><span class='ocrx_word' id='word_1_801' title='bbox 1973 4522 1995 4549; x_wconf 76' lang='lat'><strong><em>°</em></strong></span> <span class='ocrx_word' id='word_1_802' title='bbox 2029 4512 2108 4565; x_wconf 80' lang='lat' dir='ltr'><strong>Es</strong></span> <span class='ocrx_word' id='word_1_803' title='bbox 2163 4513 2246 4565; x_wconf 87' lang='lat' dir='ltr'><strong>hic</strong></span> <span class='ocrx_word' id='word_1_804' title='bbox 2294 4513 2433 4565; x_wconf 89' lang='lat' dir='ltr'><strong>notis</strong></span> <span class='ocrx_word' id='word_1_805' title='bbox 2480 4512 2873 4580; x_wconf 74' lang='lat' dir='ltr'><strong>chronologicis</strong></span> <span class='ocrx_word' id='word_1_806' title='bbox 2919 4521 3129 4566; x_wconf 84' lang='lat' dir='ltr'><strong>constat</strong></span> <span class='ocrx_word' id='word_1_807' title='bbox 3174 4524 3321 4582; x_wconf 87' lang='lat' dir='ltr'><strong>gesta</strong></span> <span class='ocrx_word' id='word_1_808' title='bbox 3376 4515 3489 4571; x_wconf 79' lang='lat' dir='ltr'><strong>hare</strong></span> 
     </span>
    </p>
   </div>
   <div class='ocr_carea' id='block_1_124' title="bbox 1896 4582 3486 4651">
    <p class='ocr_par' dir='ltr' id='par_1_124' title="bbox 1896 4582 3486 4651">
     <span class='ocr_line' id='line_1_124' title="bbox 1896 4582 3486 4651; baseline 0.003 -17"><span class='ocrx_word' id='word_1_809' title='bbox 1896 4582 2082 4635; x_wconf 79' lang='lat' dir='ltr'><strong>eadem</strong></span> <span class='ocrx_word' id='word_1_810' title='bbox 2114 4598 2335 4650; x_wconf 88' lang='lat' dir='ltr'><strong>prorsus</strong></span> <span class='ocrx_word' id='word_1_811' title='bbox 2362 4596 2482 4635; x_wconf 83' lang='lat' dir='ltr'><strong>esse</strong></span> <span class='ocrx_word' id='word_1_812' title='bbox 2509 4598 2628 4635; x_wconf 91' lang='lat' dir='ltr'><strong>cum</strong></span> <span class='ocrx_word' id='word_1_813' title='bbox 2672 4582 2905 4636; x_wconf 83' lang='lat' dir='ltr'><strong>decretis</strong></span> <span class='ocrx_word' id='word_1_814' title='bbox 2934 4583 2999 4635; x_wconf 91' lang='lat' dir='ltr'><strong>ad</strong></span> <span class='ocrx_word' id='word_1_815' title='bbox 3037 4583 3236 4637; x_wconf 84' lang='lat' dir='ltr'><strong>calcem</strong></span> <span class='ocrx_word' id='word_1_816' title='bbox 3282 4585 3486 4651; x_wconf 65' lang='lat' dir='ltr'><strong>episto-</strong></span> 
     </span>
    </p>
   </div>
   <div class='ocr_carea' id='block_1_125' title="bbox 1902 4651 3485 4719">
    <p class='ocr_par' dir='ltr' id='par_1_125' title="bbox 1902 4651 3485 4719">
     <span class='ocr_line' id='line_1_125' title="bbox 1902 4651 3485 4719; baseline 0.006 -18"><span class='ocrx_word' id='word_1_817' title='bbox 1902 4653 2068 4719; x_wconf 53' lang='lat' dir='ltr'><strong>larunt</strong></span> <span class='ocrx_word' id='word_1_818' title='bbox 2100 4653 2330 4716; x_wconf 75' lang='lat' dir='ltr'><strong>excusis,</strong></span> <span class='ocrx_word' id='word_1_819' title='bbox 2358 4654 2409 4705; x_wconf 91' lang='lat' dir='ltr'><strong>in</strong></span> <span class='ocrx_word' id='word_1_820' title='bbox 2436 4654 2803 4719; x_wconf 87' lang='lat' dir='ltr'><strong>superioribus</strong></span> <span class='ocrx_word' id='word_1_821' title='bbox 2859 4651 3210 4707; x_wconf 82' lang='lat' dir='ltr'><strong>Editionibus.</strong></span> <span class='ocrx_word' id='word_1_822' title='bbox 3246 4653 3316 4707; x_wconf 92' lang='lat' dir='ltr'><strong>lbi</strong></span> <span class='ocrx_word' id='word_1_823' title='bbox 3341 4658 3485 4709; x_wconf 89' lang='lat' dir='ltr'><strong>enim</strong></span> 
     </span>
    </p>
   </div>
   <div class='ocr_carea' id='block_1_126' title="bbox 1901 4719 3486 4789">
    <p class='ocr_par' dir='ltr' id='par_1_126' title="bbox 1901 4719 3486 4789">
     <span class='ocr_line' id='line_1_126' title="bbox 1901 4719 3486 4789; baseline 0.005 -16"><span class='ocrx_word' id='word_1_824' title='bbox 1901 4719 2043 4775; x_wconf 87' lang='lat' dir='ltr'><strong>idem</strong></span> <span class='ocrx_word' id='word_1_825' title='bbox 2069 4738 2239 4775; x_wconf 88' lang='lat' dir='ltr'><strong>annus</strong></span> <span class='ocrx_word' id='word_1_826' title='bbox 2268 4739 2363 4777; x_wconf 85' lang='lat' dir='ltr'><strong>seu</strong></span> <span class='ocrx_word' id='word_1_827' title='bbox 2390 4724 2596 4789; x_wconf 84' lang='lat' dir='ltr'><strong>imperii</strong></span> <span class='ocrx_word' id='word_1_828' title='bbox 2628 4738 2721 4776; x_wconf 90' lang='lat' dir='ltr'><strong>seu</strong></span> <span class='ocrx_word' id='word_1_829' title='bbox 2766 4722 3074 4777; x_wconf 87' lang='lat' dir='ltr'><strong>iudictiouis</strong></span> <span class='ocrx_word' id='word_1_830' title='bbox 3117 4734 3351 4778; x_wconf 87' lang='lat' dir='ltr'><strong>notatur.</strong></span> <span class='ocrx_word' id='word_1_831' title='bbox 3389 4726 3486 4781; x_wconf 86' lang='lat' dir='ltr'><strong>Le-</strong></span> 
     </span>
    </p>
   </div>
   <div class='ocr_carea' id='block_1_127' title="bbox 1898 4793 3485 4864">
    <p class='ocr_par' dir='ltr' id='par_1_127' title="bbox 1898 4793 3485 4864">
     <span class='ocr_line' id='line_1_127' title="bbox 1898 4793 3485 4864; baseline 0.006 -22"><span class='ocrx_word' id='word_1_832' title='bbox 1898 4793 2037 4859; x_wconf 89' lang='lat' dir='ltr'><strong>gitur</strong></span> <span class='ocrx_word' id='word_1_833' title='bbox 2065 4809 2195 4847; x_wconf 86' lang='lat' dir='ltr'><strong>sane</strong></span> <span class='ocrx_word' id='word_1_834' title='bbox 2223 4797 2272 4846; x_wconf 90' lang='lat' dir='ltr'><strong>in</strong></span> <span class='ocrx_word' id='word_1_835' title='bbox 2318 4796 2542 4864; x_wconf 52' lang='lat' dir='ltr'><strong>vulgatis</strong></span> <span class='ocrx_word' id='word_1_836' title='bbox 2570 4793 2847 4846; x_wconf 77' lang='lat' dir='ltr'><strong>indictione</strong></span> <span class='ocrx_word' id='word_1_837' title='bbox 2875 4794 3072 4847; x_wconf 81' lang='lat' dir='ltr'><strong>decima</strong></span> <span class='ocrx_word' id='word_1_838' title='bbox 3125 4804 3342 4863; x_wconf 81' lang='lat' dir='ltr'><strong>quarta;</strong></span> <span class='ocrx_word' id='word_1_839' title='bbox 3391 4797 3485 4851; x_wconf 87' lang='lat' dir='ltr'><strong>sed</strong></span> 
     </span>
    </p>
   </div>
   <div class='ocr_carea' id='block_1_128' title="bbox 1898 4865 3076 4933">
    <p class='ocr_par' dir='ltr' id='par_1_128' title="bbox 1898 4865 3076 4933">
     <span class='ocr_line' id='line_1_128' title="bbox 1898 4865 3076 4933; baseline 0.004 -19"><span class='ocrx_word' id='word_1_840' title='bbox 1898 4878 2052 4933; x_wconf 74' lang='lat' dir='ltr'><strong>error</strong></span> <span class='ocrx_word' id='word_1_841' title='bbox 2074 4873 2175 4928; x_wconf 87' lang='lat' dir='ltr'><strong>est,</strong></span> <span class='ocrx_word' id='word_1_842' title='bbox 2207 4880 2365 4933; x_wconf 88' lang='lat' dir='ltr'><strong>quem</strong></span> <span class='ocrx_word' id='word_1_843' title='bbox 2395 4881 2459 4918; x_wconf 86' lang='lat' dir='ltr'><strong>ex</strong></span> <span class='ocrx_word' id='word_1_844' title='bbox 2495 4866 2622 4918; x_wconf 80' lang='lat' dir='ltr'><strong>Mss.</strong></span> <span class='ocrx_word' id='word_1_845' title='bbox 2652 4865 3076 4919; x_wconf 82' lang='lat' dir='ltr'><strong>eruendavimus.</strong></span> 
     </span>
    </p>
   </div>
   <div class='ocr_carea' id='block_1_129' title="bbox 1968 4930 3484 5003">
    <p class='ocr_par' dir='ltr' id='par_1_129' title="bbox 1968 4930 3484 5003">
     <span class='ocr_line' id='line_1_129' title="bbox 1968 4930 3484 5003; baseline 0.003 -16"><span class='ocrx_word' id='word_1_846' title='bbox 1968 4930 1995 4969; x_wconf 71' lang='grc'><strong>(³</strong></span> <span class='ocrx_word' id='word_1_847' title='bbox 2027 4930 2241 4989; x_wconf 78' lang='lat' dir='ltr'><strong>Mutatis</strong></span> <span class='ocrx_word' id='word_1_848' title='bbox 2261 4936 2460 4989; x_wconf 90' lang='lat' dir='ltr'><strong>sensim</strong></span> <span class='ocrx_word' id='word_1_849' title='bbox 2508 4934 2744 4988; x_wconf 86' lang='lat' dir='ltr'><strong>moribus</strong></span> <span class='ocrx_word' id='word_1_850' title='bbox 2793 4935 3091 5003; x_wconf 84' lang='lat' dir='ltr'><strong>presbyteri</strong></span> <span class='ocrx_word' id='word_1_851' title='bbox 3138 4934 3190 4988; x_wconf 92' lang='lat' dir='ltr'><strong>in</strong></span> <span class='ocrx_word' id='word_1_852' title='bbox 3240 4937 3484 4991; x_wconf 90' lang='lat' dir='ltr'><strong>conciliis</strong></span> 
     </span>
    </p>
   </div>
   <div class='ocr_carea' id='block_1_130' title="bbox 1898 5004 3485 5075">
    <p class='ocr_par' dir='ltr' id='par_1_130' title="bbox 1898 5004 3485 5075">
     <span class='ocr_line' id='line_1_130' title="bbox 1898 5004 3485 5075; baseline 0.001 -18"><span class='ocrx_word' id='word_1_853' title='bbox 1898 5019 2003 5058; x_wconf 88' lang='lat' dir='ltr'><strong>non</strong></span> <span class='ocrx_word' id='word_1_854' title='bbox 2035 5006 2317 5070; x_wconf 86' lang='lat' dir='ltr'><strong>sederunt;</strong></span> <span class='ocrx_word' id='word_1_855' title='bbox 2350 5010 2457 5059; x_wconf 88' lang='lat' dir='ltr'><strong>imo</strong></span> <span class='ocrx_word' id='word_1_856' title='bbox 2483 5020 2582 5059; x_wconf 89' lang='lat' dir='ltr'><strong>nec</strong></span> <span class='ocrx_word' id='word_1_857' title='bbox 2609 5007 2707 5074; x_wconf 91' lang='lat' dir='ltr'><strong>ipsi</strong></span> <span class='ocrx_word' id='word_1_858' title='bbox 2740 5004 2996 5073; x_wconf 82' lang='lat' dir='ltr'><strong>episcopi.</strong></span> <span class='ocrx_word' id='word_1_859' title='bbox 3030 5004 3084 5059; x_wconf 90' lang='lat' dir='ltr'><strong>lu</strong></span> <span class='ocrx_word' id='word_1_860' title='bbox 3112 5010 3485 5075; x_wconf 86' lang='lat' dir='ltr'><strong>congregatio-</strong></span> 
     </span>
    </p>
   </div>
   <div class='ocr_carea' id='block_1_131' title="bbox 1898 5075 3493 5143">
    <p class='ocr_par' dir='ltr' id='par_1_131' title="bbox 1898 5075 3493 5143">
     <span class='ocr_line' id='line_1_131' title="bbox 1898 5075 3493 5143; baseline -0.001 -14"><span class='ocrx_word' id='word_1_861' title='bbox 1898 5075 2055 5129; x_wconf 87' lang='lat' dir='ltr'><strong>nibus</strong></span> <span class='ocrx_word' id='word_1_862' title='bbox 2085 5090 2264 5130; x_wconf 84' lang='lat' dir='ltr'><strong>coram</strong></span> <span class='ocrx_word' id='word_1_863' title='bbox 2293 5092 2504 5131; x_wconf 89' lang='lat' dir='ltr'><strong>summo</strong></span> <span class='ocrx_word' id='word_1_864' title='bbox 2538 5076 2788 5143; x_wconf 85' lang='lat' dir='ltr'><strong>poutiiice</strong></span> <span class='ocrx_word' id='word_1_865' title='bbox 2818 5076 3014 5129; x_wconf 86' lang='lat' dir='ltr'><strong>habitis</strong></span> <span class='ocrx_word' id='word_1_866' title='bbox 3036 5090 3130 5130; x_wconf 94' lang='lat' dir='ltr'><strong>an.</strong></span> <span class='ocrx_word' id='word_1_867' title='bbox 3163 5076 3304 5131; x_wconf 76' lang='grc'><strong>1565</strong></span> <span class='ocrx_word' id='word_1_868' title='bbox 3331 5078 3493 5131; x_wconf 68' lang='grc' dir='ltr'><strong>δεύει,</strong></span> 
     </span>
    </p>
   </div>
   <div class='ocr_carea' id='block_1_132' title="bbox 1898 5145 3482 5215">
    <p class='ocr_par' dir='ltr' id='par_1_132' title="bbox 1898 5145 3482 5215">
     <span class='ocr_line' id='line_1_132' title="bbox 1898 5145 3482 5215; baseline 0.001 -16"><span class='ocrx_word' id='word_1_869' title='bbox 1898 5145 2045 5212; x_wconf 90' lang='lat' dir='ltr'><strong>bant,</strong></span> <span class='ocrx_word' id='word_1_870' title='bbox 2076 5155 2132 5199; x_wconf 93' lang='lat' dir='ltr'><strong>ut</strong></span> <span class='ocrx_word' id='word_1_871' title='bbox 2160 5156 2381 5215; x_wconf 88' lang='lat' dir='ltr'><strong>apparet</strong></span> <span class='ocrx_word' id='word_1_872' title='bbox 2410 5151 2459 5200; x_wconf 85' lang='lat' dir='ltr'><strong>iii</strong></span> <span class='ocrx_word' id='word_1_873' title='bbox 2496 5147 2609 5200; x_wconf 79' lang='lat' dir='ltr'><strong>Vita</strong></span> <span class='ocrx_word' id='word_1_874' title='bbox 2641 5146 2845 5200; x_wconf 87' lang='lat' dir='ltr'><strong>Gallica</strong></span> <span class='ocrx_word' id='word_1_875' title='bbox 2877 5146 3250 5201; x_wconf 69' lang='lat' dir='ltr'><strong>liartholomtei</strong></span> <span class='ocrx_word' id='word_1_876' title='bbox 3279 5162 3308 5199; x_wconf 85' lang='lat' dir='ltr'><strong>a</strong></span> <span class='ocrx_word' id='word_1_877' title='bbox 3340 5146 3482 5201; x_wconf 79' lang='lat' dir='ltr'><strong>Mar-</strong></span> 
     </span>
    </p>
   </div>
   <div class='ocr_carea' id='block_1_133' title="bbox 1899 5216 3479 5286">
    <p class='ocr_par' dir='ltr' id='par_1_133' title="bbox 1899 5216 3479 5286">
     <span class='ocr_line' id='line_1_133' title="bbox 1899 5216 3479 5286; baseline 0.002 -17"><span class='ocrx_word' id='word_1_878' title='bbox 1899 5219 2122 5286; x_wconf 87' lang='lat' dir='ltr'><strong>tyribus,</strong></span> <span class='ocrx_word' id='word_1_879' title='bbox 2152 5218 2244 5271; x_wconf 90' lang='lat' dir='ltr'><strong>lib.</strong></span> <span class='ocrx_word' id='word_1_880' title='bbox 2273 5234 2328 5279; x_wconf 91' lang='lat' dir='ltr'><strong>ll,</strong></span> <span class='ocrx_word' id='word_1_881' title='bbox 2348 5234 2396 5270; x_wconf 93' lang='lat' dir='ltr'><strong>c.</strong></span> <span class='ocrx_word' id='word_1_882' title='bbox 2422 5218 2515 5284; x_wconf 74' lang='lat'><strong>9.2,</strong></span> <span class='ocrx_word' id='word_1_883' title='bbox 2536 5234 2691 5284; x_wconf 82' lang='lat' dir='ltr'><strong>quem</strong></span> <span class='ocrx_word' id='word_1_884' title='bbox 2717 5218 2890 5271; x_wconf 92' lang='lat' dir='ltr'><strong>locum</strong></span> <span class='ocrx_word' id='word_1_885' title='bbox 2915 5232 3019 5269; x_wconf 92' lang='lat' dir='ltr'><strong>non</strong></span> <span class='ocrx_word' id='word_1_886' title='bbox 3043 5216 3239 5286; x_wconf 78' lang='lat' dir='ltr'><strong>pigebit</strong></span> <span class='ocrx_word' id='word_1_887' title='bbox 3264 5218 3479 5283; x_wconf 77' lang='lat' dir='ltr'><strong>legisse.</strong></span> 
     </span>
    </p>
   </div>
   <div class='ocr_carea' id='block_1_134' title="bbox 1898 5289 3479 5357">
    <p class='ocr_par' dir='ltr' id='par_1_134' title="bbox 1898 5289 3479 5357">
     <span class='ocr_line' id='line_1_134' title="bbox 1898 5289 3479 5357; baseline 0.001 -17"><span class='ocrx_word' id='word_1_888' title='bbox 1898 5289 2201 5357; x_wconf 83' lang='lat' dir='ltr'><strong>Antiquiius</strong></span> <span class='ocrx_word' id='word_1_889' title='bbox 2231 5289 2489 5344; x_wconf 82' lang='lat' dir='ltr'><strong>sedebant</strong></span> <span class='ocrx_word' id='word_1_890' title='bbox 2536 5289 2585 5342; x_wconf 90' lang='lat' dir='ltr'><strong>in</strong></span> <span class='ocrx_word' id='word_1_891' title='bbox 2616 5289 2857 5342; x_wconf 83' lang='lat' dir='ltr'><strong>conciliis</strong></span> <span class='ocrx_word' id='word_1_892' title='bbox 2905 5289 3231 5357; x_wconf 81' lang='lat' dir='ltr'><strong>presbyteri,</strong></span> <span class='ocrx_word' id='word_1_893' title='bbox 3264 5302 3479 5342; x_wconf 85' lang='lat' dir='ltr'><strong>seuien-</strong></span> 
     </span>
    </p>
   </div>
   <div class='ocr_carea' id='block_1_135' title="bbox 1898 5358 3479 5427">
    <p class='ocr_par' dir='ltr' id='par_1_135' title="bbox 1898 5358 3479 5427">
     <span class='ocr_line' id='line_1_135' title="bbox 1898 5358 3479 5427; baseline 0 -16"><span class='ocrx_word' id='word_1_894' title='bbox 1898 5359 2022 5411; x_wconf 86' lang='lat' dir='ltr'><strong>tiam</strong></span> <span class='ocrx_word' id='word_1_895' title='bbox 2051 5360 2316 5423; x_wconf 65' lang='lat' dir='ltr'><strong>dici-baut,</strong></span> <span class='ocrx_word' id='word_1_896' title='bbox 2343 5360 2766 5419; x_wconf 86' lang='lat' dir='ltr'><strong>subscribebant,</strong></span> <span class='ocrx_word' id='word_1_897' title='bbox 2796 5358 2879 5411; x_wconf 87' lang='lat' dir='ltr'><strong>vel</strong></span> <span class='ocrx_word' id='word_1_898' title='bbox 2912 5358 3026 5426; x_wconf 86' lang='lat' dir='ltr'><strong>ipso</strong></span> <span class='ocrx_word' id='word_1_899' title='bbox 3052 5369 3319 5427; x_wconf 86' lang='lat' dir='ltr'><strong>pr.escnte</strong></span> <span class='ocrx_word' id='word_1_900' title='bbox 3338 5373 3479 5411; x_wconf 88' lang='lat' dir='ltr'><strong>sum-</strong></span> 
     </span>
    </p>
   </div>
   <div class='ocr_carea' id='block_1_136' title="bbox 1897 5427 3476 5497">
    <p class='ocr_par' dir='ltr' id='par_1_136' title="bbox 1897 5427 3476 5497">
     <span class='ocr_line' id='line_1_136' title="bbox 1897 5427 3476 5497; baseline 0 -15"><span class='ocrx_word' id='word_1_901' title='bbox 1897 5445 1985 5482; x_wconf 92' lang='lat' dir='ltr'><strong>mo</strong></span> <span class='ocrx_word' id='word_1_902' title='bbox 2010 5431 2280 5497; x_wconf 75' lang='lat' dir='ltr'><strong>pontifice,</strong></span> <span class='ocrx_word' id='word_1_903' title='bbox 2306 5440 2357 5482; x_wconf 92' lang='lat' dir='ltr'><strong>nt</strong></span> <span class='ocrx_word' id='word_1_904' title='bbox 2381 5445 2443 5485; x_wconf 81' lang='lat' dir='ltr'><strong>ex</strong></span> <span class='ocrx_word' id='word_1_905' title='bbox 2474 5431 2573 5483; x_wconf 88' lang='lat' dir='ltr'><strong>hoc</strong></span> <span class='ocrx_word' id='word_1_906' title='bbox 2598 5430 2713 5483; x_wconf 91' lang='lat' dir='ltr'><strong>loco</strong></span> <span class='ocrx_word' id='word_1_907' title='bbox 2732 5430 2987 5496; x_wconf 89' lang='lat' dir='ltr'><strong>liquet,et</strong></span> <span class='ocrx_word' id='word_1_908' title='bbox 3010 5430 3058 5482; x_wconf 91' lang='lat' dir='ltr'><strong>in</strong></span> <span class='ocrx_word' id='word_1_909' title='bbox 3092 5428 3199 5483; x_wconf 93' lang='lat' dir='ltr'><strong>alio</strong></span> <span class='ocrx_word' id='word_1_910' title='bbox 3228 5430 3328 5481; x_wconf 91' lang='lat' dir='ltr'><strong>sub</strong></span> <span class='ocrx_word' id='word_1_911' title='bbox 3350 5427 3476 5482; x_wconf 82' lang='lat' dir='ltr'><strong>Gre-</strong></span> 
     </span>
    </p>
   </div>
   <div class='ocr_carea' id='block_1_137' title="bbox 1894 5498 3477 5569">
    <p class='ocr_par' dir='ltr' id='par_1_137' title="bbox 1894 5498 3477 5569">
     <span class='ocr_line' id='line_1_137' title="bbox 1894 5498 3477 5569; baseline 0.001 -17"><span class='ocrx_word' id='word_1_912' title='bbox 1894 5501 2046 5569; x_wconf 42' lang='lat' dir='ltr'><strong>gorio</strong></span> <span class='ocrx_word' id='word_1_913' title='bbox 2076 5502 2139 5563; x_wconf 88' lang='lat' dir='ltr'><strong>ll,</strong></span> <span class='ocrx_word' id='word_1_914' title='bbox 2167 5518 2254 5554; x_wconf 90' lang='lat' dir='ltr'><strong>an.</strong></span> <span class='ocrx_word' id='word_1_915' title='bbox 2296 5502 2418 5554; x_wconf 71' lang='lat' dir='ltr'><strong>7st.</strong></span> <span class='ocrx_word' id='word_1_916' title='bbox 2457 5500 2685 5555; x_wconf 86' lang='lat' dir='ltr'><strong>Plurima</strong></span> <span class='ocrx_word' id='word_1_917' title='bbox 2719 5514 3003 5569; x_wconf 87' lang='lat' dir='ltr'><strong>recensere</strong></span> <span class='ocrx_word' id='word_1_918' title='bbox 3041 5498 3258 5553; x_wconf 89' lang='lat' dir='ltr'><strong>levioris</strong></span> <span class='ocrx_word' id='word_1_919' title='bbox 3300 5513 3477 5569; x_wconf 73' lang='lat' dir='ltr'><strong>operte</strong></span> 
     </span>
    </p>
   </div>
   <div class='ocr_carea' id='block_1_138' title="bbox 1894 5568 3477 5637">
    <p class='ocr_par' dir='ltr' id='par_1_138' title="bbox 1894 5568 3477 5637">
     <span class='ocr_line' id='line_1_138' title="bbox 1894 5568 3477 5637; baseline -0.001 -13"><span class='ocrx_word' id='word_1_920' title='bbox 1894 5568 2041 5624; x_wconf 87' lang='lat' dir='ltr'><strong>esset</strong></span> <span class='ocrx_word' id='word_1_921' title='bbox 2062 5581 2115 5624; x_wconf 89' lang='lat' dir='ltr'><strong>et</strong></span> <span class='ocrx_word' id='word_1_922' title='bbox 2142 5571 2344 5627; x_wconf 89' lang='lat' dir='ltr'><strong>inutilis</strong></span> <span class='ocrx_word' id='word_1_923' title='bbox 2364 5588 2481 5626; x_wconf 91' lang='lat' dir='ltr'><strong>cum</strong></span> <span class='ocrx_word' id='word_1_924' title='bbox 2506 5571 2733 5625; x_wconf 75' lang='lat' dir='ltr'><strong>diversa:</strong></span> <span class='ocrx_word' id='word_1_925' title='bbox 2762 5568 2926 5637; x_wconf 89' lang='lat' dir='ltr'><strong>partis</strong></span> <span class='ocrx_word' id='word_1_926' title='bbox 2956 5580 3199 5624; x_wconf 87' lang='lat' dir='ltr'><strong>auctores</strong></span> <span class='ocrx_word' id='word_1_927' title='bbox 3229 5568 3349 5622; x_wconf 85' lang='lat' dir='ltr'><strong>novi</strong></span> <span class='ocrx_word' id='word_1_928' title='bbox 3374 5584 3477 5622; x_wconf 86' lang='lat' dir='ltr'><strong>non</strong></span> 
     </span>
    </p>
   </div>
   <div class='ocr_carea' id='block_1_139' title="bbox 1893 5639 3477 5709">
    <p class='ocr_par' dir='ltr' id='par_1_139' title="bbox 1893 5639 3477 5709">
     <span class='ocr_line' id='line_1_139' title="bbox 1893 5639 3477 5709; baseline 0.002 -17"><span class='ocrx_word' id='word_1_929' title='bbox 1893 5643 2199 5695; x_wconf 86' lang='lat' dir='ltr'><strong>iulicieutnr</strong></span> <span class='ocrx_word' id='word_1_930' title='bbox 2230 5657 2379 5695; x_wconf 87' lang='lat' dir='ltr'><strong>nsum</strong></span> <span class='ocrx_word' id='word_1_931' title='bbox 2401 5678 2416 5707; x_wconf 85' lang='lat'><strong>,</strong></span> <span class='ocrx_word' id='word_1_932' title='bbox 2450 5644 2515 5696; x_wconf 91' lang='lat' dir='ltr'><strong>de</strong></span> <span class='ocrx_word' id='word_1_933' title='bbox 2541 5642 2660 5709; x_wconf 82' lang='lat' dir='ltr'><strong>jure</strong></span> <span class='ocrx_word' id='word_1_934' title='bbox 2692 5642 3061 5695; x_wconf 85' lang='lat' dir='ltr'><strong>tantummodo</strong></span> <span class='ocrx_word' id='word_1_935' title='bbox 3088 5641 3382 5709; x_wconf 84' lang='lat' dir='ltr'><strong>disputent.</strong></span> <span class='ocrx_word' id='word_1_936' title='bbox 3421 5639 3477 5695; x_wconf 86' lang='lat' dir='ltr'><strong>In</strong></span> 
     </span>
    </p>
   </div>
   <div class='ocr_carea' id='block_1_140' title="bbox 1891 5711 3470 5783">
    <p class='ocr_par' dir='ltr' id='par_1_140' title="bbox 1891 5711 3470 5783">
     <span class='ocr_line' id='line_1_140' title="bbox 1891 5711 3470 5783; baseline -0.001 -18"><span class='ocrx_word' id='word_1_937' title='bbox 1891 5711 2144 5767; x_wconf 67' lang='lat' dir='ltr'><strong>Csalced.</strong></span> <span class='ocrx_word' id='word_1_938' title='bbox 2197 5728 2349 5768; x_wconf 85' lang='lat' dir='ltr'><strong>conc.</strong></span> <span class='ocrx_word' id='word_1_939' title='bbox 2395 5716 2736 5783; x_wconf 75' lang='lat' dir='ltr'><strong>presbyteros</strong></span> <span class='ocrx_word' id='word_1_940' title='bbox 2786 5712 2937 5782; x_wconf 78' lang='lat' dir='ltr'><strong>quasi</strong></span> <span class='ocrx_word' id='word_1_941' title='bbox 2977 5711 3183 5782; x_wconf 84' lang='lat' dir='ltr'><strong>judices</strong></span> <span class='ocrx_word' id='word_1_942' title='bbox 3234 5711 3470 5778; x_wconf 84' lang='lat' dir='ltr'><strong>sedisse,</strong></span> 
     </span>
    </p>
   </div>
  </div>
