3956 6322
515 202 648 254 Γλὸ

1477 203 1817 257 ΛΡΡΕΝΜΧ
1858 206 1946 258 AD
1990 209 2044 260 S.
2089 205 2410 262 GRECORII
2454 206 2842 265 EPISTULAS.

3648 221 3776 274 1556

575 317 626 362 lii
662 321 841 365 sancta
875 310 1112 365 Romana
1147 312 1383 366 Ecclesia
1417 315 1612 381 (εἶναι,
1647 322 1763 367 dist.
1797 316 1885 382 9‘2,
1920 335 1963 368 ε.
1996 317 2084 384 2),
2117 320 2162 376 Α
2195 317 2290 370 bus
2321 319 2605 383 aestimant,
2641 335 2746 371 non
2789 319 3017 390 judicio,
3059 325 3152 380 sed
3185 327 3427 383 manibus
3455 331 3776 388 defendant,

501 402 584 452 rui
621 401 792 455 diiina
822 404 1149 470 dispensatio
1176 419 1403 471 praeesse
1427 421 1510 457 me
1535 406 1718 468 voluit,
1740 407 1938 460 dudum
1959 423 2086 461 con-

499 495 728 547 suetudo
756 506 838 548 est
865 496 1018 549 valde
1035 496 1472 563 reprehensibilis
1500 509 1708 559 exorta,
1733 508 1788 550 ut
1814 508 1837 534 ε
1867 499 2080 566 quidam

499 585 562 636 ad
597 586 733 638 sacri
764 586 946 638 altaris
977 587 1329 641 ministerium
1362 596 1610 642 cantores
1639 587 1918 656 eligantur,
1947 597 1999 641 et
2031 588 2081 640 in

497 679 806 735 diaconatus
839 681 1028 736 ordine
1055 682 1326 734 constituti
1359 683 1703 735 modulationi
1735 683 1878 735 vocis
1909 684 2081 736 inser-

496 770 671 837 viant,
703 787 836 838 quos
880 772 944 823 ad
1000 773 1392 841 praedicationis
1442 772 1672 825 officium
1718 773 2083 841 eleemosyna-

499 877 724 930 rumque
748 863 983 914 studium
1012 877 1201 916 vacare
1224 863 1569 932 congruebat.
1597 863 1748 918 Unde
1776 863 1829 916 ﬁt
1854 866 2082 931 plerum-

493 970 597 1019 que
651 963 708 1006 ut
757 955 821 1007 ad
883 965 1092 1008 sacrum
1146 953 1496 1008 ministerium
1556 955 1677 1008 dimi
1735 957 1920 1009 blanda
1977 971 2078 1009 νυΧ

499 1047 716 1116 1289
754 1048 1036 1114 quatritur,
1068 1048 1231 1113 quzeri
1264 1061 1493 1116 congrua
1525 1048 1630 1098 vita
1665 1048 1983 1114 negligatur,
2023 1056 2078 1102 et

493 1150 683 1194 cantor
715 1142 955 1194 minister
985 1141 1151 1195 Deum
1185 1141 1423 1195 moribus
1451 1142 1722 1205 stimulet,
1752 1157 1870 1195 eum
1901 1159 2077 1211 popu—

493 1234 602 1286 lum
635 1234 852 1286 vocibus
887 1234 1140 1288 delectat.
1190 1233 1303 1299 Qua
1347 1234 1398 1285 in
1453 1249 1510 1288 re
1558 1234 1806 1302 priesenti
1859 1235 2076 1289 decreto

493 1325 761 1376 constituo
793 1335 842 1376 ut
873 1323 923 1376 in
951 1326 1048 1377 hac
1078 1324 1207 1378 sede
1230 1324 1364 1377 sacri
1395 1324 1577 1378 altaris
1605 1327 1831 1380 tninistri
1860 1338 2074 1381 cantare

491 1429 597 1467 non
621 1413 865 1479 debeant,
897 1411 914 1449 τ
940 1415 1218 1482 solumque
1235 1415 1552 1485 evatigclicm
1577 1415 1819 1470 lectionis
1841 1418 2070 1472 ofﬁcium

488 1506 628 1557 inter
656 1505 937 1558 missarum
970 1506 1224 1559 solemnia
1254 1507 1555 1560 exsolvant.
1591 1507 1827 1561 Psalmos
1860 1524 1988 1562 vero
2011 1523 2073 1562 ac

487 1595 722 1663 reliquas
754 1596 1009 1650 lectiones
1038 1611 1232 1650 censeo
1266 1612 1358 1662 per
1385 1597 1760 1662 sabdiaconos,
1789 1599 1870 1650 vel
1902 1599 1946 1651 si
1977 1615 2071 1652 ne-

2191 406 2399 458 Etcum
2450 422 2543 473 per
2572 409 2948 474 prmdicatores
2977 427 3102 468 suos
3140 414 3347 472 Veritas
3385 419 3531 474 dicat
3566 439 3579 474 :
3631 423 3780 477 Nihil

2189 514 2279 564 per
2332 500 2701 551 (antentioncm
2746 500 2970 571 (Philip.
3023 521 3086 570 it,
3118 508 3196 575 5),
3229 509 3389 562 etiam
3454 511 3629 579 ipsum
3667 513 3776 568 liii-

2185 588 2346 651 giosze
2376 588 2735 642 contentiOnis
2769 590 2965 643 malum
2999 596 3412 660 transcendunt;
3444 608 3498 652 et
3520 614 3607 652 res
3631 617 3779 668 qua:-

2185 675 2314 728 libet
2343 690 2462 728 cum
2507 677 2802 731 instituatur
2835 679 3089 736 Ecclesia:
3123 698 3280 751 posse
3309 698 3653 756 competere,
3685 705 3777 757 per

2182 767 2288 818 vim
2323 774 2555 822 tenetur.
2591 769 2818 824 Proinde
2850 776 3100 840 prtesenti
3155 775 3372 830 decreto
3401 781 3677 833 constituo
3721 791 3773 834 ut

2183 857 2228 910 si
2255 858 2374 926 quis
2406 858 2899 915 ecclesiasticorum
2946 879 3176 931 unquam
3210 867 3392 921 titulos
3425 883 3634 936 ponere
3662 871 3773 926 sive

2183 949 2235 1001 in
2283 950 2482 1002 rustico
2513 952 2627 1004 sive
2674 950 2726 1005 in
2769 953 2972 1007 urbano
3020 957 3221 1023 prtedio
3251 973 3346 1012 sua
3395 970 3593 1029 Sponte
3633 977 3771 1029 pra:-

2181 1048 2496 1112 sampserit,
2539 1046 2815 1100 anathema
2846 1047 2933 1103 sit.
2970 1049 3034 1102 Et
3075 1052 3468 1118 responderunt
3510 1070 3708 1108 omnes
3758 1073 3770 1108 :

2180 1134 2478 1190 Anatlieina
2495 1137 2583 1190 sit.
2607 1136 2656 1190 ls
2681 1147 2856 1193 autem
2887 1139 2973 1206 qui
2993 1140 3246 1196 Ecclesiae
3260 1153 3455 1212 pricest
3481 1145 3525 1198 si
3558 1149 3661 1200 hoc
3688 1149 3771 1200 vel

2180 1225 2291 1293 ipse
2323 1227 2433 1280 ﬁeri
2460 1229 2787 1295 prmceperit,
2813 1230 2895 1284 vel
2918 1232 3035 1284 sine
3056 1246 3152 1284 sua
3178 1245 3536 1301 praeceptione
3569 1236 3770 1291 factum

2176 1317 2331 1385 digna
2366 1317 2553 1384 punire
2603 1319 3067 1378 animadversione
3107 1325 3418 1393 neglexerit,
3473 1328 3767 1384 anathema

2176 1408 2263 1462 sit.
2299 1408 2364 1460 Et
2387 1409 2778 1476 responderunt
2833 1425 3014 1464 omnes
3047 1427 3063 1465 :
3095 1414 3391 1469 Anatbema
3421 1417 3508 1469 sit.

2243 1500 2300 1555 4.
2351 1501 2499 1556 Sicut
2527 1501 2770 1570 indignos
2814 1517 2912 1557 nos
2953 1504 3092 1558 beati
3133 1508 3361 1574 apostoli
3409 1508 3558 1562 Petri
3605 1525 3760 1564 reve-

2175 1594 2343 1647 rentia
2376 1607 2526 1646 mens
2575 1592 2808 1646 ﬁdelium
2867 1605 3169 1660 veneratur,
3207 1599 3275 1649 ita
3325 1609 3566 1652 nostram
3614 1600 3763 1654 inﬁr-

486 1689 710 1738 ccss'tas
741 1687 919 1750 fuerit,
955 1703 1049 1754 per
1078 1687 1312 1742 minores
1341 1688 1553 1740 ordines
1583 1689 1842 1742 exhiberi.
1880 1689 1933 1744 Si
1957 1692 2075 1757 quis
2109 1691 2154 1749 Β
2181 1682 2418 1734 ιιιίιίὶῑθῐη
2466 1680 2619 1735 decet
2666 1683 3018 1751 semellpsam
3073 1699 3287 1754 semper
3324 1700 3618 1755 agnoscere
3640 1728 3659 1752 ν
3707 1699 3762 1741 ει

485 1787 662 1831 autem
690 1789 873 1831 contra
904 1781 1004 1832 hoc
1027 1780 1299 1832 decretum
1333 1795 1507 1833 meum
1541 1782 1720 1836 venire
1749 1785 2063 1851 tentaverit,

485 1870 765 1922 anathema
787 1872 875 1924 sit.
906 1872 968 1923 Et
989 1887 1175 1925 omnes
1202 1875 1626 1940 responderunt:
1655 1874 1945 1928 Anathema
1973 1877 2063 1931 sit.

553 1959 608 2012 ‘2.
641 1969 666 2007 8
702 1960 1042 2015 Vereciindus
1066 1977 1179 2014 mos
1212 1973 1451 2027 tempore
1481 1965 1873 2019 iriliscretionis
1897 1967 2067 2020 inole-

484 2048 578 2112 vit,
609 2057 667 2101 ut
698 2048 854 2118 hujus
878 2051 1020 2104 sedis
1054 2052 1392 2117 pontiﬁcibus
1423 2050 1449 2088 δ
1493 2054 1558 2106 ad
1601 2064 1804 2110 secreta
1836 2057 2063 2112 cubiculi

483 2139 697 2193 servitia
750 2140 870 2194 laici
930 2143 1076 2208 pueri
1127 2157 1186 2195 ac
1234 2145 1518 2198 smeularcs
1567 2145 1960 2213 obsequantur;
2011 2157 2065 2201 ct

482 2229 654 2297 (Crat.
681 2229 736 2295 2,
783 2248 836 2300 q.
867 2231 922 2295 7,
954 2249 1000 2286 c.
1052 2231 1145 2303 58)
1177 2249 1294 2287 cum
1338 2247 1565 2303 pastoris
1613 2251 1718 2291 vita
1749 2253 1872 2293 esse
1902 2238 2066 2294 disci-

481 2323 620 2390 pulis
643 2339 856 2392 semper
884 2326 1076 2380 debeat
1125 2328 1175 2379 in
1226 2329 1494 2394 exemplo,
1540 2330 1852 2398 plerumque
1879 2332 2060 2386 clerici

480 2414 652 2481 qualis
706 2416 760 2468 in
808 2426 1014 2470 secreto
1044 2417 1112 2469 sit
1161 2418 1267 2470 vita
1319 2419 1400 2471 sui
1453 2419 1716 2483 pontilicis
1772 2421 2057 2486 nesciunt,

480 2521 638 2574 quam
673 2514 872 2568 tamen,
904 2515 960 2558 ut
991 2507 1190 2560 dictum
1225 2519 1328 2572 est,
1365 2511 1512 2576 pueri
1545 2511 1722 2565 sciunt
1753 2513 2054 2568 saecularcs.

481 2594 558 2648 De
586 2608 688 2661 qua
719 2609 778 2648 re
816 2595 1063 2663 prtesenti
1104 2595 1323 2651 decreto
1353 2600 1620 2654 constituo
1647 2611 1704 2655 ut
1733 2602 1948 2669 quidam
1992 2618 2056 2656 ex

479 2684 689 2738 clericis
713 2685 792 2736 vel
832 2685 992 2739 etiam
1024 2702 1092 2740 ex
1127 2687 1402 2742 monachis
1444 2689 1600 2743 electi
1643 2691 1941 2744 ministerio
1966 2706 2060 2745 cuo

476 2774 634 2828 biculi
666 2775 983 2843 pontiﬁcalis
1011 2778 1401 2846 obsequantur,
1460 2791 1514 2835 ut
1543 2780 1589 2834 is
1617 2783 1702 2849 qui
1731 2782 1784 2836 in
1818 2783 1934 2838 loco
1976 2794 2059 2840 est

478 2868 753 2936 rcgiminis
795 2867 986 2923 habeat
1019 2878 1184 2925 testes
1225 2872 1361 2926 tales
1405 2872 1496 2940 qui
1527 2873 1688 2927 vitam
1736 2873 1853 2938 ejus
1883 2875 1934 2927 iti
1975 2888 2059 2928 se-

477 2968 621 3012 creta
662 2960 1070 3014 conversatione
1123 2961 1358 3028 videant,
1411 2973 1464 3018 et
1504 2979 1570 3019 ex
1619 2963 1823 3018 visione
1871 2965 2051 3019 sedula

476 3048 776 3115 exemplum
807 3048 1075 3116 profectus
1105 3059 1338 3104 sumant.

547 3138 599 3191 5.
632 3140 974 3194 Consuetudo
1016 3157 1149 3195 nova
1193 3145 1245 3194 in
1279 3143 1517 3198 Ecclesia
1551 3143 1648 3199 hac
1679 3145 1850 3216 (Crat.
1879 3148 1964 3212 l6,
2001 3165 2050 3215 q.

475 3230 529 3296 G,
559 3247 605 3283 ε.
638 3231 691 3299 l)
716 3239 772 3285 et
817 3231 969 3285 valde
991 3233 1427 3300 repreliensibilis
1466 3237 1662 3303 erupit,
1713 3247 1770 3292 ut
1819 3254 1939 3294 cum
1971 3256 2056 3296 re-

474 3334 646 3376 ctores
675 3321 793 3391 ejus
821 3323 1124 3390 patrimonii
1156 3323 1355 3377 urbana
1387 3325 1469 3380 vel
1498 3327 1694 3382 rustica
1732 3331 1927 3396 praedia
1947 3332 2054 3400 juri

474 3414 614 3465 illius
638 3424 945 3483 competere
970 3429 1126 3480 posse
1154 3415 1514 3484 suspicantur,
1555 3416 1570 3453 ί
1607 3420 1770 3474 liscali
1812 3437 1960 3476 more
1990 3424 2054 3475 ti-

471 3506 611 3560 tulos
641 3505 965 3574 imprimant,
993 3517 1150 3574 atque
1174 3507 1273 3561 hoc
1302 3508 1442 3576 quod
1470 3519 1778 3577 competere
1805 3515 2049 3580 pauperi-

472 3641 621 3709 pattci
653 3653 777 3695 sunt
803 3643 892 3710 qui
927 3659 1030 3697 non
1055 3654 1382 3710 agnoscant;
1417 3655 1470 3698 at
1498 3646 1686 3713 injuria
1713 3646 1906 3700 factum
1933 3663 2058 3701 cau-

471 3721 676 3774 ranllll‘,
709 3723 765 3764 ut
793 3715 995 3782 aliquot
1028 3718 1380 3781 posteriorum
1416 3719 1742 3782 synodornm
1776 3718 2061 3770 aucmrita-

474 3794 580 3855 tein
611 3783 842 3844 elevem,
871 3786 1019 3849 quasi
1051 3799 1177 3837 vero
1223 3788 1274 3838 in
1307 3787 1545 3839 conciliis
1570 3788 1929 3855 apostolorum
1976 3803 2060 3841 se-

470 3853 646 3905 niores
675 3867 777 3904 non
808 3856 1063 3915 sederint,
1096 3865 1186 3908 aut
1206 3855 1441 3909 sederint
1484 3853 1631 3912 inuti.
1653 3857 1912 3910 δυάδων,

545 3922 888 3992 °Grcgorius
939 3924 1178 3983 'l'uron.,
1229 3927 1294 3977 de
1345 3927 1672 3992 presbyteris
1720 3935 1774 3979 et
1818 3928 2056 3980 diaconis

469 3991 786 4062 canentibus
833 3993 990 4044 multa
1042 3993 1238 4057 profert
1287 3991 1528 4062 ext-tripla
1563 3998 1598 4046 l.
1633 4012 1724 4048 vtu
1754 3996 1914 4060 llist.,
1943 4014 1992 4049 c.
2023 3998 2056 4049 5

468 4075 516 4115 et
549 4063 601 4114 ti.
639 4060 903 4114 Gussaav.
940 4063 1077 4128 Lege
1103 4072 1279 4114 notam
1310 4064 1413 4115 9.35:2
1445 4060 1507 4116 ad
1544 4064 1688 4117 Libr.
1724 4067 1964 4122 Sacram.

549 4130 564 4167 ί
599 4131 853 4197 Quamvis
901 4134 1193 4194 antiquitus
1241 4135 1581 4201 Evangelium
1616 4150 1641 4185 a
1677 4137 1966 4192 lectoribus
2001 4140 2051 4192 in

473 4201 686 4273 publico
718 4202 836 4254 lidcl
865 4217 949 4254 tim
978 4213 1117 4256 cmtu
1150 4204 1431 4269 legeretur,
1466 4215 1520 4256 tit
1547 4221 1608 4256 ex
1644 4206 1848 4259 duabus
1881 4217 2052 4273 potis-

471 4272 1238 4346 simum“Cyprianiepistolis
1399 4284 1453 4327 ct
1482 4274 1551 4327 54
1585 4285 1752 4342 patet;
1809 4272 2050 4346 tempore

471 4351 648 4394 tamen
684 4341 989 4411 Hieronymi
1021 4353 1235 4409 ceperat
1284 4345 1332 4395 id
1384 4341 1620 4399 muneris
1670 4341 1938 4411 pertinere
1983 4350 2048 4401 ad

465 4415 742 4473 diaconos,
796 4422 852 4465 ut
902 4415 1036 4466 satis
1091 4414 1287 4466 indicat
1332 4420 1470 4480 quod
1523 4416 1809 4467 Sabiniano
1861 4420 2048 4470 scrilizt

467 4491 684 4535 sanctus
715 4483 905 4535 doctor
951 4502 964 4536 :
1011 4483 1342 4549 Evangelimu
1389 4487 1576 4536 (.‘hristi
1607 4487 1752 4553 quasi
1797 4486 2044 4541 diaconus

467 4553 745 4606 lectitabas.
779 4553 854 4606 Ex
882 4554 1090 4606 concilii
1123 4555 1367 4607 Toletani
1402 4573 1437 4614 t.
1472 4573 1594 4608 cati.
1643 4557 1694 4613 “2.
1734 4559 1944 4620 probari
1968 4559 2045 4609 vi-

466 4625 623 4676 detur
655 4625 703 4675 iii
757 4625 992 4677 Ecclesia
1027 4626 1305 4692 llispaniei
1344 4643 1715 4692 perseverasse
1756 4643 1926 4691 usque
1977 4632 2041 4680 ad

471 4709 500 4740 v
534 4695 788 4745 srcculum
843 4699 1115 4760 antiquum
1173 4711 1395 4757 morem,
1453 4709 1504 4750 et
1561 4697 1786 4748 lci-tores
1841 4701 2042 4764 legendi

470 4764 944 4831 l‘lvmgcliicuram
970 4766 1238 4817 lllll)lllSSt’.
1266 4769 1620 4831 Sozonicnus,
1643 4769 1731 4818 lib.
1765 4782 1858 4824 vti.
1879 4783 1927 4818 c.
1959 4768 2040 4833 Η),

465 4849 896 4886 cotttttietuoratis
926 4849 1019 4886 eos
1050 4836 1139 4903 qui
1173 4838 1351 4903 legunt
1401 4837 1744 4899 Evangelium
1788 4838 1836 4888 in
1872 4840 2046 4890 eccle-

467 4907 566 4965 sia,
600 4906 894 4956 secundum
930 4908 1102 4955 varios
1142 4920 1228 4956 aut
1262 4911 1494 4959 lociiruin
1527 4917 1618 4958 aut
1651 4918 1681 4958 ti
1706 4924 1946 4971 iiiporum
1975 4912 2044 4960 ri-

469 4982 573 5037 tus,
625 4978 860 5040 assignat
888 4975 1196 5042 epiScOpuIn
1218 5017 1229 5031 .
1263 4978 1718 5043 ari-ltidiacontitti,
1754 4978 2042 5035 diaconos:

465 5057 519 5095 at
573 5045 831 5096 lectorum
869 5061 971 5095 non
1023 5047 1282 5098 meminit.
1333 5048 1439 5097 lloe
1484 5045 1710 5112 primum
1767 5048 2043 5102 decretum

466 5131 572 5167 non
603 5124 686 5166 est
717 5115 767 5167 in
801 5115 933 5167 Cod.
968 5116 1224 5182 Capucin.
1263 5117 1583 5184 llotliomag.

537 5193 561 5230 8
592 5186 860 5252 Corinpte
892 5187 941 5238 in
975 5186 1243 5239 nonnullis
1276 5188 1516 5250 lixcnsis,
1565 5188 1904 5240 verecundum
1938 5205 2045 5241 nios

464 5267 719 5321 torporem
748 5257 1360 5309 indiscretionis‘involvit.
1397 5258 1689 5318 Enuodins.
1713 5260 1968 5325 opusculo
1992 5259 2045 5320 7,

463 5326 706 5377 meminit
734 5327 1006 5392 cujusdam
1060 5329 1297 5396 pra'cepti
1329 5343 1433 5395 quo
1482 5336 1539 5380 ut
1587 5344 1773 5380 omnes
1801 5328 2036 5394 episcopi

463 5396 757 5448 cellulanos
803 5398 1060 5450 haberent
1115 5411 1326 5450 cautum
1375 5408 1506 5451 erat.
1565 5399 1614 5450 ιιι
1649 5399 1838 5450 iactum
1894 5408 2038 5463 putat

463 5465 801 5526 Sirtiiondus,
839 5470 918 5518 vel
950 5483 978 5517 a
1015 5484 1167 5533 papa,
1214 5472 1290 5519 Vel
1321 5488 1346 5518 ει
1377 5471 1601 5537 synodi,
1635 5469 1917 5520 occasione
1949 5485 2036 5519 ca-

465 5534 776 5605 lilllllllal'lllll
811 5539 1001 5602 qnibtts
1049 5554 1211 5603 nuper
1245 5534 1598 5605 sylllll'lllCillla'
1655 5554 1785 5604 papa
1819 5553 2036 5593 vexatus

1943 5611 1973 5634 ’Ὗ
1985 5613 2009 5634 Ἴ

466 5602 631 5656 me”!
687 5604 979 5670 (λιτὲηῐλυδ
1011 5602 1208 5660 Turoii.
1267 5602 1423 5662 t'clei‘t
1458 5611 1547 5664 l.b.
1584 5627 1634 5662 γλ
1672 5602 1826 5674 llist.,
1863 5630 1906 5662 t'.
1943 5611 2032 5674 ‘27.

2173 1772 2414 1840 impense
2435 1771 2532 1824 sibi
2557 1774 2913 1826 venerationis
2938 1789 3102 1829 onera
3130 1775 3423 1830 declinare.
3465 1777 3541 1830 Ex
3566 1792 3759 1832 amore

2169 1863 2364 1931 quippe
2412 1861 2646 1915 ﬁdelium
2702 1862 2861 1931 hujus
2908 1865 3053 1918 sedis
3098 1867 3396 1921 rectoribus
3446 1883 3565 1921 mos
3618 1870 3756 1920 ultra

2171 1953 2417 2006 meritum
2462 1954 2669 2020 erupit,
2699 1961 2752 2007 ul
2804 1969 2924 2008 cum
2969 1969 3155 2010 eorum
3211 1971 3434 2024 corpora
3486 1958 3753 2012 humauda

2173 2045 2384 2114 1290
2411 2043 2754 2110 deferuntur,
2791 2045 2904 2100 haec
2930 2044 2955 2083 ¹ί
2984 2046 3283 2101 dalmaticis
3334 2058 3655 2116 conlegam,
3701 2059 3753 2102 et

2164 2146 2380 2188 easdem
2425 2134 2736 2189 dalmaticas
2767 2151 2863 2204 pro
2907 2145 3209 2191 sanctitatis
3264 2149 3570 2192 reverentia
3618 2141 3749 2192 sibi-

2166 2235 2268 2278 met
2293 2225 2598 2292 partieudas
2623 2226 2848 2294 pepulus
2869 2205 3115 2291 scindat;
3146 2238 3199 2282 et
3224 2242 3345 2281 cum
3375 2229 3558 2281 adsint
3584 2237 3746 2282 multa

2163 2334 2191 2372 a
2220 2321 2384 2373 sacris
2413 2321 2730 2387 corporibus
2754 2321 3120 2389 apostolorum
3155 2331 3566 2392 martyriimque
3602 2326 3746 2376 vela-

2163 2415 2328 2475 mina,
2361 2427 2388 2462 a
2419 2424 2756 2480 peccatorum
2786 2426 3011 2480 corpore
3058 2413 3290 2466 sumitur
3313 2414 3454 2482 quod
3503 2429 3599 2481 pro
3639 2431 3742 2466 ma-

2162 2517 2262 2570 gna
2282 2503 2574 2556 reverentia
2595 2514 2899 2556 reservatur
2926 2504 3025 2557 :de
3053 2519 3155 2571 qua
3180 2520 3236 2558 re
3260 2506 3510 2574 praesenti
3530 2505 3748 2559 decreto

2162 2593 2428 2646 constituo
2480 2601 2539 2645 ut
2569 2592 2822 2645 feretrum
2854 2609 2958 2662 quo
2989 2594 3213 2648 Romani
3245 2596 3518 2663 pontilicis
3547 2610 3746 2663 corpus

2162 2681 2228 2735 ad
2254 2681 2618 2749 sepeliendum
2645 2683 2857 2735 ducitur
2890 2683 3036 2736 nullo
3065 2685 3298 2754 tegmine
3327 2686 3554 2740 veletur.
3575 2688 3746 2752 Quam

2160 2775 2360 2828 decreti
2407 2775 2508 2828 mei
2557 2789 2738 2828 curam
2787 2791 2973 2845 gerere
3003 2777 3147 2831 sedis
3189 2777 3347 2846 hujus
3397 2781 3750 2849 presbyteros

2161 2880 2224 2918 ac
2270 2865 2522 2918 diaconos
2565 2880 2784 2918 censeo.
2815 2866 2869 2918 Si
2909 2868 3026 2932 quis
3061 2882 3188 2922 vero
3218 2885 3283 2925 ex
3317 2885 3507 2924 eorum
3555 2872 3750 2926 ordine

2163 2954 2279 3008 hmc
2303 2969 2496 3007 curare
2525 2953 2846 3024 neglexerit,
2899 2957 3184 3012 anathema
3215 2959 3308 3013 sit.
3345 2960 3411 3013 Et
3451 2965 3750 3029 responde-

2083 3055 2129 3118 ο
2161 3057 2283 3099 runt
2313 3060 2499 3100 omnes
2528 3063 2542 3098 :
2585 3047 2883 3100 Anathema
2916 3048 3004 3101 sit.

2234 3136 2287 3190 5.
2321 3139 2608 3206 Antiquam
2642 3137 2856 3190 Patrum
2890 3139 3125 3208 regulam
3175 3155 3430 3208 sequens,
3465 3142 3604 3196 nihil
3649 3159 3746 3196 un-

2161 3245 2317 3300 quam
2347 3231 2415 3283 de
2442 3229 2875 3284 ordinationibus
2901 3232 3268 3299 accipiendum
3300 3249 3422 3289 esse
3449 3237 3741 3299 constituo,

2163 3338 2333 3390 neque
2363 3338 2425 3376 ex
2458 3323 2673 3374 datione
2703 3323 2874 3390 pallii,
2909 3339 3078 3390 neque
3103 3340 3166 3378 ex
3215 3327 3504 3380 traditione
3534 3327 3745 3381 charta-

2159 3431 2303 3477 rum,
2335 3427 2506 3479 neque
2531 3428 2594 3465 ex
2629 3428 2689 3466 ea
2718 3429 2874 3480 quam
2909 3429 3041 3467 nova
3076 3431 3168 3482 per
3199 3416 3552 3471 ambitionem
3579 3417 3743 3470 simu-

2160 3508 2286 3564 latio
2330 3504 2537 3559 invenit
2565 3506 2922 3572 appellatione
2950 3502 2966 3540 ι
3022 3507 3253 3574 pastelli.
3283 3507 3421 3573 Quia
3451 3509 3602 3562 enim
3645 3525 3744 3562 or-

2167 3643 2467 3698 IEthcrium
2501 3643 2810 3709 episcopum
2865 3641 3246 3696 Lexoviensem
3299 3643 3558 3698 habuisse
3603 3646 3741 3699 circa

2165 3715 2358 3769 lectum
2385 3727 2537 3765 suum
2570 3714 2767 3762 multos
2797 3710 2961 3765 lectos
2990 3714 3328 3766 clericorum.

2236 3781 2262 3820 δ
2296 3783 2440 3836 Idem
2473 3783 2652 3834 multis
2678 3781 2796 3834 aliis
2827 3781 2876 3834 in
2906 3784 3147 3835 conciliis
3173 3793 3430 3837 statutum
3461 3799 3616 3852 pauc:
3647 3800 3741 3838 ex-

2162 3863 2477 3923 sequuntur.
2513 3853 2642 3923 Vide
2673 3852 2868 3923 concil.
2925 3853 3090 3905 Paris.
3123 3867 3209 3907 an.
3245 3852 3374 3917 8-2.9,
3426 3870 3476 3908 c.
3514 3857 3603 3917 19,
3650 3855 3739 3915 2U,

2159 3921 2252 3978 2l.
2289 3923 2482 3976 llident
2513 3921 2685 3988 impii,
2720 3921 3002 3988 deploiant
3033 3925 3099 3988 pii
3152 3924 3289 3977 inter
3322 3934 3527 3976 tantam
3558 3926 3740 3978 dome-

2163 3995 2416 4047 sticorum
2451 3993 2683 4057 turbam,
2717 3996 2802 4059 qui
2839 3994 3102 4045 nonnullis
3131 3993 3455 4046 famulantur
3485 3995 3740 4049 ecclesia-

2163 4066 2332 4126 SIicis,
2367 4063 2448 4114 vix
2477 4079 2637 4114 unum
2671 4072 2762 4114 aut
2791 4062 3013 4114 alterum
3044 4062 3272 4116 clericali
3317 4074 3488 4128 veste,
3519 4080 3736 4128 corona,

2164 4146 2382 4187 tonsura
2417 4133 2716 4199 insignitum
2756 4135 2995 4197 reperiri,
3030 4148 3147 4185 cum
3183 4142 3356 4186 tamen
3401 4135 3741 4202 episcopales

2160 4208 2325 4268 :edes,
2359 4204 2400 4254 si
2433 4217 2668 4255 canones
2697 4202 2964 4262 audimus,
2999 4203 3310 4254 clerictiruui
3344 4221 3467 4256 esse
3513 4206 3738 4257 debeant

2158 4273 2446 4336 domicilia,
2485 4288 2586 4324 non
2633 4271 2826 4336 palatia
2862 4273 3130 4324 laicorum.
3167 4272 3300 4336 Quid
3332 4276 3373 4324 si
3410 4291 3519 4327 non
3569 4275 3633 4325 ad
3659 4291 3736 4327 se-

2161 4356 2303 4397 ereta
2338 4343 2495 4396 modo
2528 4342 2753 4395 cubiculi
2800 4344 3013 4394 servitia
3047 4351 3220 4395 astant
3251 4344 3367 4394 laici
3427 4345 3613 4411 pueri,
3647 4345 3735 4396 sed

2157 4425 2210 4467 et
2242 4415 2303 4466 ad
2341 4413 2612 4465 tremenda
2645 4412 2782 4464 sacri
2817 4413 2998 4465 altaris
3021 4415 3270 4481 mysteria
3307 4415 3617 4466 ministrant
3646 4430 3736 4480 pro

2152 4485 2412 4553 acolythis
2449 4483 2776 4549 pedissequi,
2826 4498 2890 4533 an
2944 4488 3274 4535 consuetudo
3319 4485 3642 4536 cnriisabit?
3685 4485 3732 4535 Id

2153 4557 2253 4607 illis
2279 4555 2366 4619 qui
2396 4554 2521 4604 refoi
2540 4558 2733 4603 mando
2761 4553 2906 4606 clero
2933 4553 3211 4622 invigilant
3235 4554 3636 4607 discutiendum
3663 4569 3731 4606 re-

2159 4627 2470 4689 l.iiquimtis.
2514 4624 2777 4675 (iussam.

2230 4705 2241 4730 ι
2275 4695 2346 4746 lle
2379 4695 2564 4755 titulis,
2601 4696 2718 4743 vide
2749 4692 2838 4745 lib.
2868 4710 2904 4754 t,
2939 4708 3024 4758 ep.
3058 4693 3148 4746 Gil.

2227 4764 2245 4798 ¹ί
2283 4767 2352 4816 lle
2383 4765 2682 4815 dalmaticis
2703 4763 2809 4827 jam
2852 4765 3084 4815 diximus
3114 4764 3177 4815 ad
3209 4762 3365 4825 epist.
3414 4763 3512 4815 107
3543 4763 3636 4815 lib.
3666 4779 3733 4815 ts.

2153 4835 2399 4886 Veterum
2437 4852 2550 4886 nios
2581 4837 2674 4885 luit
2707 4846 2942 4884 inortttos'
2973 4834 3194 4885 vestitos
3225 4835 3479 4899 sepelire,
3505 4844 3560 4885 et
3595 4848 3736 4900 s.i-pe

2154 4905 2398 4972 pretiosis
2424 4906 2660 4956 vestibus
2689 4919 2904 4957 ornare.
2943 4903 3090 4956 Unde
3123 4904 3504 4969 ll.eroti_vinus,
3540 4907 3590 4954 iii
3619 4903 3730 4954 Vita

2147 4977 2314 5026 Sam-ti
2351 4975 2494 5026 l’atili
2523 4992 2534 5024 :
2564 4974 2666 5027 Cur
2693 4985 2736 5023 et
2779 4986 3004 5026 mortuos
3033 4985 3219 5024 vestros
3251 4986 3448 5023 auratis
3477 4974 3734 5024 obrolritis

2146 5046 2398 5096 vestibus?
2431 5044 2532 5096 Cur
2579 5045 2782 5095 ambitio
2829 5045 2959 5095 inter
3009 5044 3174 5094 luctas
3228 5054 3586 5110 lat‘rgmasojtte
3636 5061 3734 5094 non

2152 5125 2304 5168 :essat
2325 5119 2348 5167 ἱ)
2379 5115 2456 5166 Ait
2483 5119 2734 5166 cattai'cra
2785 5115 2998 5166 divitum
3047 5115 3144 5164 nisi
3173 5115 3224 5165 in
3252 5119 3411 5166 serico
3446 5127 3735 5179 putrcsu-‘rc

2147 5187 2371 5238 nesciunt
2386 5187 2411 5237 Ρ

2226 5254 2241 5291 ¹ι
2278 5253 2540 5307 ΡλυιρΙΙιιΞ
2571 5270 2598 5304 a
2632 5270 2758 5306 voce
2791 5264 2992 5319 pastus,
3020 5268 3118 5322 qua
3145 5253 3464 5306 comessatio
3492 5264 3729 5306 aiitcon-

2147 5326 2341 5378 vivium
2367 5325 2701 5391 exprimitur.
2740 5326 2792 5376 In
2825 5327 3016 5377 eoticil.
3048 5327 3296 5377 Nannet..
3326 5339 3376 5375 c.
3410 5324 3471 5376 {Si
3501 5343 3512 5373 :
3545 5324 3729 5375 Pastas

2141 5413 2308 5448 autem
2363 5406 2406 5446 et
2453 5398 2878 5458 (0H188341ll0i‘lt33,
2919 5413 3042 5461 quas
3101 5396 3271 5445 divina
3317 5397 3598 5445 auctoritas
3642 5409 3726 5444 te-

2143 5477 2233 5526 tal,
2268 5478 2370 5519 etc.
2410 5468 2460 5517 In
2493 5465 2825 5529 Trosleiano,
2855 5483 2901 5517 ρ.
2934 5468 2964 5517 li
3011 5484 3020 5516 :
3057 5465 3246 5517 Cutsas
3278 5481 3339 5516 ne
3363 5465 3425 5514 ab
3476 5467 3598 5529 ipsis
3640 5481 3726 5514 sa~

2143 5539 2428 5589 caritatibus
2456 5537 2546 5588 sibi
2581 5539 2873 5601 exiuirant,
2902 5545 2947 5588 et
2975 5537 3159 5589 neniis
3190 5551 3250 5586 ac
3283 5537 3441 5597 pastis
3465 5535 3538 5585 δτι
3571 5551 3727 5602 μειω-

2143 5610 2335 5661 t'ciidis
2370 5625 2454 5661 seu
2482 5608 2792 5660 cviallurum
2828 5606 3229 5675 saginationibus
3252 5609 3574 5674 presl‘ytcros
3609 5605 3718 5670 aﬂli
