3990 6380
162 318 297 375 13ῖ7

1128 304 1472 362 APPENLIX
1512 303 1603 360 AD
1644 301 1702 359 S.
1742 295 2072 356 GREGORII
2115 289 2506 350 EPISTOLAS.

3310 284 3445 339 1533

159 429 400 485 diuuudo
440 439 696 497 episcopo
739 422 977 493 pontifex
1032 434 1245 474 manum
1288 418 1514 486 imponit
1558 413 1758 484 (Grat.,
1790 420 1837 476 Α
1864 416 2026 477 atque
2053 402 2394 460 conversatio
2426 403 2566 455 bono
2592 397 2865 455 desiderio
2913 398 3029 465 ejus
3076 394 3445 452 testimonium

160 523 193 576 Ξ
218 562 234 585 ,
286 537 339 588 q.
394 521 464 583 7,
517 537 566 573 c.
592 516 707 587 58),
766 515 1124 584 evangelicum
1159 527 1283 566 vero
1333 508 1616 564 lectionem
1648 505 1754 558 mi-

163 614 330 668 nister
394 611 558 676 legit,
605 605 1029 663 conﬁrmationis
1086 612 1264 655 autem
1313 600 1430 670 ejus
1474 598 1753 667 epistolam

164 703 403 758 notarius
471 699 700 764 scribit,
749 697 891 750 sicut
940 696 1246 763 pontilicem
1299 708 1403 745 non
1449 690 1604 744 decet
1646 702 1759 741 ma-

164 810 290 849 num
342 806 501 859 quam
544 790 773 859 imponit
821 786 1053 842 vendere
1112 786 1190 855 (l,
1230 772 1279 851 q'.
1335 783 1391 851 2,
1451 799 1498 835 c.
1544 780 1599 850 4)
1629 820 1644 845 ,
1687 782 1758 832 ita

165 884 413 939 minister
442 880 523 935 vel
555 880 797 933 notarius
843 891 949 930 non
978 876 1137 929 debet
1189 876 1240 926 in
1281 873 1614 926 ordinatione
1643 884 1761 933 e,us

166 991 355 1029 vocem
402 987 557 1028 suam
606 972 689 1026 vel
738 971 999 1025 calamum
1032 967 1362 1021 venundare.
1417 965 1518 1018 Pro
1547 963 1760 1017 ordina-

169 1068 317 1121 tione
369 1078 524 1130 vero,
555 1063 637 1118 vel
670 1061 850 1131 pallio,
883 1074 977 1114 seu
1025 1058 1247 1122 chartis,
1299 1067 1459 1125 atque
1511 1053 1760 1123 pastello,

170 1153 421 1209 eumdem
453 1152 546 1220 qui
594 1150 924 1205 ordinandus
972 1148 1057 1203 vel
1089 1148 1365 1201 ordinatus
1409 1154 1493 1199 est
1544 1144 1763 1197 omnino

172 1243 373 1314 aliquid
410 1244 544 1298 dare
572 1241 853 1311 prohibeo.
889 1239 967 1293 Ex
996 1240 1189 1308 quibus
1219 1236 1494 1305 pracdietis
1525 1235 1688 1289 rebus
1717 1234 1764 1287 si

172 1336 298 1406 quis
343 1335 471 1390 hinc
498 1333 704 1402 aliquid
732 1331 998 1387 commodi
1032 1327 1393 1399 appellatione
1420 1327 1638 1396 exigere
1679 1325 1764 1380 vel

171 1425 389 1481 deferre
417 1424 556 1479 forte
586 1422 1011 1492 praesumpserit,
1042 1421 1093 1473 in
1126 1418 1367 1473 districto
1400 1416 1491 1470 Del
1516 1416 1767 1485 omnipo-

176 1515 344 1571 tentis
372 1514 620 1570 examine
666 1522 815 1566 reatu
857 1509 1174 1580 subjacebit.
1213 1508 1262 1562 Is
1289 1516 1470 1561 autem
1502 1508 1592 1575 qui
1624 1506 1767 1560 ordi-

177 1613 342 1660 natus
370 1604 553 1670 fuerit,
579 1604 622 1657 si
648 1616 752 1656 non
781 1616 847 1655 ex
883 1600 1099 1670 placito,
1131 1611 1305 1667 neque
1330 1608 1570 1661 exactus,
1599 1610 1771 1664 neque

177 1696 403 1763 petitus,
456 1702 577 1761 post
624 1699 871 1759 acceptas
918 1688 1134 1743 chartas
1180 1694 1236 1742 et
1284 1686 1537 1757 pallium,
1568 1685 1771 1753 aliquid

1855 497 2054 563 ierunt,
2102 498 2306 565 absque
2354 492 2738 549 retractatione
2785 490 2993 545 servire
3025 490 3078 543 in
3111 488 3442 544 monaSteriu

1855 587 2210 656 omnipotenti
2241 586 2468 639 Domino
2500 582 2859 652 permittatur,
2885 589 2944 634 ut
2972 580 3041 633 ab
3068 579 3300 632 butnanu
3329 592 3445 631 ser-

1860 682 1990 737 vitio
2017 682 2152 735 liber
2180 681 2399 734 recedat
2426 679 2516 747 qui
2547 677 2599 730 in
2647 676 2829 730 divino
2860 674 3119 742 obsequio
3148 672 3444 727 districtio-

1859 788 1973 828 rem
1998 772 2200 842 appetit
2227 770 2543 825 servitutem
2568 774 2630 821 ω.

2290 860 2614 927 Subscriptio
2644 859 3021 928 episcoporum.

1934 953 2220 1024 Gregorius
2258 952 2351 1007 Dei
2380 952 2547 1020 gratia
2590 951 2875 1018 epi~copus
2920 948 3002 1001 bis
3043 946 3277 999 decretis
3316 945 3445 999 sub-

1864 1048 2100 1117 scripsit.
2166 1046 2498 1101 Marinianus
2544 1042 2830 1113 epiSCOpllS
2889 1041 3120 1094 civitatis
3179 1038 3448 1091 Ravenna:

1864 1138 2200 1206 subscripsit.
2270 1137 2466 1192 Paulus
2518 1136 2806 1203 episc0pus
2853 1131 3086 1185 civitatis
3145 1128 3448 1197 Nepesitte.

1865 1231 2098 1286 Joannes
2139 1229 2419 1298 episcopus
2454 1228 2682 1282 civitatis
2712 1223 3062 1279 Surrentinrc.
3095 1231 3120 1257 ιι
3163 1219 3453 1275 Gratianus

1867 1320 2098 1375 civitatis
2126 1318 2498 1372 Nutnentauze.
2527 1316 2761 1368 Joannes
2790 1311 3074 1381 episcopus
3098 1309 3332 1364 civitatis
3358 1307 3459 1360 Fa-

1869 1411 2075 1465 lerinaa.
2134 1408 2393 1478 Agnellus
2422 1409 2708 1474 episcopus
2758 1404 2990 1458 civitatis
3028 1397 3456 1453 Tarractuettsis.

1872 1502 2150 1557 Romanus
2204 1499 2495 1567 episcopus
2541 1494 2776 1550 civitatis
2826 1496 3091 1547 Blcranaz.
3154 1488 3462 1542 Dominicus

1872 1594 2159 1663 episcottus
2184 1589 2421 1646 civitatis
2446 1585 2947 1642 Centumcellensis.
2980 1583 3223 1652 Pelagius
3251 1580 3461 1648 episco-

1876 1698 1975 1753 pus
2046 1681 2280 1737 civitatis
2330 1678 2647 1749 Anagninie.
2690 1676 2839 1731 Felix
2898 1673 3185 1742 episcopus
3231 1669 3463 1724 civitatis

176 1786 404 1841 cuilibet
427 1800 494 1840 ex
521 1786 665 1839 clero
694 1784 881 1852 gratia:
912 1778 1285 1835 tantummodo
1313 1792 1474 1833 causa
1499 1777 1629 1830 dare
1672 1792 1769 1830 vo-
1803 1790 1851 1849 Β
1876 1777 2210 1832 Portuensis.
2256 1774 2493 1829 Joannes
2541 1771 2830 1841 episcopus
2876 1768 3106 1822 civitatis
3152 1763 3460 1818 Veliternae.

178 1875 359 1940 luerit,
396 1874 498 1929 hoc
520 1872 691 1942 accipi
722 1871 867 1925 nullo
898 1870 1058 1924 modo
1089 1868 1457 1938 prohibemus,
1489 1867 1611 1935 quia
1653 1865 1774 1934 ejus

178 1966 389 2019 oblat’o
423 1963 622 2017 nullam
654 1961 827 2032 culpte
868 1959 1131 2013 maculam
1162 1965 1378 2029 ingerit,
1427 1971 1545 2023 quae
1573 1969 1639 2010 ex
1686 1969 1772 2008 ac-

178 2055 437 2125 cipientis
465 2053 670 2108 ambitu
701 2068 806 2105 non
841 2049 1126 2121 processit.

260 2143 314 2198 6.
354 2143 546 2198 Multos
573 2141 641 2196 de
668 2140 1032 2195 ecclesiastica
1055 2153 1150 2194 seu
1183 2136 1429 2193 saeculari
1453 2135 1652 2190 lamilia
1680 2150 1776 2190 no-

181 2238 366 2292 timus
388 2236 453 2291 ad
475 2233 858 2303 omnipotentis
880 2232 974 2288 Dei
1000 2231 1280 2288 servitium
1300 2230 1554 2286 festinare
1572 2228 1776 2301 (Gron,

180 2328 315 2379 dist.
344 2326 437 2391 54,
470 2342 518 2379 c.
545 2323 662 2394 23),
690 2332 772 2389 ut,
816 2323 884 2378 ab
912 2324 1145 2377 bumana
1188 2321 1455 2377 servitute
1503 2318 1680 2385 liberi,
1723 2319 1778 2373 in

180 2418 378 2471 divino
432 2418 651 2471 servitio
696 2417 909 2471 valeant
955 2416 1269 2471 familiarius
1327 2416 1382 2471 in
1438 2414 1779 2470 monaSIeriis

179 2507 539 2565 ceuversari:
572 2522 706 2575 quos
736 2508 782 2562 si
817 2508 1012 2576 passim
1044 2508 1386 2574 dimittimus,
1418 2505 1670 2559 omnibus
1697 2505 1780 2558 fu-

182 2598 379 2667 giendi
410 2597 757 2653 ecclesiastici
784 2598 920 2668 juris
953 2598 1247 2653 dominium
1279 2597 1618 2653 occasionem
1645 2611 1780 2665 prr-

182 2690 410 2743 bentus.
438 2688 494 2743 Si
523 2702 657 2743 vero
686 2689 1004 2744 festinantes
1043 2689 1110 2744 ab
1138 2688 1521 2757 omnipotentis
1550 2687 1644 2743 Dei
1664 2702 1785 2743 ser-

188 2778 333 2831 vitio
357 2778 569 2832 incaute
598 2780 924 2844 retinemus,
965 2779 1040 2834 illi
1063 2780 1364 2835 invenimur
1408 2794 1605 2847 negare
1636 2794 1783 2848 qua:-

181 2874 319 2926 dain
365 2871 454 2941 qui
483 2872 631 2928 dedit
659 2874 863 2927 omnia.
897 2871 1046 2928 Unde
1090 2886 1311 2927 necesse
1339 2879 1423 2926 est
1452 2879 1512 2924 ut
1536 2870 1781 2940 quisquis

182 2978 263 3018 ex
290 2960 430 3031 juris
461 2962 814 3018 ecclesiastici
865 2963 950 3017 vel
979 2962 1255 3037 smeularis
1288 2961 1493 3015 militia:
1524 2961 1785 3014 servitute

182 3052 263 3107 ad
294 3053 382 3107 Dei
412 3054 690 3106 servitium
729 3052 971 3107 converti
1010 3052 1301 3117 desiderat,
1351 3053 1606 3120 probetur
1636 3050 1784 3118 prius

1874 1864 2144 1921 Candidus
2193 1864 2477 1933 episcopus
2523 1861 2757 1915 civitatis
2802 1854 3183 1927 Fulgiuiensis.
3213 1852 3465 1907 Lumina-

1875 1972 1969 2013 sus
1997 1956 2280 2027 episcopus
2317 1952 2549 2009 civitatis
2581 1950 2904 2007 Ferentinae.
2956 1945 3228 1999 Baltlinius
3253 1942 3463 2013 episco-

1874 2063 1976 2119 pus
2006 2048 2236 2103 civitatis
2269 2045 2594 2100 Rasellante.
2626 2038 2963 2097 Secundinus
2999 2034 3286 2104 episcopus
3335 2030 3465 2119 civi-

1878 2118 2002 2195 tatis
2032 2136 2426 2193 Tauromeniai.
2460 2133 2757 2188 Martianus
2786 2129 3074 2198 episcopus
3101 2120 3337 2178 civitatis
3363 2118 3466 2173 Fe-

1877 2229 2075 2286 rensis.
2129 2226 2483 2282 llomobonus
2531 2223 2820 2292 episcopus
2846 2217 3077 2273 civitatis
3119 2210 3466 2269 Albaneusis.

1884 2319 2189 2375 Dominicus
2215 2317 2500 2387 episcopus
2530 2312 2762 2368 civitatis
2789 2319 2814 2347 °
2837 2307 3184 2365 Utricttlante.
3201 2303 3465 2357 Constan-

1882 2410 1985 2465 tius
2011 2408 2295 2478 episeopus
2326 2403 2561 2459 civitatis
2605 2398 2937 2455 Narniensis.
2970 2396 3294 2449 Fortunatus
3346 2389 3463 2457 epi-

1880 2517 2077 2572 scopus
2121 2500 2354 2555 civitatis
2397 2495 2778 2565 Neapolitana.
2820 2488 3138 2545 Anaszasius
3183 2483 3467 2551 episcopus

1881 2571 2112 2650 civitatis
2133 2591 2449 2646 Tiburtinte.
2473 2584 2735 2641 Proculus
2755 2581 3040 2652 episcopus
3062 2573 3292 2632 civitatis
3318 2571 3463 2625 Prte-

1884 2685 2132 2741 nestinae.

2284 2777 2602 2848 Subscriptio
2640 2774 3064 2847 presbyterorum.

1960 2874 2278 2929 Laurentius
2336 2871 2620 2941 presbyter
2650 2868 2870 2922 Psancti
2931 2861 3178 2920 Silvestri
3228 2855 3465 2912 subscri-

1889 2964 2015 3031 psit.
2068 2962 2305 3016 Joannes
2363 2960 2641 3029 presbyter
2688 2958 2855 3012 sancti
2908 2953 3116 3009 Vitalis.
3181 2948 3467 3016 Speciosus

1854 3116 1863 3125 ,
1894 3053 2108 3122 1292
2137 3050 2414 3120 presbyter
2455 3048 2623 3101 sancti
2665 3046 2975 3101 Clementis.
3008 3039 3297 3097 Deusdedit
3346 3051 3466 3104 pre-

182 3144 252 3198 in
280 3141 418 3196 laico
446 3142 625 3196 habitu
655 3142 1011 3205 constitutus;
1041 3152 1093 3197 et
1124 3143 1330 3213 1291
1367 3140 1415 3195 si
1459 3156 1638 3195 tnores
1664 3141 1781 3210 ejus
1812 3155 1858 3215 ο
1889 3142 2071 3208 sbyter
2123 3140 2293 3193 sancti
2323 3138 2547 3192 Joannis
2576 3147 2630 3191 et
2676 3138 2845 3191 Pauli.
2895 3133 3300 3189 Andromacltus
3343 3140 3466 3195 pre-

224 3282 345 3327 ant.
380 3273 435 3325 lu
466 3271 712 3336 capitulis
762 3271 1028 3324 Hincmari
1061 3272 1126 3323 ad
1170 3272 1534 3341 presbyteros,
1582 3286 1632 3325 c.
1670 3273 1734 3325 15
1764 3292 1778 3327 :

224 3294 345 3327 am.
383 3294 435 3325 III
466 3294 712 3336 ωμιιιιιιδ
762 3294 1028 3324 ΠΙΙΙΕΙΙΙἌΙἸ
1061 3294 1126 3323 ξω
1170 3294 1534 3341 ντυδυγιθῐυδ,
1582 3294 1632 3325 Co
1670 3294 1778 3327 Ἰοῧ

184 3294 272 3400 lit
302 3344 507 3411 quando
534 3342 808 3411 presbyteri
832 3358 920 3407 per
960 3341 1004 3393 Κ
1011 3342 1223 3394 alendus
1253 3343 1408 3394 simul
1434 3343 1781 3408 convenerint,

186 3410 321 3486 post
364 3426 625 3486 peractum
671 3410 901 3486 dienam
934 3412 1268 3486 mysterium,
1321 3410 1390 3462 ad
1442 3416 1780 3464 necessariam

188 3480 554 3544 collationem,
578 3497 678 3533 non
703 3482 846 3546 quasi
875 3480 942 3532 ad
971 3482 1243 3549 prandium
1271 3483 1337 3533 ibi
1360 3482 1427 3531 ad
1450 3482 1676 3533 tabulam
1698 3499 1781 3536 re-

191 3554 421 3617 sideant,
454 3562 501 3605 et
523 3567 612 3618 per
642 3556 767 3605 tales
792 3552 1195 3604 inconvenientes
1228 3552 1466 3613 pastellos
1493 3569 1543 3605 se
1566 3552 1782 3605 invicem

193 3631 436 3693 gravent,
468 3633 572 3675 etc.
602 3622 804 3675 Citatur
834 3621 955 3693 dist.
989 3622 1254 3693 Maeli.
1289 3618 1419 3673 Vide
1450 3623 1668 3685 Ex=ra.,
1700 3632 1783 3693 7t:-

197 3691 319 3744 tulo
348 3692 414 3744 de
444 3692 694 3753 simonia,
744 3706 793 3745 c.
834 3692 884 3743 1.
921 3691 1314 3745 Pastellaticutn
1360 3701 1537 3745 autem
1570 3702 1652 3745 est
1691 3692 1781 3761 jus

196 3771 409 3829 pastus.
470 3760 601 3815 Vide
647 3776 790 3814 caus.
828 3763 875 3821 1,
907 3776 959 3828 ιι.
990 3761 1057 3823 5,
1102 3776 1222 3814 can.
1278 3761 1474 3830 Siquis
1520 3763 1783 3827 objecta-it.

203 3830 405 3901 Nullus
433 3831 586 3899 igitur
613 3844 746 3884 emat
775 3831 1095 3901 prtebcndam
1130 3834 1201 3882 vel
1230 3833 1517 3897 ecclesiam,
1568 3833 1644 3884 vel
1687 3832 1784 3884 ali-

201 3900 329 3968 quid
361 3903 789 3961 ecclesiasticum,
824 3917 913 3953 nec
944 3901 1236 3967 patellam,
1284 3917 1374 3953 nec
1403 3916 1607 3969 pastum
1636 3914 1785 3955 antea

204 3986 299 4023 nec
329 3978 501 4036 postea
526 3988 615 4039 pro
637 3972 929 4040 Itujttsmodi
959 3974 1139 4025 solvat.
1171 3970 1429 4024 GU:SANV.

284 4049 323 4075 ω
356 4042 408 4091 ln
441 4042 523 4094 bis
549 4042 777 4095 decretis
806 4047 872 4093 ad
897 4044 1098 4095 calt-em
1123 4042 1468 4107 epistularum
1503 4042 1659 4094 editis
1690 4042 1784 4094 ad-

206 4109 358 4162 ditur
386 4123 403 4163 :
434 4108 494 4164 Si
522 4123 689 4163 autem
719 4120 767 4164 et
794 4114 847 4164 in
874 4113 1152 4165 monastico
1183 4112 1355 4163 habitu
1378 4113 1652 4163 secunda-it
1681 4111 1786 4165 Pa-

209 4191 352 4250 trum
370 4188 573 4247 regutas
601 4182 1109 4247 irreprehensibiliter
1134 4184 1288 4250 fuerit
1313 4191 1653 4242 conversatus,
1677 4194 1789 4247 post

211 4249 424 4323 prta/im
450 4250 609 4323 sacris
634 4252 905 4303 rationibus
929 4249 1155 4323 tempora
1177 4252 1381 4303 licenter
1402 4253 1517 4321 jam
1537 4252 1603 4302 ad
1628 4255 1788 4318 quott-

212 4317 333 4370 libet
365 4318 755 4372 etclesiasticun:
802 4317 1039 4388 ofﬁcium
1064 4317 1458 4387 prereltaturfsi
1490 4317 1655 4372 tamen
1685 4323 1788 4373 illis

212 4404 316 4461 non
364 4389 513 4461 fuerit
560 4390 854 4441 criminibus
903 4395 1185 4461 ittacultttus
1225 4408 1337 4461 qutt'
1370 4394 1421 4443 iu
1472 4390 1791 4444 Testamento

224 4454 390 4507 Veteri
418 4469 574 4510 morte
603 4462 906 4512 multantur.
940 4460 1142 4512 Absunt
1175 4454 1303 4513 vero
1333 4479 1358 4510 ιι
1391 4465 1587 4512 nostris
1618 4463 1744 4514 .‘llss.

286 4524 556 4603 PlnAQotl.
584 4527 781 4593 Bigot.,
814 4534 946 4580 l’orte
977 4532 1186 4583 tneltus.
1216 4529 1511 4595 Gratiosus,
1535 4533 1598 4584 ad
1628 4547 1784 4599 quem

212 4592 377 4658 epist.
405 4592 476 4648 20
506 4596 618 4649 libri
652 4592 726 4648 iit.

289 4670 314 4696 ⁰
345 4663 824 4737 A|.,_0cricolonw.
858 4667 929 4719 De
952 4683 1051 4733 qua
1083 4670 1211 4719 urbe
1255 4667 1373 4737 lege
1404 4669 1791 4736 blubilloniuut,

218 4731 425 4786 Itineris
457 4734 570 4788 Ital.
604 4752 718 4803 pag.
748 4737 834 4788 ili.

291 4813 317 4851 ι)
349 4804 419 4856 De
445 4804 527 4857 his
556 4808 721 4860 titulis
749 4805 1005 4871 legendus
1048 4804 1201 4856 Joan.
1240 4804 1457 4867 Fro-ito,
1506 4807 1571 4857 ad
1603 4807 1800 4860 Kaleno

214 4871 302 4923 tlat
319 4874 424 4926 iutn
451 4875 769 4928 Romanum.
801 4875 909 4927 Hoc
930 4886 1106 4927 autem
1141 4875 1258 4925 loco
1283 4874 1646 4942 subjiciendus
1668 4892 1795 4941 puto

213 4942 351 4997 alias
380 4946 803 5013 subscriptoncs
836 4957 890 4997 ut
923 4955 1047 4997 sunt
1078 4947 1127 4996 in
1159 4944 1351 4998 Codice
1379 4945 1545 5009 ltigot.

433 5013 733 5081 Gregorius,
759 5015 925 5085 gratia
954 5015 1047 5067 Dei
1076 5017 1363 5086 episcopus,
1386 5015 1464 5067 Itis
1490 5015 1701 5068 decretis

501 5088 691 5138 subseri
699 5093 793 5153 psit
804 5125 815 5136 .

438 5154 755 5207 Marinianus
784 5154 1044 5224 episcoims
1073 5156 1286 5209 civitatis
1316 5154 1570 5209 Ravenntc

438 5224 637 5275 Paulus
666 5228 934 5291 episcopus
960 5228 1175 5277 civitatis
1211 5226 1502 5293 Nepestntc.

435 5298 662 5364 Joannes
693 5298 959 5364 episcopus
988 5298 1201 5348 civitatis
1234 5298 1569 5351 Surrentinw.

436 5363 705 5417 Gratiosits
732 5363 998 5434 episeopus
1025 5367 1243 5418 civitatis
1279 5366 1613 5421 Nomentum.

435 5434 663 5486 Joannes
696 5452 959 5504 t‘ptswptts
997 5437 1231 5489 tit-italis.
1264 5439 1359 5470 ““

440 5508 649 5576 Ayt'llus
680 5523 949 5573 cpisroptts
975 5508 1195 5558 civitatis
1226 5504 1630 5576 'l'errrtcittensis.

444 5575 701 5627 lientttuus
731 5578 995 5645 cpiscopus
1028 5579 1244 5628 civitatis
1273 5575 1565 5628 li'lerituntt'.

448 5647 744 5699 Dominicus
768 5648 1029 5713 episcopus
1057 5650 1149 5698 ('ll‘l
1176 5650 1270 5697 ttlia‘
1302 5646 1553 5698 Cettttttttc.
1571 5648 1625 5699 ll.
1642 5650 1766 5701 usis.

446 5719 684 5785 l’clayius
732 5718 994 5785 cpiscopus
1028 5718 1241 5770 ciuitatis
1272 5718 1567 5786 .lttttyniutt'.

1826 4586 1877 4644 D

2101 3271 2252 3325 Felix
2275 3273 2542 3340 episcopus
2566 3273 2787 3324 c'vitatis
2812 3270 3131 3324 Parmensis.

2099 3342 2328 3395 JOtlnlleo'
2360 3344 2624 3410 episcopus
2651 3342 2869 3394 civitatis
2897 3341 3211 3393 Belliterntv.

2104 3412 2365 3466 Candidus
2395 3412 2659 3482 episcOpus
2686 3412 2733 3464 ci
2765 3413 2901 3465 iratis
2927 3410 3287 3482 Dulcimensts.

2102 3479 2698 3552 Luminosus‘episcopus
2733 3479 3268 3552 civitatis_Ferentino_.

2115 3553 2367 3606 Virbonus
2394 3549 2662 3623 episcopus
2693 3554 2908 3604 civitatis
2938 3549 3303 3623 Fuscancnsis.

2101 3622 2353 3683 Balbinus
2383 3621 2651 3691 episcopus
2677 3624 2891 3675 ciuitatis
2919 3621 3167 3674 Hosellas.

2104 3693 2371 3747 Secundus
2395 3688 2661 3762 episcopus
2689 3694 2905 3746 civitatis
2931 3688 3309 3762 Tauromtmtio.

2107 3764 2407 3817 Marcianus
2425 3758 2694 3833 episcopus
2716 3763 2932 3815 civitatis
2962 3758 3214 3833 Ferentis.

2104 3833 2443 3887 Homobanus
2458 3828 2743 3901 cpiscopus
2787 3836 3001 3886 civitatis
3037 3828 3361 3882 Albanensis.

2103 3903 2398 3957 Dominicus
2422 3907 2686 3973 episcopus
2714 3906 2929 3957 civitatis
2956 3901 3291 3973 Utricttlante.

2099 3970 2461 4043 Constantinus
2485 3970 2749 4043 episcopus
2779 3970 3347 4043 cieitatisAlVarniemis.

2107 4041 2420 4115 Fortunatus
2449 4041 2715 4115 episcopus
2742 4046 2958 4097 civitatis
2978 4041 3285 4115 ﬂeapolim.

2112 4114 2411 4165 Anastasius
2438 4112 2704 4179 episcopus
2728 4117 2945 4167 civitatis
2976 4112 3279 4167 Tiburtinte.

2110 4182 2362 4233 Proculus
2386 4186 2657 4252 episcopus
2684 4185 2897 4237 civitatis
2925 4182 3278 4234 Pramestintz.

2182 4253 2369 4315 Incipit
2396 4254 2717 4316 subscriptio
2753 4254 3212 4319 presbyterorum.

2106 4321 2445 4373 Laurentinus
2477 4323 2736 4389 presbyter
2758 4318 2904 4372 tituli
2918 4318 3091 4389 sancti
3122 4318 3389 4383 Sylttestri.

2106 4392 2335 4445 Joannes
2366 4388 2788 4459 presbyter’tituli
2818 4390 2979 4442 sancti
3011 4388 3219 4459 vitalis.

2115 4463 2386 4529 Speciostts
2416 4458 2672 4530 preibyter
2700 4460 2834 4511 tituli
2860 4460 3019 4511 sancti
3044 4458 3337 4530 Clementis.

2114 4526 2393 4584 Deusdedit
2416 4526 2682 4599 presbyter
2710 4531 2844 4581 tituli
2865 4540 3053 4582 sanctte
3084 4526 3360 4599 Praiedis.

2118 4600 2398 4722 Dey’sdtidn
2424 4596 2686 4671 presbyter
2713 4600 2847 4652 tituli
2875 4610 3167 4651 sanctorum
3197 4596 3414 4650 Joannis
3443 4609 3487 4649 ct

2237 4689 2302 4722 αη
2329 4688 2364 4722 lo

2218 4673 2364 4722 ’ault.

2120 4742 2503 4792 Andromachus
2535 4742 2664 4808 pres'
2681 4749 2791 4808 yter
2814 4739 2947 4791 tituli
2974 4741 3346 4803 apostolorum.

2121 4810 2366 4861 Crescens
2389 4812 2647 4879 presbyter
2676 4810 2812 4862 tituli
2841 4811 3001 4861 sancti
3031 4808 3316 4860 Laurentii.

2126 4879 2364 4930 Rusticus
2391 4883 2649 4948 presbyttr
2679 4882 2808 4932 tituli
2840 4894 3026 4931 sancta?
3056 4880 3331 4932 Susannar.

2134 4948 2350 5019 l’ibnlus
2384 4954 2641 5019 presbyter
2673 4952 2805 5002 tituli
2834 4953 2994 5001 sancti
3028 4951 3198 5019 Marce

2127 5017 2313 5136 I’cjrtts
2363 5014 2619 5088 presbyter
2656 5022 2787 5073 tituli
2819 5030 3107 5074 sanctorum
3152 5017 3281 5070 Julii
3303 5028 3348 5071 et
3392 5014 3490 5068 Ca-

2226 5098 2326 5136 tstt.

2226 5098 2326 5138 tstt.

2129 5157 2401 5227 Spectatus
2428 5158 2685 5227 presbyter
2708 5162 2841 5213 tituli
2868 5160 3031 5212 sancti
3069 5158 3270 5211 Vitatis.

2131 5226 2426 5297 Stephanus
2454 5226 2708 5297 presbyter
2735 5232 2870 5282 tifuli
2898 5231 3060 5283 sancti
3095 5230 3279 5282 Marci.

2133 5296 2283 5348 Felix.
2315 5298 2573 5363 presbyter
2594 5301 2728 5350 tituli
2755 5303 2921 5351 sancti
2945 5302 3104 5353 Sinti.

2129 5366 2315 5418 Petrus
2342 5373 2600 5436 presbyter
2633 5370 2763 5419 tituli
2794 5381 2980 5420 sancttv
3012 5369 3267 5422 Bttlltltm'.

2132 5438 2314 5489 Justus
2368 5443 2626 5505 tresltyter
2684 5439 2817 5491 tituli
2878 5451 3172 5492 sanctorum
3234 5439 3384 5493 Nerei
3453 5450 3492 5489 et

2201 5506 2434 5559 Achillei.

2131 5579 2405 5639 Speciostts
2427 5579 2682 5647 presbyter
2705 5579 2833 5631 tituli
2857 5588 3046 5633 sanctu'
3071 5579 3355 5635 Ilttntasete.

2132 5649 2346 5699 Mutuus
2373 5651 2625 5717 presbytcr
2660 5651 2791 5702 tituli
2818 5662 3005 5702 sanctw
3032 5649 3244 5705 Priscae.

2132 5718 2373 5769 l’lut‘itlu.
2400 5723 2655 5788 presbyter
2679 5722 2811 5773 titttli
2842 5732 3031 5775 sancta?
3063 5723 3296 5777 Subime.
