3956 6312
521 287 650 342 1359

515 494 691 546 reotii.
731 493 978 545 Rusticus
1036 494 1314 563 presbyter
1338 505 1537 548 sanctae
1581 495 1861 550 Susanna‘.
1895 497 2094 551 Vibilus

517 598 609 650 pre
641 585 792 651 bytcr
842 587 1009 634 sancti
1048 583 1296 640 Marcelli.
1357 585 1544 639 Petrus
1590 587 1871 657 presbyter
1920 589 2094 642 sancti

514 672 638 726 Julii
683 681 736 725 ct
771 672 992 724 Callisti.
1027 673 1308 739 Spectatus
1359 675 1636 744 presbyter
1684 677 1851 729 sancti
1889 676 2092 731 \‘italis.

516 766 818 832 Stephanus
853 765 1130 832 presbyter
1157 767 1328 819 sancti
1381 766 1557 820 Marci.
1616 767 1761 821 Felix
1812 771 2093 837 presbyter

514 857 682 909 sanati
707 855 862 908 Sixti.
894 856 1081 907 Petrus
1106 857 1385 925 presbyter
1403 868 1601 910 sanctae
1627 858 1885 910 ltalbinae.
1914 858 2094 912 Justus

519 951 797 1018 presbyter
847 961 1151 1002 sanctorum
1203 949 1359 1004 Nerei
1410 959 1463 1005 et
1513 950 1773 1004 Achilla'i.
1808 951 2093 1015 Speciosus

520 1041 806 1110 presbyter
847 1042 1016 1094 sancti
1051 1040 1281 1094 Damasi.
1335 1043 1550 1097 Maurus
1581 1044 1860 1113 presbyter
1895 1054 2093 1099 sancta:

514 1132 735 1186 l‘risczc.
787 1133 1016 1185 Placitus
1067 1134 1346 1202 presbyter
1388 1147 1585 1187 sanctte
1617 1135 1848 1190 Sabinzc.
1907 1136 2087 1190 Victor

514 1231 713 1275 sancta:
745 1222 995 1278 Cmcilitc.
1029 1222 1263 1277 Joannes
1312 1224 1480 1277 sancti
1528 1225 1878 1293 Chrysogoni.
1915 1228 2090 1278 Aven-

516 1311 619 1365 tius
648 1321 842 1364 sancta:
874 1313 1146 1366 Praxedis.
1180 1313 1423 1368 Andreas
1452 1316 1619 1368 sancti
1647 1316 1829 1368 Marci.
1858 1314 2090 1372 Jiauues

514 1410 822 1454 sanctorum
851 1402 1070 1455 Joannis
1104 1413 1155 1455 et
1191 1403 1362 1456 Pauli.
1399 1405 1656 1474 Agapitus
1690 1408 2087 1471 Apostolorum.

513 1492 660 1547 Felix
690 1502 887 1548 sancta:
918 1494 1152 1549 Sabinre.
1187 1495 1365 1550 Bonus
1411 1498 1578 1550 sancti
1615 1497 1847 1551 Eusebii.
1901 1491 2094 1553 Bassus.

511 1583 677 1637 sancti
713 1583 1014 1637 Prudentis.
1071 1584 1304 1639 Joannes
1350 1586 1517 1640 saneti
1555 1587 1818 1641 SilveStri.
1874 1588 2092 1642 Albinus

512 1685 818 1730 sanctorum
879 1675 1174 1731 Marcellini
1232 1688 1287 1731 et
1343 1677 1508 1731 Petri.
1578 1680 1839 1732 Antonius
1893 1693 2092 1732 sancte

1448 284 1797 339 Al‘l’ENUlX
1837 285 1926 338 AD
1966 285 2024 341 S.
2075 283 2404 340 GltECOltll
2446 288 2842 348 EPISTOLAS.

515 404 699 471 sbyter
726 402 1124 464 Apostolorum.
1158 400 1401 456 Crmseus
1432 404 1710 472 presbyter
1739 407 1905 458 sancti
1955 411 2086 458 Lau‘
2117 409 2166 462 A

3651 300 3784 354 ιδιά

2265 420 2338 456 ιιι.
2373 405 2425 459 Si
2454 409 2573 475 quis
2602 413 2913 465 monacham
2950 455 2963 479 ,
2997 429 3153 480 quam
3187 415 3278 468 Det
3304 420 3554 471 ancillam
3591 424 3782 488 appel-

2200 492 2327 557 lant,
2362 496 2411 547 in
2444 497 2746 567 conjugium
2776 500 3004 566 duxerit,
3039 493 3320 558 anathema
3355 494 3446 559 sit.

2268 600 2337 636 tv.
2369 585 2425 638 Si
2458 589 2580 656 quis
2607 602 2953 646 commatretu
2983 593 3275 662 spiritalem
3307 599 3524 652 duxerit
3571 601 3622 652 in
3651 616 3779 654 con-

2190 676 2414 743 juginm,
2445 680 2727 734 anathema
2761 682 2848 738 sit.

2269 779 2320 817 ν.
2355 766 2408 819 Si
2441 769 2558 834 quis
2590 767 2768 824 fratris
2815 789 3036 828 uxorem
3075 776 3285 830 duxerit
3325 779 3375 830 iu
3416 777 3724 848 coiijugium
3751 824 3765 846 ,

2195 859 2471 912 anathema
2503 861 2588 914 sit.

2272 963 2341 998 νι.
2375 948 2428 1002 Si
2458 951 2577 1011 quis
2607 947 2816 1019 neptem
2846 954 3058 1010 duxerit
3097 959 3147 1010 in
3181 959 3510 1027 conjugiutn.
3544 963 3768 1018 anathe-

2197 1050 2279 1088 ma
2312 1036 2403 1089 sit.

2267 1142 2357 1180 vn.
2389 1123 2444 1180 Si
2471 1130 2588 1197 quis
2617 1145 2898 1186 novercam
2927 1144 3018 1188 aut
3048 1151 3236 1189 nurum
3266 1153 3414 1192 suam
3463 1140 3680 1192 duxerit
3721 1141 3769 1193 in

2195 1216 2526 1284 coniugium,
2553 1218 2833 1275 anathema
2868 1223 2956 1277 sit.

2268 1321 2374 1356 vut.
2411 1307 2465 1361 Si
2497 1309 2615 1374 quis
2655 1311 3028 1366 conmbriuam
3059 1314 3277 1369 duxerit
3328 1318 3380 1370 in
3420 1320 3730 1387 conjugiqu
3759 1361 3775 1385 ,

2198 1393 2481 1451 anathema
2512 1400 2602 1452 sit.
2623 1462 2631 1470 _

2269 1500 2342 1537 ιιι.
2371 1486 2427 1540 Si
2457 1487 2574 1555 quis
2601 1486 2666 1541 de
2693 1491 2902 1559 propria
2941 1496 3276 1562 cognatione,
3311 1498 3360 1549 in
3395 1514 3501 1562 qua
3524 1510 3774 1569 cognatas

2195 1573 2400 1640 habnt,
2435 1577 2642 1633 duxerit
2671 1579 2722 1632 in
2756 1581 2999 1647 uxorem,
3043 1587 3325 1640 anathema
3358 1591 3449 1640 sit.

2272 1684 2324 1721 χ.
2345 1667 2400 1722 Si
2423 1670 2541 1737 quis
2564 1667 2818 1740 virginem
2848 1677 3080 1740 rapuerit
3104 1679 3190 1732 vel
3220 1678 3424 1734 furatus
3450 1681 3614 1757 fuerit
3637 1699 3770 1746 eam,

513 1771 770 1826 lialbinaa.
799 1769 1069 1825 Candidus
1101 1771 1268 1825 sancti
1299 1771 1608 1825 Clementis.
1649 1771 1918 1825 Romanus
1968 1787 2090 1824 sau-
2125 1770 2171 1828 Β
2197 1773 2316 1811 cum
2341 1759 2438 1811 Sibi
2474 1763 2926 1818 θυηεθηιίθηῑίῦυε
2948 1769 3227 1822 allalllcma
3259 1771 3350 1823 Sil-

509 1864 578 1916 cti
611 1863 858 1917 Marcelli.
920 1863 1026 1917 Leo
1080 1863 1250 1916 sancti
1301 1864 1530 1917 Damasi.
1593 1863 1852 1918 Avantius
1913 1865 2086 1918 sancti

512 1953 766 2016 t‘luiriaci.
824 1953 1145 2008 Fovtunatus
1191 1965 1496 2008 sanctorum
1545 1965 1769 2024 quatuor
1799 1956 2090 2009 Coronato-

512 2060 628 2098 rutu

714 2134 802 2189 Vl.
837 2136 952 2188 Alia
979 2137 1141 2190 sancti
1167 2135 1403 2207 Gregorii
1429 2153 1577 2207 papa:
1607 2136 1634 2190 Ι
1670 2137 1884 2191 decreta.

582 2226 891 2297 Gregorius,
921 2230 1089 2297 gratia
1126 2229 1215 2282 Dei
1249 2230 1553 2298 episcopus,
1587 2228 1666 2282 bis
1692 2229 1924 2284 decretis
1965 2229 2090 2283 sub-

514 2319 749 2385 scripsit,
800 2327 854 2372 et
899 2321 1354 2372 conﬁrmaverunt
1402 2319 1640 2386 episc0pi
1692 2329 1744 2372 et
1789 2318 2088 2390 presbyteri

515 2425 742 2462 numero
768 2426 914 2464 LVIII.

533 2541 537 2546 .
584 2499 873 2568 Gregorius
901 2499 1266 2554 sanctissimus
1289 2501 1613 2568 apostolicus
1639 2516 1792 2570 papa,
1821 2511 1946 2556 ante
1971 2511 2089 2555 cor-

513 2608 612 2657 pus
642 2591 932 2645 beatissimi
965 2593 1104 2645 Petri
1135 2594 1188 2646 in
1220 2593 1427 2663 synodo
1460 2593 1702 2647 residens
1733 2593 1866 2646 dixit
1904 2611 1916 2645 :
1958 2594 2090 2646 Hinc

513 2678 745 2733 maxime
795 2681 1013 2734 nimium
1047 2681 1234 2735 dolens
1265 2693 1316 2735 et
1369 2682 1725 2750 ingemiscens
1779 2682 1922 2749 dico,
1969 2684 2089 2751 quia

509 2769 712 2837 aliquot
740 2784 808 2822 ex
840 2769 1158 2824 Christianis
1187 2772 1238 2824 in
1266 2772 1574 2827 OCcidentis
1610 2773 1846 2841 partibus
1878 2776 2083 2828 con5ti-

515 2869 653 2912 tutos
684 2859 844 2925 audio
875 2868 1075 2914 temere
1101 2870 1289 2926 contra
1322 2860 1646 2916 catholicam
1687 2863 1843 2916 {idem
1883 2864 2091 2934 1293

511 2961 564 3002 et
618 2950 832 3004 Patrum
860 2961 1052 3004 statuta
1083 2967 1272 3022 agere,
1301 2954 1370 3007 ita
1407 2964 1464 3007 ut
1494 2967 1832 3010 consecratas
1865 2957 2090 3011 feminas

511 3046 706 3096 ducere
736 3055 1059 3110 prmsumant
1088 3046 1359 3110 mulieres,
1391 3057 1445 3100 et
1476 3051 1800 3118 propinquas
1840 3053 2092 3121 coniugio

512 3131 825 3185 soitiantur.
859 3133 1008 3199 Quod
1031 3145 1390 3201 Opportunum
1424 3149 1506 3192 est
1554 3142 1775 3209 spiritali
1808 3152 2085 3208 amputare
2114 3142 2158 3203 C

514 3237 788 3287 mucrone,
821 3232 1002 3293 atque,
1034 3226 1077 3279 si
1109 3236 1302 3282 vestrae
1359 3229 1534 3297 placet
1560 3232 1850 3298 sanctitati,
1886 3234 2091 3288 radici-

514 3318 597 3362 tus
640 3311 904 3377 evellere,
959 3329 1025 3368 ne
1073 3332 1226 3385 seges
1274 3319 1400 3374 boni
1448 3322 1733 3390 agricolae,
1786 3323 2086 3390 iniquorum

516 3403 682 3456 mixta
728 3392 1075 3461 horrentibus
1126 3407 1359 3476 frutetis,
1414 3413 1710 3467 sordescat.
1747 3415 2086 3471 Sanctissimi

513 3496 747 3564 episcopi
797 3514 891 3552 seu
923 3502 1259 3555 venerabiles
1290 3505 1587 3574 presbyteri
1642 3509 2031 3574 responderunt
2072 3526 2084 3562 :

514 3582 650 3638 Vere
678 3589 1047 3655 cognoscimus
1077 3593 1244 3658 gratia
1276 3595 1441 3646 sancti
1488 3595 1716 3660 Spiritus
1745 3612 1837 3650 cor
1867 3606 2084 3664 aposto-

513 3673 648 3726 latus
676 3679 836 3730 vestri
866 3692 1206 3743 succensum,
1241 3689 1300 3734 ttt
1331 3693 1492 3736 tautae
1522 3683 1752 3738 miseria:
1777 3685 2082 3753 squalorem

511 3778 538 3812 a
574 3764 804 3818 liilelium
853 3769 1122 3822 mentibus
1158 3773 1465 3840 detergatis.
1500 3773 1625 3827 POSt
1669 3775 1806 3829 hanc
1844 3775 2083 3828 omnium

507 3866 802 3906 consonam
829 3859 1252 3922 reSponsionem,
1289 3860 1576 3927 Gregorius
1603 3865 1929 3928 apostolicus
1952 3879 2084 3932 papa

507 3953 634 3996 ante
671 3960 866 4011 corpus
913 3959 1261 4003 mcmOratum
1309 3953 1616 4008 venerabile
1644 3953 1840 4008 Christi
1874 3966 2086 4024 aposto—

510 4033 684 4086 iurum
721 4036 993 4104 principis,
1029 4039 1306 4094 inferendo
1337 4045 1655 4098 sententiam
1687 4045 1822 4099 dixit
1853 4061 1867 4099 :

583 4154 620 4192 ι.
653 4139 705 4194 Si
735 4142 852 4209 quis
881 4142 1246 4213 presbyterum
1279 4146 1329 4199 in
1357 4147 1661 4218 coniugium
1692 4148 1925 4220 duxerit,
1954 4171 2082 4209 ana-

512 4228 691 4282 thema
722 4231 811 4285 sit.

581 4346 639 4384 tt.
658 4333 711 4386 Si
745 4335 863 4402 quis
892 4338 1168 4408 presbyter
1199 4341 1280 4396 vel
1313 4340 1569 4396 diaconus
1590 4342 1799 4399 duxerit
1828 4362 2048 4402 uxorem
2064 4341 2087 4421 ,ξ

507 4435 646 4478 anat'
675 4441 794 4480 cma
825 4430 913 4484 sit.

725 4563 898 4615 Victor
923 4565 1180 4632 presbyter
1209 4567 1344 4620 tituli
1368 4578 1558 4622 sancttc
1585 4568 1842 4623 Ecclesiae.

718 4632 946 4708 Joannes
971 4638 1224 4704 prrsbyter
1248 4639 1383 4690 tituli
1410 4642 1570 4692 sancti
1598 4639 1932 4708 Chrysogoni.

721 4703 960 4755 Aventina
990 4703 1248 4775 presbyter
1279 4710 1414 4762 tituli
1440 4719 1628 4760 sancta?
1661 4703 1930 4764 Prarcedis.

717 4775 947 4844 Andreas
981 4777 1234 4844 presbyter
1268 4780 1402 4830 tituli
1424 4780 1582 4831 sancti
1615 4777 1798 4831 Marci.

719 4843 946 4965 Jot’zymels
979 4843 1231 4916 presbyter
1261 4851 1395 4901 tituli
1435 4859 1726 4901 sanctorum
1767 4848 1985 4904 Joannis
2033 4861 2077 4905 et

837 4931 900 4965 att
929 4931 963 4965 t.

995 4987 1253 5055 presbyter
1277 4989 1314 5038 ti
1321 4988 1409 5039 tuli
1433 4986 1812 5052 Apostolorum.

713 5050 868 5125 [felix
895 5050 1314 5125 pres-bytcr'tiuli
1342 5050 1528 5108 sancta:
1559 5058 1596 5110 S
1618 5058 1782 5110 abintc.

715 5121 909 5207 llam-us
949 5121 1205 5195 presbyter
1251 5128 1515 5197 episcopus
1567 5127 1700 5180 tituli
1749 5128 1910 5180 sancti
1959 5130 2072 5181 Eu-

713 5196 922 5384 Βαὲῖίῖίξ
952 5267 1209 5336 presbyter
1256 5267 1521 5336 episc0pus
1557 5267 1689 5319 tituli
1722 5267 1884 5319 sancti
1937 5268 2072 5321 Pru-

817 5337 963 5384 entia.

711 5345 963 5487 legitiile'ss.
981 5408 1241 5478 presbyter
1266 5409 1529 5479 epismpus
1573 5408 1709 5462 tituli
1734 5407 1896 5460 sancti
1943 5408 2067 5478 Syl-

710 5486 950 5617 A1333:
971 5550 1225 5617 presbyter
1277 5551 1538 5617 cp’scOpus
1592 5546 1726 5600 tituli
1777 5560 2069 5602 sanctorum

773 5615 1056 5668 Mareellini
1083 5615 1132 5669 ei
1159 5619 1317 5670 I’rtri.

718 5683 959 5735 Antonius
991 5689 1246 5755 presbyter
1275 5691 1534 5756 cpisropus
1568 5690 1700 5742 tituli
1732 5698 1918 5742 sancta!
1953 5687 2069 5740 Bul-

2109 4579 2159 4639 D

2272 1864 2352 1902 χι.
2385 1848 2442 1902 Si
2469 1851 2587 1918 quis
2620 1851 2870 1921 virginem
2900 1869 3054 1923 quam
3088 1858 3185 1910 sibi
3231 1875 3333 1911 non
3366 1859 3774 1925 desponsaverit

2201 1939 2439 2004 rapuerit
2468 1942 2551 1994 vel
2585 1945 2787 1997 furatus
2814 1942 2970 1998 fuerit
2993 1947 3043 1999 in
3073 1964 3289 2001 uxorem
3316 1991 3331 2015 ,
3373 1967 3477 2003 una
3511 1967 3635 2004 cum
3676 1955 3772 2005 sibi

2198 2029 2497 2086 faventibus
2523 2035 2803 2086 anathema
2829 2029 2915 2090 sit.

2267 2136 2358 2173 χιι.
2392 2122 2445 2175 Si
2476 2123 2593 2189 quis
2627 2115 2898 2190 hariolos,
2949 2142 3229 2196 aruspices
3277 2133 3361 2182 vel
3409 2134 3770 2185 incantatotcs

2191 2210 2591 2291 observaverit,
2629 2223 2720 2267 aut
2761 2215 2996 2270 lilateriis
3029 2217 3210 2288 [Forte
3249 2220 3623 2291 pltylacteriis]
3654 2238 3769 2276 usus

2194 2288 2376 2361 fuerit,
2410 2287 2690 2356 anathema
2720 2305 2807 2356 sit.

2263 2404 2380 2442 χιιι.
2422 2391 2475 2444 Si
2516 2394 2634 2459 quis
2686 2393 2737 2446 in
2778 2395 3067 2461 quamlibet
3115 2408 3318 2464 partem
3353 2411 3627 2467 prtecepta
3653 2413 3770 2456 ante

2191 2481 2384 2534 emissa
2415 2484 2722 2548 apostolica:
2753 2485 3001 2539 Eaclesia:
3041 2488 3107 2540 de
3146 2490 3373 2544 cumeris
3419 2502 3474 2543 et
3534 2495 3666 2547 locis
3691 2496 3765 2548 ili-

2195 2571 2364 2624 vcrsis
2394 2574 2756 2639 temeravet‘it,
2782 2587 2834 2629 et
2863 2593 2968 2630 non
3001 2577 3051 2630 in
3085 2580 3334 2633 omnibus
3359 2582 3726 2637 observaverit
3751 2627 3764 2648 ,

2195 2663 2472 2717 anathema
2504 2665 2590 2718 sit.

2266 2768 2375 2806 λιν.
2402 2753 2457 2807 Si
2491 2756 2609 2822 quis
2639 2757 2977 2813 homicidium
3009 2756 3216 2828 fecerit,
3246 2772 3368 2832 agat
3401 2765 3772 2833 pinnitentlant

2192 2843 2377 2899 decem
2408 2847 2581 2902 annis,

2267 2953 2357 2990 xv.
2408 2938 2461 2992 Si
2508 2939 2624 3007 quis
2668 2940 2720 2993 in
2790 2942 2994 2997 scelere
3048 2948 3438 3011 permanserit,
3489 2949 3770 3000 anathema

2193 3029 2278 3082 sit.

2265 3118 2455 3172 xv1.Si
2499 3135 2616 3188 quis
2662 3135 2727 3175 ex
2773 3124 2982 3178 clericis
3040 3126 3612 3190 laxaveritcoronam,
3647 3143 3768 3179 ana-

2194 3212 2368 3265 thema
2399 3211 2487 3265 sit.

2266 3319 2394 3356 xvtt.
2429 3304 2492 3356 Et
2514 3306 2905 3373 responderunt
2933 3323 3120 3364 onmes
3152 3325 3246 3379 per
3283 3311 3490 3379 singula
3534 3314 3767 3381 capitula

2192 3396 2351 3449 tertio
2377 3411 2392 3449 :
2417 3396 2698 3451 anathema
2726 3399 2814 3452 sit.

2511 3489 2828 3559 Subscriptio
2856 3492 2988 3545 beati
3017 3492 3250 3561 Gregorii
3276 3511 3445 3562 papte.

2261 3577 2552 3648 Gregorius
2581 3593 2780 3635 sancta:
2809 3584 3086 3638 catholicae
3135 3597 3293 3655 alqtte
3321 3588 3632 3654 apostolica:
3665 3588 3767 3642 Ro-

2197 3685 2369 3724 mamn
2398 3670 2674 3733 Ecclesiae,
2707 3672 2829 3727 huic
2868 3677 3159 3730 coastituto
3188 3695 3215 3728 a
3251 3681 3400 3732 vobis
3435 3683 3769 3748 promulgata

2189 3760 2495 3824 subscripsi.
2523 3763 2781 3830 Agnellus
2801 3766 3083 3831 episcopus
3109 3769 3340 3823 civitatis
3369 3770 3617 3824 Ferentis
3646 3774 3768 3827 huic

2191 3855 2484 3908 constituto
2513 3871 2541 3907 a
2574 3856 2729 3908 nobis
2762 3859 3094 3928 promulgato
3122 3862 3458 3928 subscripsit.
3493 3863 3557 3917 Et
3585 3866 3766 3918 caateii

2189 3944 2641 4008 subscripserunt.
2680 3945 2882 4002 Valete.

2193 4033 2405 4102 1294.
2437 4034 2545 4088 VII.
2578 4044 2602 4071 ⁸
2637 4034 2920 4089 Concilium
2971 4039 3252 4093 Romanum
3295 4058 3371 4101 ιιι,
3407 4045 3511 4096 sive
3555 4032 3760 4097 Latera-

2257 4120 2425 4178 uenae,
2453 4116 2681 4178 tempore
2707 4109 2868 4159 sancti
2901 4108 3137 4178 Gregorii
3168 4128 3311 4178 papte
3347 4113 3391 4168 Ι,
3425 4115 3478 4164 in
3505 4132 3607 4176 quo
3627 4131 3761 4166 anno

2260 4171 2464 4226 Domini
2485 4175 2578 4227 601
2604 4192 2698 4243 pro
2716 4180 2976 4231 monachis
3004 4171 3213 4249 Ecquem;
3234 4171 3563 4235 constitutum
3580 4186 3751 4238 edidit.

2253 4260 2540 4330 Gregorius
2568 4267 2846 4335 episcopus
2873 4307 2888 4335 ,
2921 4283 3108 4323 servus
3148 4285 3426 4325 servorum
3466 4276 3554 4327 Dei
3586 4274 3754 4328 omni-

2183 4350 2283 4405 bus
2314 4354 2598 4420 episcopis.

2257 4442 2425 4509 Quam
2452 4445 2524 4499 sit
2551 4449 2910 4504 necessarium
2956 4453 3400 4506 monasteriorum
3445 4453 3603 4522 quieti
3634 4466 3752 4521 pro-

2466 4578 2611 4631 bime.

2399 4647 2659 4719 Romanus
2689 4651 2944 4719 presbyter
2973 4655 3108 4706 tituli
3135 4657 3296 4706 sancti
3320 4656 3612 4712 (Ilanentis.

2399 4717 2500 4770 Leo
2529 4722 2785 4788 presbyter
2809 4717 2940 4773 tituli
2968 4726 3127 4775 sancti
3156 4723 3411 4779 Marcelli.

2397 4789 2634 4858 Avantius
2660 4790 2916 4858 presbyter
2941 4794 3077 4844 tituli
3104 4796 3265 4844 sancti
3297 4794 3532 4846 Damasi.

2399 4857 2716 4912 Fortunatus
2767 4857 3023 4929 presbyter
3062 4864 3198 4914 tituli
3244 4868 3405 4915 sancti
3457 4866 3688 4928 Quir-iaci
3716 4877 3762 4920 et

2467 4937 2753 4980 sanctorum
2780 4943 2999 5000 quv‘ituOr
3027 4931 3413 4985 Coronatorum.

2261 4992 2487 5070 Explicit
2515 5001 2766 5070 decretum
2793 4992 2865 5070 uti
2910 5003 3118 5062 clerum,
3152 5005 3436 5070 pontiﬁcali
3458 5009 3761 5059 auctoritate

2189 5061 2417 5137 Gregorii
2463 5084 2607 5137 papa:
2657 5067 2806 5120 Urbis
2843 5068 3014 5123 Romae
3056 5061 3405 5137 constitutum,
3458 5078 3510 5126 iu
3555 5075 3762 5128 Christo

2181 5130 2303 5184 Jesu
2320 5130 2554 5213 “Domino
2583 5148 2773 5213 nostra.
2801 5139 2894 5191 Cui
2922 5140 3080 5192 honor
3108 5153 3152 5194 ct
3185 5146 3366 5206 gloria,
3394 5130 3463 5196 ἐι
3487 5146 3762 5213 imperium

2183 5219 2294 5254 cum
2310 5201 2484 5271 Patre,
2501 5218 2543 5258 et
2558 5208 2595 5264 S
2606 5208 2755 5265 piritu
2769 5219 2962 5272 sancto,
2980 5211 3029 5262 in
3043 5201 3227 5264 stecula
3240 5201 3760 5270 sawulorumiAmen.

2339 5274 2448 5328 Vll.
2500 5277 2659 5332 Coac.
2696 5277 2902 5330 linum.
2957 5282 3038 5332 lll.
3071 5310 3142 5319 —
3173 5283 3223 5334 In
3270 5285 3464 5336 Codice
3511 5301 3611 5340 ms.
3661 5289 3759 5340 \‘iri

2178 5341 2456 5419 clarissimi
2529 5346 2729 5400 Claudii
2816 5349 2990 5419 llardy
3044 5355 3310 5404 senatoris
3370 5355 3682 5408 Parisiensis
3745 5375 3758 5407 :

2180 5410 2510 5490 Pricileqium
2571 5410 2987 5490 ntona_sterioruiu
3040 5421 3132 5473 sub
3179 5426 3399 5490 regulari
3455 5441 3632 5477 norma
3673 5428 3762 5479 de~

2174 5485 2397 5563 gentium
2426 5501 2456 5536 α
2483 5497 2658 5563 sancto
2696 5486 2941 5556 Gregorio
2991 5508 3124 5557 papa
3157 5485 3312 5545 Urbis
3362 5495 3535 5546 llomte
3565 5499 3617 5548 in
3668 5515 3762 5563 gr-

2175 5552 2578 5632 Iter-alinﬁyNOdO
2634 5552 3152 5632 consensuﬂomniunt
3203 5564 3550 5632 rpiscoporum
3610 5552 3765 5630 algae

2171 5623 2534 5678 catholicorum
2597 5627 2815 5681 virorum
2869 5631 3159 5694 dictatum,
3221 5623 3410 5686 nccnrin
3476 5636 3570 5686 sub
3627 5623 3754 5687 mi...

2172 5694 2407 5749 thematis
2438 5707 2484 5750 et
2521 5699 3053 5753 excommunicationi;
3083 5703 3459 5772 interpositione
3487 5717 3751 5772 perpetua-
