3956 6314
241 335 374 391 1351

1172 325 1502 386 APPENDIX
1542 324 1631 379 AD
1670 321 1726 376 S.
1768 315 2092 373 GREGORII
2136 317 2506 375 EPISTOLAS

3367 333 3422 390 Ιῖ
3439 337 3496 388 t2

237 453 475 522 spicere,
527 455 582 502 et
627 446 694 501 de
729 460 911 500 eorum
944 453 1194 514 perpetua
1246 445 1529 499 securitate
1559 444 1811 497 tractare,
1843 432 1895 492 A
1921 430 2330 505 [denegamus];
2363 434 2454 488 sed
2485 435 2528 488 si
2567 437 2780 504 quando
2822 453 2904 493 res
2950 427 3134 512 cxig't,
3184 445 3346 500 abbas
3395 449 3494 505 loci

238 551 550 597 anteactum
585 552 683 592 nos
711 535 965 599 oflicium,
999 536 1140 605 quod
1183 537 1233 589 in
1263 535 1520 604 regimine
1550 536 1818 584 monaste-

241 636 310 688 rii
345 631 686 686 exhibuimus
712 671 727 694 ,
759 629 1026 680 inlormat.
1062 627 1128 680 Et
1157 628 1276 694 quia
1326 628 1379 678 in
1427 621 1664 692 plurimis
1707 633 1821 671 mo-

243 723 501 778 naSteriis
532 722 699 774 multa
731 735 757 770 a
792 717 1102 786 praesulibus
1127 715 1430 784 prmjudicia
1453 723 1608 781 atque
1631 725 1818 780 grava-

245 817 393 869 mina
440 812 728 867 monachos
779 809 1061 877 pertulisse
1108 806 1475 874 cognovimus,
1509 811 1720 870 oportet
1761 811 1823 854 ut

244 904 598 961 fraternitatis
630 913 818 954 vestra:
851 897 1081 966 provisio
1108 911 1291 948 eorum
1342 894 1408 946 de
1465 893 1640 945 futuro
1668 892 1820 960 quie-

248 1007 356 1051 tem
381 995 579 1050 salubri
605 991 941 1047 ordinatione
991 988 1270 1054 disponat,
1306 997 1566 1051 quatenus
1597 995 1822 1035 conver-

248 1103 433 1146 santes
462 1090 569 1143 illic
596 1088 646 1140 in
674 1087 763 1140 Dei
795 1084 1037 1146 servitio,
1068 1086 1231 1148 ipsms
1261 1093 1469 1146 quoque
1503 1076 1670 1143 gratia
1713 1071 1823 1127 suf-

249 1182 492 1252 fragante
523 1222 536 1244 ,
592 1188 766 1233 mente
811 1176 976 1230 libera
1020 1179 1382 1243 perseverent.
1415 1169 1518 1224 Sed
1554 1182 1619 1220 ne
1657 1182 1721 1220 ex
1758 1180 1820 1219 ea

252 1288 373 1342 quae
420 1271 584 1338 magis
624 1267 953 1322 emendanda
996 1276 1075 1318 est
1103 1261 1504 1324 consuetudine,
1536 1259 1817 1326 quisquam

254 1361 532 1416 monachis
562 1359 844 1428 quidquam
877 1355 1131 1409 molestiae
1162 1360 1447 1421 praesumat
1475 1350 1696 1412 inferre,
1729 1363 1822 1402 ne-

251 1464 406 1504 cesse
428 1457 512 1502 est
539 1458 594 1500 ut
628 1447 740 1500 haec
780 1461 898 1514 quae
930 1443 1150 1497 inferius
1178 1455 1492 1496 enumerare
1525 1440 1822 1492 curavimus

253 1539 326 1592 ita
361 1536 702 1591 fraternitatis
729 1535 906 1588 studio
931 1532 1161 1601 episcopi
1185 1524 1413 1586 debeant
1441 1529 1731 1593 custodire,
1766 1535 1823 1580 ut

251 1645 318 1682 ex
367 1627 445 1681 eis
490 1643 592 1680 non
641 1626 805 1693 possit
854 1626 1075 1680 ulterius
1118 1622 1405 1678 inferenda:
1447 1619 1822 1688 inquietudinis

252 1718 468 1772 occasio
496 1718 737 1784 reperiri.
773 1716 1140 1769 lnterdicimus
1173 1714 1351 1782 igitur,
1386 1713 1436 1764 in
1472 1712 1684 1764 nomine
1713 1711 1817 1762 Do-

255 1809 382 1863 mini
413 1811 578 1862 nostri
602 1808 725 1861 Jesu
749 1806 966 1869 Christi,
996 1815 1048 1859 et
1074 1821 1136 1860 ex
1166 1804 1482 1857 auctoritate
1512 1803 1646 1854 beati
1680 1801 1821 1854 Petri

253 1896 613 1965 apostolorum
639 1895 910 1963 principis,
932 1895 1082 1962 cujus
1108 1893 1222 1946 vice
1252 1892 1372 1946 huic
1403 1890 1652 1945 Ecclesia:
1681 1904 1828 1957 prae-

254 1987 513 2046 sidemus,
549 1987 891 2053 prohibemus
921 2023 935 2047 ,
989 1993 1046 2036 ut
1096 1984 1271 2035 nullus
1323 1982 1688 2050 episcoporum
1738 1987 1829 2030 aut

258 2079 594 2132 szecularium
627 2077 763 2130 ultra
795 2085 1081 2144 praesumat
1103 2076 1170 2126 de
1199 2075 1471 2138 reditibus,
1516 2073 1695 2135 rebus,
1743 2071 1825 2123 vel

255 2166 456 2221 chartis
486 2168 954 2232 monasteriorum,
987 2165 1070 2218 vel
1103 2167 1168 2218 de
1197 2165 1368 2230 cellis,
1395 2164 1477 2218 vel
1524 2164 1662 2216 villis
1707 2177 1826 2230 quze

255 2259 320 2310 ad
361 2273 422 2311 ea
478 2258 766 2325 pertinent,
820 2271 1132 2324 quocunque
1189 2255 1365 2321 modo,
1411 2251 1548 2325 [seu]
1598 2252 1830 2322 qualibet

258 2346 541 2399 occasione
568 2350 826 2411 minuere,
851 2347 932 2401 vel
955 2347 1124 2408 dolos,
1151 2347 1228 2400 vel
1250 2345 1602 2400 immissiones
1623 2345 1826 2412 aliquas

259 2437 450 2489 facere.
486 2436 543 2490 Si
583 2452 682 2504 qua
730 2451 885 2490 causa
939 2435 1074 2489 forte
1119 2438 1255 2489 inter
1298 2445 1492 2488 terram
1529 2435 1826 2487 venientem

261 2528 328 2578 ad
366 2542 568 2592 panem
616 2542 829 2580 suarum
880 2525 1232 2580 Ecclesiarum
1281 2534 1332 2578 et
1388 2525 1826 2578 monasteriorum

265 2624 526 2686 event-rit,
570 2633 620 2675 et
653 2621 870 2690 paciﬁce
899 2637 1003 2674 non
1045 2621 1214 2687 potuit
1243 2615 1515 2691 [potuerit]
1565 2617 1825 2682 ordinari,

256 2713 393 2779 apud
427 2712 626 2766 electos
674 2712 890 2765 abbates
917 2720 970 2766 et
1000 2712 1130 2763 alios
1163 2721 1336 2778 patres
1370 2710 1615 2763 timentes
1647 2707 1829 2760 Domi-

258 2819 405 2867 num,
436 2805 553 2856 sine
588 2802 879 2855 voluntaria
927 2803 1200 2865 dilatione,
1251 2801 1436 2854 mediis
1475 2800 1829 2853 sacrosanctis

259 2893 564 2961 Evangeliis
603 2893 832 2945 ﬁniatur.
861 2892 1017 2961 (Vide
1049 2894 1134 2945 lib.
1169 2908 1281 2954 vm,
1312 2893 1458 2960 epist.
1486 2892 1565 2958 5.)

335 2982 592 3035 Defuncto
623 2989 798 3034 autem
846 2980 1036 3034 abbate
1084 2979 1337 3048 cujuSquc
1381 2978 1825 3047 congregationis,

1922 539 2040 577 cum
2068 524 2184 578 aliis
2213 525 2463 578 fratribus
2502 540 2690 580 causas
2719 526 3004 600 [notitiam]
3049 549 3224 587 rerum
3256 537 3497 590 inventa-

1923 631 2038 668 rum
2087 617 2272 682 faciat,
2318 628 2372 670 et
2412 632 2598 671 eorum
2639 620 2861 673 consilio
2897 632 2949 675 et
2994 625 3195 690 judicio
3245 629 3498 684 liniantur

1923 706 2163 778 [concilia
2184 710 2298 762 sine
2321 709 2625 777 praljudicio
2650 709 2836 780 finiat].
2861 713 3074 784 1295
3101 719 3342 775 Ubeunte
3364 740 3495 787 «pto-

1922 816 2025 870 que
2046 801 2256 866 abbate,
2272 802 2553 872 episcopus
2581 805 2629 855 in
2654 805 3020 859 describendis
3051 811 3492 880 providettdisque

1888 893 2081 980 ‘rebns
2130 894 2436 946 monasterii
2473 895 2766 962 acquisitis,
2799 897 2879 950 vel
2933 898 3071 951 datis
3123 904 3493 968 perquirendis

1926 982 2372 1055 [acquirendisve]
2390 985 2691 1038 nullatenus
2714 1001 2782 1040 se-
2799 986 3133 1054 permisceat.
3153 991 3339 1045 Missas
3361 1009 3493 1060 quo-

1924 1092 2026 1144 que
2054 1077 2291 1145 publicas
2321 1079 2388 1131 ab
2428 1095 2492 1132 eo
2521 1079 2572 1132 in
2598 1080 2843 1134 coenobio
2869 1082 2980 1135 fieri
3005 1082 3222 1136 omnino
3247 1085 3497 1150 prohibe-

1925 1183 2064 1230 mus,
2096 1185 2162 1221 ne
2195 1171 2243 1222 in
2283 1185 2556 1224 servorum
2590 1172 2679 1225 Dei
2721 1173 3018 1228 recessibus
3047 1185 3100 1229 et
3131 1191 3313 1230 eorum
3347 1194 3498 1233 rece-

1926 1258 2147 1325 ptaculis
2199 1260 2300 1311 ulla
2360 1261 2628 1327 p0pn|aris
2679 1262 3044 1332 [popularibus
3098 1268 3495 1340 corruentihus]

1925 1345 2224 1414 praebeatur
2269 1351 2476 1402 occasio
2503 1362 2820 1418 conventus,
2855 1355 2936 1408 vel
2967 1357 3246 1411 mulierum
3285 1361 3371 1412 liat
3403 1376 3498 1414 no-

1927 1454 2020 1490 vus
2050 1438 2326 1502 introitus,
2361 1439 2498 1506 quod
2539 1442 2756 1494 omnino
2806 1458 2902 1496 ttcc
2956 1447 3167 1512 expedit
3219 1451 3498 1503 animabus

1925 1542 2142 1591 eorum;
2178 1543 2348 1595 neque
2377 1528 2568 1589 audeat
2615 1529 2682 1581 ibi
2727 1532 3034 1588 cathedram
3077 1537 3360 1601 collocare,
3410 1538 3496 1592 vel

1925 1619 2306 1684 qUantamlibet
2352 1618 2685 1689 [quamlibet]
2720 1631 3032 1687 potestatem
3078 1624 3273 1681 habere
3329 1629 3498 1696 impe-

1928 1708 2100 1774 randi,
2151 1724 2247 1762 nec
2294 1711 2519 1775 aliquam
2570 1711 2955 1766 ordinationem
3006 1719 3248 1783 quamvis
3297 1719 3501 1774 levissi-

1933 1816 2069 1852 mam
2103 1799 2349 1861 faciendi,
2382 1801 2479 1853 nisi
2508 1801 2574 1854 ab
2595 1801 2784 1856 abbate
2810 1804 2909 1857 loci
2935 1802 3091 1858 fuerit
3114 1819 3348 1874 rogatus,
3373 1824 3500 1877 qua-

1930 1900 2081 1944 tenus
2112 1889 2354 1946 monachi
2389 1907 2603 1960 semper
2635 1902 2882 1948 maneant
2923 1897 2972 1948 in
3005 1896 3251 1949 abbatum
3281 1913 3499 1952 suorum

1929 1990 2218 2047 potestate,
2253 1983 2561 2050 nullumque
2585 1986 2902 2037 monachum
2935 1986 3052 2040 sine
3084 1988 3386 2042 testimonio
3416 1988 3497 2041 vel
3543 2048 3548 2053 _

1928 2073 2271 2127 concessione
2314 2074 2520 2127 abbatis
2551 2074 2603 2127 in
2634 2075 2803 2144 aliqua
2831 2077 3056 2132 ecclesia
3089 2087 3283 2144 teneat,
3318 2078 3398 2132 vel
3431 2077 3499 2131 ad

1927 2164 2152 2236 aliquem
2182 2175 2488 2234 promoveat
2520 2166 2801 2222 honorem.

2002 2254 2145 2308 llanc
2174 2272 2300 2325 ergo
2347 2257 2664 2324 Scriptorum
2712 2265 3012 2310 nostrorum
3065 2259 3304 2327 paginam
3356 2261 3502 2314 omni

1928 2346 2104 2398 loturo
2136 2355 2375 2415 tempore
2414 2349 2479 2397 ah
2509 2348 2752 2420 omnibus
2783 2348 3046 2415 episcopis
3080 2349 3284 2402 firmam
3317 2352 3505 2404 statui-

1929 2454 2045 2491 mus
2076 2440 2433 2505 illibatamque
2461 2441 2688 2504 servari,
2716 2451 2768 2492 ut
2791 2449 2845 2493 et
2871 2456 2980 2493 snze
3015 2441 3264 2494 Ecclesia:
3283 2441 3507 2509 juvante

1933 2527 2155 2580 Domino
2201 2528 2565 2580 tantummodo
2607 2529 2836 2581 contenti
2871 2528 3045 2598 [sint],
3078 2539 3132 2583 et
3179 2533 3504 2585 monasteria

1929 2618 2300 2672 ecclesiasticis
2325 2617 2716 2671 conditionibus
2747 2634 2840 2672 seu
2865 2621 3116 2691 angat-iis,
3141 2623 3227 2674 vel
3249 2622 3509 2689 quibusli—

1928 2708 2018 2761 bet
2067 2707 2339 2776 obsequiis
2385 2709 2727 2761 saecularitus
2777 2710 2921 2762 nullo
2968 2711 3124 2763 modo
3171 2711 3508 2781 suhjaceant,

1931 2801 2090 2853 nullis
2117 2801 2386 2855 canonicis
2413 2799 2621 2869 juribus
2643 2799 2825 2871 [curis]
2856 2802 3178 2865 deserviant,
3210 2804 3303 2857 sed
3336 2819 3513 2855 remo-

1933 2891 1997 2943 tis
2027 2890 2394 2943 vexationibus
2423 2892 2474 2942 in
2507 2888 2632 2960 [ac]
2665 2892 2868 2943 cunctis
2912 2892 3304 2957 gravaminibus
3353 2890 3507 2944 diur-

1933 2996 2057 3033 num
2097 2979 2382 3051 [divinum]
2413 2995 2544 3048 opus
2593 2995 2710 3033 cum
2760 2995 2964 3033 summa
3019 2981 3180 3034 animi
3227 2982 3510 3036 devotione

259 3088 362 3126 non
390 3085 675 3126 extraneus
698 3071 943 3140 eligatur,
969 3072 1068 3124 nisi
1091 3071 1158 3125 de
1188 3070 1370 3123 eadem
1395 3070 1820 3137 congregatione,
1856 3104 1900 3164 Ο
1934 3072 2231 3140 perﬁciant.

256 3178 415 3232 quem
449 3163 548 3215 sibi
579 3162 791 3228 propria
827 3163 1089 3214 voluntate
1117 3175 1338 3214 concors
1361 3160 1576 3212 fratrum
1600 3160 1825 3212 societas

257 3253 505 3322 elegerit;
531 3261 584 3307 et
611 3255 698 3321 qui
722 3254 922 3307 electus
944 3251 1120 3314 fuerit,
1150 3252 1262 3304 sine
1283 3251 1408 3302 dolo
1432 3251 1513 3304 vel
1543 3250 1829 3302 venalilate

257 3344 428 3411 aliqua
467 3343 758 3397 ordinetur.
792 3344 942 3410 Quod
972 3344 1015 3397 si
1046 3353 1221 3409 aptam
1252 3343 1390 3396 inter
1439 3357 1497 3395 se
1547 3355 1828 3408 personam

259 3431 495 3484 invenire
535 3441 834 3500 nequeant,
862 3432 1084 3486 solerter
1113 3431 1210 3483 sibi
1247 3438 1434 3482 curent
1463 3429 1531 3482 de
1569 3429 1688 3481 aliis
1718 3443 1830 3482 mo-

260 3523 506 3575 nasteriis
533 3523 777 3574 similiter
804 3521 1177 3574 ordinandum.
1211 3520 1389 3587 Neque
1417 3520 1706 3572 constituto
1736 3519 1832 3570 ab-

259 3612 381 3666 bate
421 3627 749 3680 quaecunque
780 3626 1008 3679 persona
1039 3611 1272 3680 qualibet
1300 3610 1582 3663 occasione
1623 3622 1831 3677 praepo-

261 3713 435 3770 natur,
471 3705 569 3757 nisi
602 3704 736 3758 f0rte
763 3705 1096 3758 exstantibus
1125 3702 1290 3771 (quod
1316 3702 1473 3770 absit)
1496 3700 1829 3765 criminibus,

259 3812 374 3864 qua:
404 3796 544 3851 sacri
572 3810 804 3850 canones
834 3798 1019 3864 punire
1048 3805 1428 3849 monstrantur.

331 3887 535 3939 Pariter
564 3895 736 3939 autem
769 3885 1172 3938 custodiendum
1208 3893 1290 3939 est
1318 3895 1392 3947 ut,
1427 3883 1590 3936 invito
1619 3882 1830 3947 abbate,

260 3974 326 4027 ad
356 3976 650 4028 ordinanda
673 3974 775 4027 alia
803 3983 1145 4037 monasteria,
1170 3982 1260 4027 aut
1289 3974 1354 4027 ad
1383 3973 1599 4027 ordines
1626 3988 1830 4039 sacros,

263 4065 346 4119 vel
372 4067 653 4121 clericatus
682 4065 936 4130 oltieium,
972 4064 1080 4118 tolli
1111 4065 1302 4120 exinde
1329 4065 1573 4119 monachi
1607 4080 1710 4118 non
1739 4065 1834 4120 de-

265 4157 488 4211 beantb.

332 4251 723 4317 Descriptiones
757 4263 965 4317 quoque
1002 4265 1179 4302 rerum
1217 4258 1274 4302 et
1302 4250 1610 4302 chartarum
1643 4262 1832 4302 mona-

261 4340 406 4395 sterii
429 4340 494 4394 ab
521 4341 768 4409 episcopo
791 4341 1175 4395 ecclesiasticas
1215 4340 1329 4394 ﬁeri
1361 4341 1575 4394 omnino
1595 4348 1835 4394 velamus

262 4497 379 4548 liter
415 4496 690 4566 ﬁrmatum.
745 4495 1020 4565 Gregorius
1064 4497 1305 4566 universis
1354 4504 1538 4566 sancta:
1563 4494 1833 4566 _Ecclesite

261 4564 602 4633 ﬁliisJQuam
646 4570 710 4617 sit
739 4564 1092 4628 necessarium,
1124 4580 1224 4618 etc.
1281 4565 1336 4617 In
1382 4564 1662 4617 Codicibus
1707 4580 1832 4617 vero

267 4635 560 4700 Lirinensi,
596 4636 956 4702 Andegavensi
982 4674 996 4697 ,
1033 4634 1409 4688 Flaviniacensi
1438 4673 1451 4696 ,
1483 4633 1632 4701 cujus
1659 4633 1833 4687 varias

265 4704 521 4757 lectiones
553 4706 772 4772 margini
806 4705 1171 4767 inscripsimus
1193 4748 1206 4768 ,
1240 4703 1461 4768 aliisque
1490 4705 1703 4772 passim,
1735 4719 1831 4768 ap-

265 4773 492 4838 pellatur
523 4773 782 4825 Dem'etum
829 4774 1058 4842 Gregorii
1096 4789 1241 4840 papa:
1284 4774 1345 4825 de
1389 4774 1615 4825 libertate
1660 4789 1835 4825 mona-

263 4845 494 4895 chorum.
519 4872 587 4881 —
609 4843 832 4895 Sanetus
858 4844 1144 4910 Gregorius
1192 4843 1353 4907 probe
1408 4857 1498 4905 per
1541 4843 1834 4908 experien-

262 4911 386 4963 tiam
415 4925 709 4978 agnoscens
739 4921 959 4977 quitntas
991 4911 1252 4965 interdum
1287 4911 1554 4965 molestias
1585 4913 1829 4966 tn0uachi

261 4980 329 5032 ab
355 4981 620 5046 episc0pis
651 4981 754 5046 pati
783 4982 1044 5044 solerent,
1075 4983 1228 5044 paulo
1258 4992 1379 5034 ante
1416 4981 1538 5033 vitae
1583 4997 1692 5034 sua:
1721 4983 1834 5035 exi-

263 5060 394 5112 tum,
428 5065 580 5116 quem
613 5051 680 5102 ob
707 5051 881 5117 iugem
911 5054 1147 5118 corporis
1173 5051 1446 5104 adversam
1477 5051 1832 5106 valetudinetn

265 5119 503 5178 t-roxime
545 5120 822 5173 imminere
849 5121 1141 5182 sentiebat,
1177 5120 1554 5173 monachorum
1586 5123 1747 5188 quieti
1781 5132 1835 5177 et

262 5189 274 5239 i
303 5189 595 5240 idemnitati
626 5192 904 5242 consulere
937 5191 1114 5242 Voluit.
1148 5191 1341 5255 Quare,
1365 5190 1600 5243 collectis
1622 5193 1833 5257 episco-

264 5257 342 5323 pis
371 5257 582 5328 viginti,
618 5259 940 5326 presbyteris
969 5271 1124 5328 atque
1169 5261 1409 5312 diaconis
1454 5260 1831 5326 cardinalibus,

263 5326 416 5377 nonis
448 5327 669 5394 Aprilis,
701 5342 839 5379 anno
866 5329 988 5392 60l,
1043 5326 1136 5395 pro
1193 5327 1465 5381 monachis
1519 5331 1684 5383 edidit
1733 5332 1834 5386 hoc

263 5395 519 5466 synodale
564 5396 835 5466 decretum
875 5401 1012 5464 quod
1045 5398 1388 5452 constitutum
1422 5399 1674 5466 appellari
1705 5416 1835 5454 con-

262 5464 455 5517 suevit.
491 5466 564 5519 Ει
616 5465 861 5519 Vaticana
896 5466 1211 5520 bibliotheca
1259 5483 1398 5522 nunc
1443 5464 1653 5521 deruunt
1704 5472 1840 5525 inte-

261 5549 413 5600 grum
445 5542 497 5586 et
529 5535 818 5602 perfectum
866 5537 1017 5589 nobis
1045 5536 1448 5604 Suppeditarunt
1484 5540 1704 5591 annales
1735 5540 1805 5592 Ba

265 5604 436 5666 runii;
470 5618 590 5656 nam
622 5605 674 5657 in
712 5605 903 5659 Veneta
936 5605 1278 5660 conciliorum
1309 5606 1554 5660 liditione
1600 5608 1823 5663 subscri-

265 5673 472 5740 ptiones
511 5674 671 5746 (quas
706 5677 856 5729 modo
892 5676 1110 5745 integras
1144 5677 1423 5742 edidimus)
1466 5677 1827 5743 episcoporum

2006 3162 2245 3217 Universi
2273 3162 2505 3230 episcopi
2532 3162 2858 3228 respondere
2880 3161 3197 3232 [presbyteri
3220 3170 3274 3216 et
3297 3161 3507 3217 diaconi

1931 3251 2200 3322 dixerunt]
2237 3270 2247 3303 :
2280 3252 2533 3305 Libertati
2579 3253 2958 3306 monachorum
3008 3253 3424 3320 congaudemus,
3455 3261 3511 3306 ct

1932 3358 2050 3412 qua:
2080 3357 2216 3396 nunc
2241 3344 2307 3396 de
2333 3342 2416 3396 bis
2441 3342 2621 3396 statuit
2655 3341 2923 3395 beatitudo
2946 3351 3116 3396 vestra
3144 3347 3440 3397 ﬁrmamus.

2509 3434 2937 3500 Subscriptiones.

2005 3525 2289 3593 Gregorius
2318 3526 2598 3594 episcopus
2625 3524 2901 3577 catholica;
2939 3532 2992 3577 et
3036 3523 3340 3590 apostolicae
3392 3522 3502 3576 Ro-

1935 3633 2102 3672 manae
2145 3619 2394 3672 Ecclesiae
2440 3619 2560 3672 huic
2601 3618 2890 3672 constituto
2927 3632 2957 3671 a
2987 3617 3142 3671 nobis
3171 3616 3504 3685 promulgato

1933 3708 2245 3775 subscripsi.

2006 3799 2259 3867 Agnellus
2285 3800 2566 3865 episcopus
2595 3805 2792 3851 sanctae
2824 3796 3090 3851 Eeelesim'
3108 3794 3506 3851 Fcrentinensis

1936 3888 2057 3942 huic
2079 3890 2365 3942 constituto
2395 3903 2423 3940 a
2448 3887 2598 3940 vobis
2629 3887 2960 3954 promulgata
2988 3885 3297 3954 subscripsi.
3332 3885 3514 3938 Humi-

1935 3978 1998 4032 lis
2032 3977 2285 4048 [Joannes
2317 3975 2552 4046 humilis]
2581 3979 2860 4045 episc0pus
2905 3977 3212 4030 Belitrensis
3264 3975 3515 4046 [Veliter-

1938 4068 2140 4140 nensis]
2165 4070 2284 4123 huic
2304 4071 2591 4124 Constituto
2613 4084 2642 4122 a
2667 4070 2814 4123 vobis
2843 4071 3176 4137 promulgata
3199 4069 3513 4138 subscripsi.

2011 4162 2073 4214 Et
2102 4162 2180 4214 sic
2224 4161 2312 4214 alii
2342 4174 2529 4214 omnes
2557 4161 2822 4230 episcopi,
2859 4176 3082 4214 numero
3111 4161 3291 4229 viginti
3317 4177 3332 4226 ;
3385 4176 3515 4228 qua.

1938 4252 2231 4305 tuordecim
2263 4252 2587 4320 presbyteri,
2620 4261 2672 4305 et
2701 4252 2907 4304 diaconi
2937 4261 3194 4319 quatuor,
3229 4252 3314 4304 die
3344 4266 3511 4306 nonas

1939 4344 2152 4412 Aprilis,
2186 4344 2474 4398 indictione
2502 4343 2533 4393 4
2556 4343 2725 4414 [alias,
2758 4339 2812 4412 ὅ]
2845 4351 2890 4398 ο.

1859 4460 1911 4520 D
1938 4499 2324 4553 desiderantur.
2357 4500 2551 4554 Seven.
2588 4499 2698 4551 Bm.

2012 4569 2038 4605 δ
2090 4570 2144 4621 ln
2188 4567 2384 4623 Codice
2436 4567 2813 4621 Flaviniacensi
2871 4565 2986 4622 haec
3042 4569 3516 4623 inserunturzsed

1935 4640 1980 4690 si
2030 4638 2346 4690 abundantes
2402 4639 2590 4706 fuerint
2627 4638 2714 4705 qui
2759 4638 2826 4689 ad
2881 4639 3202 4691 celebrandas
3257 4638 3352 4691 Dei
3405 4641 3517 4690 lau-

1940 4709 2029 4761 des
2089 4710 2161 4760 uel
2214 4709 2459 4760 utilitates
2519 4708 2616 4759 loci
2666 4709 2946 4770 explendas
2988 4709 3268 4775 sufﬁciant,
3323 4710 3386 4761 de
3438 4708 3516 4760 Itis

1936 4780 2021 4847 qui
2050 4777 2389 4844 superfuerint
2429 4777 2606 4843 offerat
2649 4779 2798 4831 abbas
2829 4795 2998 4830 coram
3028 4777 3131 4830 Deo
3159 4794 3286 4845 quos
3337 4779 3518 4845 dignos

1939 4849 2176 4915 potuerit.
2211 4848 2451 4916 Quisquis
2479 4858 2645 4900 autem
2675 4865 2735 4900 ex
2787 4849 3088 4900 monasterio
3131 4848 3197 4898 ad
3251 4847 3516 4899 ecclesias-

1940 4922 2092 4970 ticum
2121 4920 2347 4969 ordinem
2379 4920 2676 4986 pervenerit,
2707 4919 2915 4971 ulterius
2957 4917 3063 4969 illic
3089 4933 3178 4969 nec
3221 4925 3514 4987 potestatem

1937 4989 2160 5055 aliquam
2189 5004 2278 5040 nec
2309 4990 2563 5040 licentiam
2593 4988 2772 5040 habeat
2802 4987 3084 5040 habitandi.

2011 5070 2032 5097 ο
2062 5059 2115 5112 In
2146 5057 2340 5111 Codice
2382 5073 2481 5111 ms.
2539 5060 2769 5111 etenobii
2819 5056 3264 5120 Flaviniaceusis,
3296 5057 3346 5109 in
3381 5055 3510 5108 Bur-

1936 5129 2145 5196 gundia:
2173 5129 2368 5182 ducatu
2399 5128 2459 5182 D.
2489 5129 2998 5195 Augustodunensis,
3025 5129 3240 5196 integrae
3272 5129 3515 5191 legutt'ur

1936 5200 2388 5265 subscriptiones,
2423 5214 2553 5265 quas
2587 5199 2670 5250 hic
2711 5199 3051 5266 subjunxisse
3099 5214 3201 5250 nou
3249 5196 3514 5266 ingratum

1938 5269 2096 5322 fuerit
2123 5271 2347 5322 curiosis
2375 5267 2680 5322 lectoribus.

2082 5380 2407 5434 Harinianus
2437 5381 2703 5434 Ravennas
2732 5383 3014 5448 episcomts.

2079 5452 2304 5504 Joannes
2328 5453 2590 5520 episcopus
2623 5450 2862 5520 Ecclesia:
2891 5448 3199 5504 Tarentina.

2078 5520 2305 5574 Joannes
2326 5519 2584 5589 episcopus
2617 5519 2857 5573 Ecclesia:
2889 5519 3225 5574 Falaritanw.

2081 5590 2324 5659 Pelagius
2365 5592 2628 5659 episcopus
2667 5589 2909 5644 Ecclesia:
2952 5591 3250 5658 Anagninaz.

2090 5663 2346 5715 Romanus
2373 5662 2633 5731 episcopus
2665 5659 2903 5716 Ecclesia:
2935 5660 3227 5715 Blantanw.
