3956 6304
247 332 388 388 1545

1172 328 1508 385 APPI‘NHX
1557 328 1647 383 AD
1690 328 1746 382 S.
1789 326 2113 383 GREGOIUI
2156 327 2537 386 EI’ISTOLAS.

3360 331 3496 387 1540

236 460 353 504 tero
385 450 519 503 tituli
551 456 853 501 sanctorum
884 446 1121 501 Gervasu
1153 458 1205 499 rt
1235 446 1480 510 Protasii,
1517 444 1807 497 Deusdedit
1840 450 1886 505 Α
1915 458 2019 497 non
2071 445 2272 497 indnlto
2311 445 2374 499 ad
2419 445 2817 500 deliberandum
2864 449 2946 501 vel
2992 449 3323 504 tractandum
3365 450 3497 505 milii

248 543 563 611 presbytero
597 542 730 593 tituli
759 548 1062 593 sanctorum
1108 540 1331 595 Joannis
1369 549 1422 593 et
1453 540 1617 604 l‘auli,
1653 549 1676 585 8
1705 541 1816 592 Au-

239 632 547 686 drouiaclio
578 632 889 697 presbytero
920 627 943 664 ιι
979 631 1110 683 tituli
1144 631 1415 696 Eudoxim,
1450 630 1667 683 Rustico
1695 645 1818 697 pre-

240 723 465 791 sbytero
521 719 655 772 tituli
710 727 909 772 sancta:
947 719 1241 782 Susanntc,
1290 717 1306 755 ί
1356 719 1544 772 Vibulo
1598 719 1819 787 presby-

237 823 356 867 tero
398 813 532 865 tituli
580 810 749 864 sancti
781 810 1032 872 Marcelli,
1067 809 1297 863 Probino
1328 810 1634 880 presbytero
1677 810 1815 863 tituli

238 902 411 957 sancti
471 901 719 971 Cyriaci,
774 900 977 953 Joanne
1036 899 1349 967 presbytero
1414 898 1548 951 tituli
1605 909 1820 952 saneto-

244 1006 364 1043 rum
412 990 634 1045 Joannis
690 998 743 1041 et
794 987 980 1050 Pauli,
1029 987 1250 1054 Agapito
1312 986 1622 1057 presbytero
1685 987 1819 1041 tituli

248 1082 272 1119 ιι
312 1083 587 1146 Ευιῒοχίω,
642 1079 817 1134 Felice
868 1080 1054 1151 lil‘ttriiy
1084 1094 1176 1131 ero
1208 1078 1341 1131 tituli
1391 1075 1409 1115 1
1442 1088 1640 1133 sancta:
1671 1078 1823 1133 Sabi-

244 1190 354 1237 nae,
399 1172 644 1227 Gratioso
691 1169 1001 1239 presbytero
1052 1170 1184 1221 tituli
1226 1178 1530 1222 sanctorum
1563 1167 1716 1222 Nerei
1767 1176 1821 1222 et

244 1264 471 1320 Achillei
496 1303 510 1326 ,
555 1262 821 1315 Bouilacio
865 1259 1173 1330 presbytero
1209 1259 1343 1311 tituli
1376 1267 1415 1294 m
1457 1259 1625 1313 sancti
1666 1258 1817 1312 Sixti.

242 1353 557 1410 Astantibus
585 1352 743 1406 etiam
771 1350 1009 1405 diaconis
1036 1359 1089 1402 et
1110 1359 1134 1384 η
1159 1350 1324 1414 clero,
1356 1349 1591 1403 Paterius
1615 1348 1822 1403 Serun-

243 1444 477 1497 dicerius
518 1440 648 1493 dixit
683 1458 695 1492 :
730 1438 934 1493 Probus
968 1437 1133 1492 abbas
1176 1439 1478 1491 monasterii
1518 1450 1820 1493 sanctorum

241 1532 475 1587 Andreae
515 1538 568 1583 ct
608 1529 805 1594 Lueiac,
838 1528 1052 1593 vestris,
1104 1529 1148 1581 si
1200 1529 1505 1596 prmcipitis,
1555 1530 1821 1583 desiderat

240 1622 547 1690 aspectibus
596 1619 928 1687 praesentari.
975 1616 1263 1685 Gregorius
1310 1618 1591 1686 episcopus
1624 1628 1822 1671 sanctis

244 1711 507 1766 Ecclesiae
532 1709 807 1763 catholicas
831 1707 975 1762 urbis
1002 1709 1182 1759 ltomze
1211 1706 1344 1760 dixit
1374 1722 1390 1760 :
1423 1706 1632 1761 Veniat.
1662 1708 1822 1761 Cum-

1923 535 2117 603 spatio,
2141 537 2205 588 ad
2235 536 2613 589 monasterium
2633 540 2743 601 jam
2774 553 2892 591 cum
2924 541 3200 594 monachis
3226 542 3502 596 ambulare

1920 638 2135 682 coactus
2178 644 2315 682 sum.
2347 636 2371 663 ο
2408 629 2555 683 L‘nde
2594 634 2713 691 quia
2748 629 2875 683 nihil
2922 641 3075 684 antea
3106 634 3245 699 quod
3273 634 3339 687 de
3370 633 3500 687 sub-

1928 720 2175 774 stantiola
2205 734 2319 775 mea
2352 722 2580 773 occurrit
2608 720 2751 788 potui
2779 720 3053 784 ordinare;
3087 722 3282 775 idcirco
3315 722 3501 792 lacry-

1921 813 2188 867 mabiliter
2218 812 2478 881 supplico,
2511 820 2588 876 ut,
2632 825 2884 865 concessa
2928 825 3019 879 per
3057 812 3490 867 constitutionem

1919 913 2086 957 vestri
2117 910 2316 956 decreti
2350 902 2578 963 licentia,
2614 901 2691 954 fas
2716 902 2842 954 ntibi
2880 900 2949 953 sit
2977 898 3043 953 de
3066 899 3311 953 omnibus
3332 901 3493 959 rebus

1924 994 2059 1046 meis
2082 993 2405 1045 voluntatem
2431 1006 2599 1044 meam
2625 991 2929 1058 disponere,
2952 998 3214 1058 quatenus
3238 1002 3336 1043 nec
3363 989 3496 1044 mihi

1922 1081 2222 1136 obedientia
2252 1096 2366 1135 mea
2407 1080 2626 1144 ofﬁciat,
2664 1095 2760 1133 nec
2793 1081 2900 1132 lilio
2927 1081 3140 1148 pauperi
3170 1079 3338 1147 possit
3378 1094 3499 1133 esse

1923 1172 2199 1225 damnosa.
2232 1172 2360 1224 Nam
2389 1172 2595 1225 cunctis
2621 1183 2801 1224 nutum
2835 1181 2915 1225 est
2956 1172 3077 1241 quia
3110 1171 3229 1224 illos
3258 1181 3286 1219 Ρ
3315 1170 3500 1241 legalis

1923 1262 2131 1316 sanctic
2160 1262 2447 1330 quidquam
2493 1263 2559 1316 de
2599 1264 2890 1316 substantia
2921 1277 3013 1317 sua
3048 1263 3313 1331 prohibet,
3355 1272 3500 1331 post—

1926 1368 2085 1422 quam
2113 1358 2489 1407 monasterium
2514 1354 2737 1423 ingressi
2770 1356 2982 1421 iuerint,
3009 1355 3276 1419 ordinare,
3307 1355 3499 1425 quibus

1924 1428 2378 1513 di‘spmendarum
2406 1460 2579 1499 rerum
2609 1460 2821 1499 suarum
2852 1447 3086 1515 suppetit
3108 1456 3232 1501 ante
3261 1446 3497 1512 licentia,

1923 1554 2029 1593 non
2056 1549 2231 1593 autem
2260 1554 2352 1593 eos
2372 1553 2505 1608 quos
2529 1537 2592 1591 ad
2626 1539 2725 1591 hoc
2754 1539 2893 1607 quod
2928 1554 3194 1607 nunquam
3226 1548 3489 1593 tractave-

1923 1639 2043 1681 rant
2090 1643 2233 1697 praep
2257 1630 2489 1681 sitorum
2534 1642 2750 1681 suorum
2802 1643 2986 1695 parere
3028 1628 3168 1697 cogit
3217 1627 3495 1683 instantia.

1924 1718 2056 1783 Quia
2084 1720 2225 1772 sicut
2254 1719 2381 1786 legis
2402 1718 2646 1772 voluntas
2678 1718 2776 1773 boc
2797 1734 2859 1773 es
2883 1718 3269 1774 deliberatione
3297 1718 3497 1775 facien-

242 1815 346 1868 que
397 1802 664 1868 ingressus
717 1798 933 1860 luisset,
977 1797 1113 1849 dixit
1145 1812 1158 1847 :
1200 1796 1306 1849 Cur
1351 1796 1541 1851 adesse
1592 1797 1821 1852 volueris
1854 1818 1900 1877 Β
1929 1807 2070 1860 tibus
2097 1805 2433 1868 contradicit,
2460 1808 2529 1860 ita
2555 1818 2581 1855 τι
2602 1808 2681 1862 eis
2703 1809 2789 1876 qui
2822 1808 3209 1877 compelluntur
3235 1823 3264 1862 a
3293 1807 3498 1878 majore

240 1893 391 1947 fateri
422 1902 474 1947 te
517 1891 786 1945 convenit.
833 1890 1034 1943 Probus
1082 1889 1249 1942 abbas
1278 1887 1456 1942 dixit:
1504 1889 1820 1943 Petitionem

252 1998 365 2051 pne
411 1981 654 2034 manibus
699 1978 886 2031 habeo.
931 1978 1146 2030 l’nstnln
1192 1991 1221 2029 a
1264 1976 1594 2030 beatitudine
1621 1978 1822 2033 domini

245 2074 347 2127 mei
374 2085 429 2126 ut
449 2088 568 2125 eam
597 2072 788 2137 suscipi
821 2069 1038 2122 etviibis
1068 2068 1228 2135 relegi
1251 2067 1497 2136 iubeatis.
1528 2067 1819 2138 Gregorius

244 2164 377 2213 dixit
416 2178 428 2213 :
464 2161 594 2213 Fiat.
638 2161 764 2224 Qua:
808 2172 925 2209 cum
955 2165 1200 2221 sucepta
1233 2157 1436 2221 luisset,
1484 2157 1723 2210 Paterius
1772 2158 1822 2210 i:i

248 2252 330 2306 bis
368 2250 655 2306 recitavit:
707 2250 761 2302 In
813 2251 1026 2301 nomine
1080 2245 1287 2300 Domini
1341 2246 1432 2301 Dei
1482 2248 1650 2302 nostri
1698 2248 1825 2301 Jesu

245 2343 462 2403 Christi,
499 2343 793 2410 imperante
834 2340 1044 2409 1298
1072 2339 1268 2391 domno
1314 2339 1569 2391 Mauricio
1610 2339 1826 2393 Tiberio

246 2434 488 2500 piissimo
516 2431 765 2499 August.,
797 2444 934 2481 anno
970 2427 1053 2491 Ui,
1087 2437 1204 2495 post
1229 2430 1560 2482 consulatum
1585 2430 1825 2498 ejusdem

244 2524 449 2576 domini
499 2522 663 2576 nostri
700 2520 785 2584 15,
834 2521 917 2573 die
948 2520 1102 2572 tertio
1126 2518 1345 2573 lhfend.
1389 2520 1654 2586 Octobris,
1690 2522 1825 2575 indi-

246 2616 427 2668 ctione
456 2623 660 2681 quarta.
699 2612 770 2664 Ea
801 2626 915 2678 qua:
958 2624 1098 2663 nunc
1147 2610 1457 2663 beititudini
1486 2622 1677 2665 vestra:
1709 2614 1829 2664 iuti-

248 2720 395 2758 tnare
446 2703 689 2757 desidero
747 2703 870 2755 olim
924 2701 1142 2754 domino
1200 2714 1320 2754 meo
1370 2702 1503 2756 bene
1557 2718 1829 2771 Comperta

248 2807 411 2861 sunt,
466 2808 799 2861 veStranique
846 2792 977 2846 milii
1031 2791 1410 2846 conscientiam
1466 2802 1652 2849 testem
1709 2812 1831 2852 esse

251 2894 364 2945 scio
415 2905 534 2959 qua:
587 2905 844 2957 suggero,
897 2890 1143 2957 quoniam
1190 2888 1313 2940 dum
1364 2898 1485 2940 ante
1532 2889 1627 2940 bos
1662 2902 1831 2941 annos

264 2997 327 3033 ex
380 2980 513 3033 laico
560 2979 625 3032 ad
668 2980 970 3048 religiosum
1017 2978 1327 3046 migrassem
1369 2976 1622 3042 officium,
1654 2977 1830 3045 di~po-

252 3087 463 3125 sueram
499 3072 549 3124 in
596 3070 788 3123 cellula
819 3085 934 3123 mea
963 3084 1122 3136 super
1154 3084 1238 3122 me
1268 3068 1537 3121 solitarius
1571 3070 1670 3121 liab
1694 3078 1828 3137 tare,

1927 1894 2212 1949 succurrit.
2246 1896 2389 1950 lianc
2411 1904 2585 1950 autem
2608 1897 2999 1965 suggestionem
3029 1898 3499 1966 supplicationem-

1926 1970 2028 2053 que
2054 2000 2222 2038 nieam
2256 1985 2544 2039 [Emiliano
2572 1988 2780 2055 1299
2806 1996 2826 2022 τ
2863 1986 3065 2040 notarii
3092 2000 3288 2042 sanctae
3318 1987 3502 2042 Eccle-

1927 2078 2021 2128 siae
2052 2075 2306 2130 Romana:
2346 2086 2473 2130 noto
2521 2092 2640 2130 meo
2689 2078 3018 2132 scribendam
3070 2077 3299 2139 d‘ctavi,
3344 2077 3499 2146 eique

1928 2164 2135 2233 propria
2162 2180 2320 2219 manu
2353 2180 2450 2233 ego
2482 2165 2683 2218 Probus
2706 2180 2891 2219 servus
2920 2176 3093 2219 vester
3112 2166 3421 2234 subscripsi,
3444 2174 3500 2219 et

1927 2254 2079 2308 vobis
2110 2254 2414 2309 beatissimo
2439 2255 2635 2307 domno
2661 2268 2780 2308 meo
2803 2254 3058 2323 Gregorio
3089 2269 3237 2322 papae
3262 2253 3494 2322 porrexi.

1932 2349 2043 2417 Ego
2082 2349 2285 2402 Probus
2309 2363 2493 2401 servus
2520 2356 2693 2401 vester
2726 2348 2847 2399 huic
2875 2348 3109 2413 petitioni
3135 2361 3165 2398 a
3190 2362 3274 2399 me
3300 2344 3495 2399 oblatas

1928 2439 2242 2505 subscripsi.
2273 2436 2559 2504 Gregorius
2588 2436 2721 2488 dixit
2751 2451 2764 2489 :
2803 2436 3080 2503 Postquam
3114 2444 3284 2489 textus
3309 2434 3501 2488 oblata:

1932 2525 2203 2594 petitionis
2255 2524 2406 2578 nobis
2452 2524 2717 2586 innotuit,
2768 2523 2972 2576 Probus
3025 2523 3187 2576 abbas
3236 2523 3500 2590 paulisper

1930 2612 2202 2676 abscedat,
2237 2622 2291 2665 ut
2321 2613 2387 2666 de
2418 2611 2498 2665 liis
2527 2628 2643 2680 quae
2674 2612 2803 2680 petit
2844 2625 2963 2665 cum
2994 2611 3244 2666 fratribus
3273 2610 3500 2681 ﬁliisque

1933 2704 2129 2757 nostris
2151 2702 2271 2771 quid
2303 2704 2640 2756 statuendum
2670 2702 2740 2755 sit
2766 2701 3055 2756 deliberare
3078 2702 3361 2770 possimus.
3385 2701 3501 2769 Quo

1932 2794 2240 2855 recedente,
2269 2803 2545 2861 postquam
2577 2792 2665 2845 diu
2695 2792 2763 2847 de
2793 2790 2909 2860 ejus
2937 2792 3190 2861 petitione
3220 2799 3501 2846 tractatum

1931 2896 2037 2951 est,
2077 2884 2219 2938 dixit
2244 2901 2257 2937 :
2284 2883 2488 2937 Probus
2512 2882 2694 2939 abbas.
2727 2895 2883 2949 quem
2911 2881 3099 2934 abesse
3126 2878 3392 2946 paululum
3420 2879 3501 2934 fe-

1933 2989 2198 3040 ceramus,
2242 2988 2424 3028 rursus
2451 2972 2720 3037 adveniat,
2751 2980 2807 3025 ut
2832 2984 2894 3025 ea
2923 2985 3040 3039 qua:
3068 2970 3218 3023 nobis
3242 2983 3361 3023 cum
3400 2968 3506 3023 fra-

1938 3069 2109 3122 tribus
2137 3066 2361 3133 liliisque
2387 3066 2585 3118 nostris
2625 3065 2674 3117 in
2700 3077 2978 3117 commune
3008 3063 3108 3116 visa
3136 3069 3257 3116 sunt
3285 3075 3504 3116 censea-

254 3165 435 3231 iliique
466 3162 594 3229 ipsis
627 3163 807 3229 paucis
835 3161 1021 3214 diebus
1063 3161 1149 3227 qui
1180 3170 1463 3228 supersunt
1491 3161 1651 3211 vitam
1684 3168 1828 3213 tran-
1861 3179 1904 3239 ρ
1938 3171 2077 3210 mus.
2101 3155 2340 3219 Cumque
2366 3162 2712 3219 pra-sentatus
2739 3151 2940 3214 luisset,
2968 3149 3102 3203 dixit
3131 3166 3146 3202 :
3185 3147 3281 3203 Ubi
3310 3148 3504 3202 veritas

252 3259 463 3317 sigere:
492 3262 707 3321 propter
735 3251 875 3320 quod
909 3266 1007 3305 nec
1029 3250 1223 3317 aliqud
1254 3250 1319 3303 de
1344 3250 1689 3304 substantiola
1714 3264 1828 3303 mea

254 3355 379 3397 ante
410 3342 650 3395 ordinavi
691 3343 805 3395 sive
833 3340 1103 3407 disposui,
1134 3342 1309 3393 sciens
1340 3349 1446 3393 tam
1484 3338 1553 3393 ab
1586 3342 1832 3393 intestato

264 3448 420 3499 lquam
453 3447 515 3487 es
570 3441 887 3485 testamento
934 3433 1095 3483 lilium
1147 3429 1275 3483 mibi
1330 3444 1487 3498 posse
1516 3430 1831 3484 succedere.

257 3522 493 3589 Quadam
545 3531 719 3575 autent
767 3520 885 3584 die,
927 3520 1050 3572 dum
1091 3521 1231 3573 inter
1276 3520 1411 3573 alios
1459 3522 1523 3573 ad
1577 3521 1835 3589 ob~equia

259 3614 460 3667 numini
491 3616 594 3668 mei
628 3612 841 3667 fuissent
871 3615 1161 3681 ingressus,
1192 3611 1369 3666 subito
1388 3621 1545 3681 atque
1570 3614 1838 3679 inopinato

262 3705 487 3758 introire
532 3705 583 3757 in
617 3703 1018 3765 monasterium,
1050 3713 1204 3770 atque
1235 3710 1290 3753 ut
1318 3715 1478 3754 onera
1510 3698 1714 3755 abbatis
1745 3701 1838 3754 de-

266 3796 498 3848 buissent
532 3794 805 3863 suscipere
836 3792 1185 3860 prmceltistis.
1220 3790 1518 3860 Statimque
1539 3802 1837 3859 surgentes,

262 3909 449 3979 synodi
497 3908 751 3979 judicium
798 3905 1231 3979 subscripserunt
1272 3904 1565 3974 presbyteri
1594 3916 1837 3979 _i_iu_mcro

269 3972 441 4034 fuit.
468 3972 538 4031 Et
569 3977 792 4029 concilio
821 3976 973 4027 lium.
1006 3991 1056 4040 v,
1081 3976 1178 4028 sub
1198 3972 1521 4044 Symmacho
1546 3992 1558 4025 :
1588 3972 1838 4027 Universa

265 4048 492 4118 synodus
518 4048 663 4118 dixit,
696 4062 798 4099 una
826 4061 941 4118 rore
964 4046 1518 4118 dixerunt,clan_iatum
1544 4052 1615 4097 est
1644 4044 1711 4118 ab_
1732 4062 1839 4118 out-

267 4114 417 4172 rt'ibus
445 4117 693 4185 episcopis
720 4126 765 4169 et
797 4115 1094 4185 presbyteris
1128 4128 1148 4167 :
1179 4116 1238 4169 Si
1276 4115 1387 4185 quis
1418 4115 1525 4167 haec
1550 4129 1661 4180 qua:
1692 4114 1839 4165 hodie

268 4193 322 4242 in
352 4182 526 4241 sancta
555 4186 749 4253 synodo
780 4182 1030 4248 prohibita
1060 4193 1196 4248 sunt,
1221 4193 1325 4239 etc.
1360 4183 1835 4253 Symmachus......

271 4207 322 4242 tn
352 4204 526 4241 sancta
555 4204 596 4239 st
619 4204 749 4239 noao
780 4204 1030 4248 pronwua
1060 4204 1196 4248 sum,
1221 4204 1325 4239 etc.
1360 4204 1835 4253 aymmacnus......

271 4259 403 4312 dixit
432 4272 450 4310 :
480 4204 878 4308 Accllamationes
907 4264 1100 4325 vestras
1128 4257 1404 4323 synodique
1423 4254 1680 4325 judicium
1709 4268 1841 4325 prte-

271 4328 434 4382 scntia
463 4326 737 4394 suscipiant
766 4334 927 4395 gesta.
959 4323 1086 4395 Cum
1112 4322 1436 4395 resedissent,
1457 4326 1592 4392 facto
1617 4322 1839 4385 sibisi»,

274 4399 509 4450 univcrsa
539 4394 913 4465 syitodus’dixt't
938 4410 955 4447 :
990 4394 1567 4465 Quisquisclcricorum,
1595 4402 1701 4445 etc.
1731 4402 1842 4461 post

272 4474 407 4521 hanc
446 4461 662 4535 fortnam
691 4482 722 4517 a
753 4464 894 4516 nobis
936 4463 1188 4535 prolatam
1217 4464 1295 4535 Itis
1338 4461 1551 4535 decretis
1595 4467 1845 4513 contraire

274 4531 672 4607 praesumpserit,
692 4536 892 4607 statutis
918 4531 1174 4607 canonicis
1196 4534 1327 4607 velut
1354 4531 1703 4607 scltismaticus
1730 4547 1847 4607 per:

273 4598 511 4660 cedatur.
568 4598 876 4659 Ex’concil.
921 4603 1079 4655 Roin.
1118 4617 1189 4663 vi,
1227 4601 1326 4655 sub
1354 4600 1675 4670 Symmacho
1716 4617 1729 4652 :
1773 4598 1847 4651 Ab

278 4676 525 4729 universis
556 4675 803 4744 episcopis
831 4683 877 4725 et
914 4671 1229 4744 presbyteris
1248 4669 1629 4744 acclamatum}:
1656 4669 1847 4723 Seruna

276 4746 503 4815 synodus
528 4739 653 4815 diluit
685 4759 702 4796 :
727 4739 1044 4815 'Cumiv'estro
1059 4739 1265 4815 judicio
1281 4741 1552 4815 sancimus.
1586 4739 1708 4815 Hinc
1739 4754 1837 4790 om-

279 4809 367 4868 n'es
402 4814 708 4867 unanimiter
742 4809 1121 4880 conﬁrmamus.
1167 4811 1265 4876 Qui
1304 4813 1408 4862 ha’c
1439 4809 1845 4880 vialaverit......

279 4884 464 4953 synodi
488 4884 764 4950 judicium.
802 4878 865 4953 lfIt
889 4882 941 4936 in
971 4883 1359 4949 subscriptione
1389 4897 1400 4953 ς
1437 4878 1532 4931 His
1550 4879 1850 4953 constitutis

281 4951 616 5024 synodalibus
655 4970 687 5006 a
730 4951 876 5024 nobis
916 4954 1136 5020 probatis
1179 4960 1328 5021 atque
1367 4951 1582 5018 firmatis
1624 4965 1851 5001 annuens

282 5025 577 5092 subscripsi.
604 5023 797 5076 Partim
828 5038 891 5075 ex
920 5024 1179 5075 Gussasv.

358 5102 384 5140 8
416 5090 665 5146 In'Vatic.
702 5092 742 5145 D
772 5093 961 5155 legitur
992 5092 1334 5144 Atdronmdio
1364 5101 1413 5143 et
1445 5090 1847 5141 Avidromarcho.

358 5162 381 5199 δ
412 5164 463 5215 In
493 5163 656 5215 Vatic.
693 5163 757 5223 Α,
782 5162 914 5214 tituli
951 5161 1129 5213 (ﬁndor
1151 5178 1194 5213 at
1215 5164 1341 5213 ulias
1363 5170 1552 5212 suntne
1576 5166 1847 5210 .‘usminm.

364 5233 378 5269 ί
419 5234 508 5285 llic
538 5235 813 5301 presbyter
839 5242 1051 5283 vocatur
1080 5233 1129 5301 in
1160 5232 1390 5284 Gutbi-rt.
1421 5242 1474 5282 et
1501 5229 1669 5283 Vatic.
1706 5229 1762 5291 li,
1790 5228 1850 5291 D,

288 5304 351 5369 Ε,
391 5299 619 5355 Vivutus.
646 5299 712 5355 In
736 5302 899 5353 Vatic.
932 5303 974 5352 Α
1002 5316 1046 5351 et
1085 5299 1146 5360 Ρ,
1170 5302 1394 5353 anilus.

360 5377 385 5410 ³
422 5374 585 5425 Vatic.
614 5374 653 5423 Α
678 5383 729 5425 et
758 5373 813 5431 Β,
847 5380 1035 5421 sanch
1066 5370 1329 5423 Eudoatiw.

365 5440 381 5479 ¹
414 5444 670 5505 Colbert.,
696 5442 925 5509 quinque
951 5439 1114 5491 Vatic.
1141 5448 1191 5491 et
1219 5441 1326 5501 alii,
1354 5439 1575 5492 Savium.

362 5521 397 5546 η)
424 5512 593 5564 Vatic.
626 5518 688 5571 A,
721 5523 911 5563 sancta:
937 5510 1121 5560 crucis.

358 5588 387 5618 ⁸
415 5582 656 5635 Pristinis
675 5579 909 5633 moribus
932 5580 1301 5631 consulebatur
1322 5578 1523 5633 cirrus;
1543 5576 1853 5644 jamdudum

286 5652 569 5722 negligitur
614 5668 626 5704 :
669 5652 782 5715 eius
831 5666 895 5700 au
925 5664 1005 5701 cui
1050 5651 1335 5701 auctoritas
1378 5647 1524 5714 quasi
1572 5652 1855 5699 intermur-

288 5719 381 5777 ῑυίί
414 5719 617 5792 iacens»
658 5722 844 5787 νίκίιυτ
878 5734 999 5772 ansa
1032 5724 1310 5787 respirare.
1346 5719 1613 5772 nonnullis
1645 5721 1853 5771 tandem

1874 4429 1922 4487 1)

1933 3264 2054 3303 cum
2106 3246 2315 3300 ratione
2362 3243 2678 3310 concordat,
2716 3242 2979 3298 desideria
3020 3241 3245 3311 petentis
3286 3241 3507 3310 implere

1935 3353 2041 3392 non
2067 3337 2242 3391 minus
2266 3334 2466 3405 justum
2488 3341 2572 3387 est
2597 3348 2753 3402 quam
2785 3331 3087 3402 benignum.
3116 3330 3380 3399 Perpensa
3410 3329 3508 3399 igi-

1936 3441 2021 3484 tur
2049 3429 2188 3483 serie
2219 3444 2249 3482 a
2295 3439 2345 3482 te
2374 3424 2647 3495 petitionis
2675 3426 2886 3488 oblatic,
2917 3425 3094 3479 omnia
3124 3438 3243 3490 qua:
3269 3423 3320 3477 in
3343 3436 3403 3477 ea
3430 3422 3509 3477 lo-

1934 3532 2089 3575 cutus
2119 3534 2199 3583 es,
2230 3520 2296 3571 ita
2325 3533 2447 3571 esse
2475 3516 2777 3570 recolimus.
2826 3515 3003 3584 Neque
3044 3514 3184 3569 enim
3217 3514 3297 3567 vel
3329 3515 3382 3568 in
3413 3528 3511 3567 no-

1936 3585 2101 3666 stram
2141 3623 2371 3677 unquam
2414 3616 2571 3661 antea
2610 3605 2982 3675 cogitationem
3010 3605 3341 3668 ascenderat,
3372 3612 3429 3657 ut
3456 3603 3509 3657 in

1945 3713 2260 3770 quocunque
2289 3696 2609 3751 monasterio
2654 3694 2859 3749 abbatis
2888 3694 2981 3747 tibi
3012 3708 3190 3747 curam
3238 3692 3541 3748 debuisse-'

1949 3805 2066 3843 mus
2100 3788 2398 3857 iniungere.
2428 3786 2534 3840 Sed
2561 3784 2788 3854 quodam
2819 3783 2925 3847 die,
2957 3782 3082 3835 dum
3113 3783 3179 3836 de
3209 3780 3507 3835 ordinando

1947 3900 2219 3969 episcopis
2264 3897 2707 3969 exsuscitantibus
2732 3894 3031 3969 _revivi_sci_t.
3065 3894 3192 3948 \‘ide
3230 3904 3513 3969 extractum

1945 3964 2009 4025 ea:
2048 3964 2175 4023 actis
2204 3970 2452 4038 generalis
2482 3967 2663 4037 synodi
2690 3966 2937 4038 _di_a:cesi_s
2966 3964 3303 4038 Tornaqensis
3332 3965 3517 4038 habita:

1946 4042 2027 4093 die
2058 4041 2124 4094 15
2145 4034 2327 4093 πιὲηδὶε
2355 4034 2612 4092 Ιιιηὶἰάη.
2645 4036 2801 4099 1675,
2836 4035 2921 4088 ubi
2952 4034 3124 4087 clerus
3152 4034 3203 4088 in
3228 4050 3375 4100 spem
3413 4037 3519 4089 ad-

1945 4110 2154 4164 ducitur
2204 4111 2399 4163 vetcris
2428 4108 2736 4176 αὐτονομίας
2764 4104 3171 4176 recuperanda},
3189 4103 3316 4176 dum
3343 4104 3516 4176 agitur

1946 4182 2214 4251 diligenter
2240 4194 2299 4231 ac
2326 4180 2550 4231 studiose
2571 4172 2683 4251 cum
2714 4176 2943 4228 universo
2978 4172 3220 4251 Ecclesia:
3253 4172 3410 4251 clero,
3447 4175 3517 4229 de

1947 4243 2071 4303 ﬁde'i
2099 4256 2508 4302 con~ervatione
2533 4257 2585 4300 et
2614 4246 2965 4306 incremento,
3000 4243 3377 4296 reformatione
3408 4259 3520 4296 ino-

1952 4335 2095 4384 rum,
2135 4332 2196 4371 ac
2235 4316 2569 4370 observantia
2600 4310 3518 4384 disciplima,‘_decernuntur,__pro-

1950 4380 2248 4457 niulgantur
2278 4388 2448 4457 capita
2490 4386 2761 4457 desynodi
2790 4380 3004 4457 consilio
3034 4389 3080 4431 et
3106 4395 3334 4457 assensu.
3368 4381 3521 4434 sciti.

1948 4468 2032 4512 cet
2060 4448 2136 4511 ita
2163 4456 2287 4509 lata:
2316 4448 2460 4524 leges
2494 4448 2726 4524 animum
2758 4448 3362 4524 percutiuntgravitate,
3390 4464 3521 4515 pon-

1950 4532 2098 4591 dere,
2126 4520 2411 4593 mquitate';
2435 4522 2733 4591 saepiusque
2763 4522 2945 4593 barum
2972 4520 3521 4593 proba_tores,_suaso-

1951 4612 2035 4650 res
2060 4586 2345 4664 pude'tnon
2372 4586 2490 4647 esse
2516 4586 2779 4645 iactares.
2815 4590 2945 4643 Vide
2972 4586 3162 4640 concil.
3194 4586 3395 4642 Antias.
3428 4602 3519 4642 an.

1948 4662 2074 4723 5:0.
2101 4680 2150 4717 c.
2194 4662 2284 4715 45.
2314 4664 2575 4717 Gussssv.

2023 4743 2048 4771 °
2094 4734 2333 4787 Vaticani
2362 4740 2609 4799 quatuor,
2642 4731 2775 4782 unde
2799 4730 2916 4800 quia
2957 4727 3087 4782 nihil
3112 4733 3260 4781 antea
3300 4725 3365 4780 de
3400 4726 3522 4780 sub-

1950 4805 2188 4857 stantiola
2217 4818 2327 4855 mea
2362 4802 2557 4853 occurri
2582 4801 2657 4853 rel
2685 4804 2848 4868 potui.

2026 4885 2051 4923 ρ
2083 4874 2212 4928 Vide
2259 4872 2601 4935 Alteserram,
2653 4865 2716 4922 ad
2764 4870 2919 4931 epist.
2949 4869 2979 4920 7
3030 4869 3122 4921 lib.
3155 4865 3278 4921 olim
3310 4880 3404 4930 vit,
3439 4880 3520 4935 tn-

1953 4945 2080 4997 dict.
2110 4943 2165 5006 9.,
2215 4950 2269 4996 et
2309 4941 2667 4995 Mabillonium
2710 4947 2773 4990 de
2805 4941 2878 4991 lle
2923 4938 3173 5005 Diploin.,
3207 4935 3296 4987 lib.
3331 4951 3366 5000 t,
3393 4950 3442 4989 c.
3464 4934 3521 4998 2,

1957 5017 1983 5084 ᾗ
2018 5016 2102 5075 it),
2132 5022 2185 5066 ct
2213 5020 2394 5084 notam»
2416 5013 2637 5078 primam
2658 5009 2723 5084 _a_d
2751 5009 2971 5084 epist._7
3006 5008 3095 5084 lib.
3120 5022 3203 5084 _t_x.

2029 5095 2054 5133 (ι
2091 5073 2160 5136 ιιι.
2193 5073 2522 5135 restituimus
2549 5097 2611 5133 ex
2655 5073 2795 5132 MssJ
2818 5077 3007 5138 \‘atic.,
3039 5076 3273 5129 Colbert.
3304 5082 3358 5127 et
3384 5073 3523 5128 aliis.

1956 5154 2012 5206 In
2053 5154 2217 5207 Editis
2259 5153 2468 5219 legitur,
2495 5151 2565 5203 cis
2594 5150 2678 5217 qui
2716 5150 3108 5212 rontmlluntur,
3138 5145 3333 5213 majore
3367 5159 3519 5215 prori-

1957 5224 2127 5275 dentia
2154 5223 2422 5274 succurrit.

2032 5303 2053 5331 τ
2097 5293 2432 5345 Notariorum
2461 5291 2825 5354 episcoporum
2859 5285 3105 5355 frequens
3127 5294 3208 5337 est
3232 5282 3435 5336 mentio
3475 5281 3527 5355 in

1958 5364 2186 5416 concilio
2230 5352 2668 5422 Clialccdoncnsi,
2712 5370 2833 5409 ante
2884 5352 3024 5423 quod
3076 5355 3444 5423 Epiphanius,
3476 5352 3526 5423 in

1963 5431 2151 5485 Interesi
2201 5431 2290 5498 7i,
2340 5446 2391 5496 p.
2442 5429 2566 5491 850,
2610 5427 2849 5498 meminit
2882 5422 3145 5498 Eutychos
3173 5422 3526 5498 et_'ljbeoduli

1962 5492 2285 5554 notariorum
2318 5492 2496 5551 ἰξυδίιεὶ
2527 5495 2789 5565 Aucyrani
2822 5492 3074 5565 episcopi.
3106 5492 3257 5565 Apud
3281 5492 3526 5565 Augusti-

1964 5588 2110 5633 num,
2143 5572 2231 5622 Ii‘b.
2269 5584 2321 5621 ill
2350 5577 2531 5620 contra
2557 5563 2920 5629 Cresconium,
2956 5582 3003 5619 ε.
3032 5564 3122 5627 9.9,
3158 5564 3208 5615 in
3242 5563 3375 5615 actis
3404 5575 3525 5633 con-

1962 5630 2221 5695 sularibus
2268 5638 2368 5691 sub
2398 5637 2712 5705 Zenopbilo,
2760 5634 3116 5689 Nundinarius
3158 5634 3415 5705 diaconus
3447 5630 3524 5679 di-

1963 5717 2097 5767 citur
2118 5721 2369 5778 exceptor
2394 5700 2595 5765 Silvani
2628 5706 2921 5763 Cirtlietisis
2955 5706 3187 5772 episcopi
3225 5700 3508 5754 Donatista:
