3956 6386
463 345 597 395 lii?

1381 330 1718 384 APPENLIX
1764 330 1852 382 AD
1891 330 1928 382 S
1991 326 2318 381 CllEGORll
2363 325 2753 381 EPISTULAS.

3592 329 3724 381 133$.

454 452 780 508 monasterio
817 449 900 503 cui
933 460 1161 515 praeesse
1187 445 1512 514 dignosccris
1543 458 1660 497 cum
1693 456 1760 495 no
1793 444 1884 493 tris
1917 441 2040 493 filiis
2070 446 2116 502 Α
2145 449 2197 491 et
2239 448 2530 505 spontanea
2564 440 2832 492 voluntate
2861 439 2924 493 ad
2957 440 3212 494 unitatem
3237 440 3383 494 sedis
3410 443 3728 508 apostolica

456 552 828 602 tractaremns,
862 547 1022 602 atque
1053 535 1141 589 diu
1169 544 1343 603 aptam
1383 547 1664 602 personam
1702 531 1822 584 lmic
1854 531 2029 583 officio

453 643 840 702 quaereremus,
883 641 946 681 ex
981 627 1269 694 improviso
1297 634 1346 678 te
1375 622 1726 692 ingrediente,
1755 621 1899 673 cordi
1931 635 2030 673 no-

453 733 566 776 stro
594 731 647 776 et
673 733 858 774 eorum
885 717 977 786 qui
1022 717 1297 770 nobiscum
1345 713 1410 765 ad
1451 711 1782 766 tractandqu
1812 711 2033 763 aderant

454 815 632 869 subito
677 822 857 864 natum
907 817 989 862 est
1018 815 1075 860 ut
1121 816 1172 860 te
1219 807 1324 859 illic
1368 803 1613 857 abbatem
1657 801 1764 854 Deo
1810 800 2034 868 propitio

455 905 782 960 constituere
811 899 1149 953 deberemus.
1181 897 1331 961 Quod
1363 897 1483 963 quia
1514 892 1759 948 rettitcnti
1788 893 1877 945 tibi
1907 907 2035 945 con-

461 1003 569 1048 stat
598 991 923 1059 impositum,
954 999 1006 1041 et
1034 986 1314 1040 voluntatis
1342 995 1444 1037 tuae
1474 983 1700 1052 rigorem
1730 982 1812 1036 vix
1843 999 1889 1033 tu
1911 991 2036 1034 stne

460 1089 748 1153 potuerunt
793 1079 1195 1132 adhortationes
1243 1076 1534 1135 inflectere,
1570 1088 1786 1126 necesse
1826 1071 1936 1124 fuit.
1970 1087 2036 1125 ne

461 1176 602 1230 forte
629 1171 828 1225 habere
849 1171 1110 1236 potuisses
1143 1177 1260 1235 post
1287 1167 1513 1233 Spatium
1541 1164 1818 1223 redeundi.
1850 1175 1900 1216 ut
1923 1165 1942 1231 j
1967 1180 2036 1216 -ιη

466 1269 768 1323 ordinatum
803 1264 1044 1316 abbatem
1077 1262 1141 1313 ad
1173 1263 1344 1323 ipsum
1379 1269 1428 1312 te
1457 1257 1858 1320 monasterium,
1883 1258 2036 1322 cujus

463 1371 561 1412 nec
601 1352 887 1409 monachus
917 1349 1094 1413 l'uisi,
1140 1360 1291 1402 antea
1335 1349 1684 1402 mitteremus.
1736 1355 1756 1380 '
1804 1349 1875 1399 λθ
1912 1362 2040 1413 ergo

466 1445 579 1498 barc
609 1442 906 1496 obedientia
936 1441 1017 1493 vel
1061 1438 1332 1491 dilectioni
1368 1447 1470 1491 tum
1500 1437 1764 1490 tristitiam
1808 1436 1887 1488 vel
1922 1434 2040 1487 aliis

466 1538 631 1604 possit
661 1535 853 1585 inferre
875 1532 1157 1597 jacturam,
1187 1544 1462 1582 universas
1497 1542 1580 1580 res
1611 1537 1727 1579 tuas
1753 1524 2037 1587 :tlienandi,

467 1631 549 1680 vel
573 1636 630 1678 ut
651 1625 885 1676 volueris
911 1620 1224 1687 disponendi
1249 1623 1468 1672 llberam
1500 1618 1590 1671 tibi
1619 1633 1708 1683 per
1733 1615 1883 1684 hujus
1913 1629 2042 1668 eon-

469 1716 637 1771 stituti
667 1715 832 1767 nostri
867 1713 1147 1764 tribuimus
1188 1719 1382 1763 statuta
1431 1706 1716 1762 lit-entiam.
1753 1705 1854 1759 Per
1881 1720 2040 1774 quam

466 1822 584 1860 eam
615 1814 670 1858 te
720 1807 771 1856 in
815 1801 1160 1869 dtspouendis
1201 1803 1278 1854 eis
1322 1808 1380 1851 ut
1421 1798 1516 1851 tibi
1565 1796 1817 1865 placuerit
1847 1794 2042 1846 habere

469 1895 683 1948 noveris
729 1893 1049 1952 facultatem,
1096 1905 1253 1958 quam
1287 1889 1480 1942 habere
1514 1897 1726 1953 poteras
1753 1896 2038 1950 antequam

471 1984 850 2037 monasterium
893 1980 1159 2034 introires.
1209 1978 1318 2032 Nec
1366 1978 1646 2046 quidquam
1694 1976 1784 2028 tibi
1837 1975 2043 2026 abbatis

470 2073 726 2136 ofﬁcium,
756 2070 917 2139 quod,
952 2070 1087 2122 sicut
1133 2069 1331 2120 dictum
1363 2075 1468 2130 est,
1502 2074 1718 2133 repente
1747 2077 1807 2116 ac
1848 2064 2043 2113 invitus

471 2169 708 2222 nosoeris
747 2164 1066 2232 suscepisse,
1102 2162 1350 2215 formides
1397 2160 1680 2222 obsistere,
1726 2156 1847 2225 quia
1889 2163 1944 2206 ut
1991 2154 2044 2205 in

471 2259 778 2314 ordinandis
819 2253 1266 2323 disponendisque
1310 2251 1468 2305 rebus
1517 2250 1617 2301 tuis
1672 2263 1777 2300 non
1824 2245 2048 2297 haberes

478 2352 771 2406 licentiam.
815 2347 1157 2401 dilectionem
1203 2352 1344 2398 tuam
1380 2357 1446 2395 ne
1479 2352 1595 2408 post
1634 2353 1692 2393 se
1721 2337 1919 2391 redii-et
1951 2351 2047 2388 no-

477 2453 608 2506 stra,
642 2451 699 2493 ιιι
736 2440 984 2502 diximus,
1016 2436 1191 2504 coegit
1222 2433 1491 2487 instantia.
1521 2428 1748 2483 Proinde
1775 2442 1839 2481 ne
1868 2441 1968 2492 qua
2000 2435 2050 2478 te

490 2533 706 2584 dubium
741 2530 894 2581 faciat
915 2531 980 2580 de
1011 2527 1090 2578 his
1119 2539 1235 2590 quae
1263 2521 1493 2575 volueris
1520 2519 1766 2572 ordinare
1796 2513 2047 2581 SUSj-iCiO,

479 2622 683 2674 nullum
714 2633 940 2682 unquam
976 2614 1227 2666 Ecclesia.-
1278 2623 1474 2664 nostra:
1506 2608 1589 2660 vel
1618 2605 1922 2658 monasterii
1949 2601 2046 2668 tui,

480 2715 594 2762 sive
624 2707 856 2776 quolibet
888 2702 1099 2755 nomine
1125 2701 1226 2754 alio
1253 2715 1314 2752 ex
1346 2697 1667 2750 monachica:
1686 2691 2052 2747 conversionis

481 2809 616 2852 statu
649 2796 729 2849 vel
773 2794 978 2848 abbatis
1006 2791 1202 2852 officio,
1229 2801 1543 2857 quocunque
1574 2784 1810 2855 ingenio,
1854 2781 1936 2834 vel
1965 2794 2054 2834 cu-

483 2889 619 2955 juslil
639 2898 691 2940 et
714 2883 1071 2938 excusationis
1111 2882 1306 2948 specie,
1340 2885 1522 2931 Contra
1552 2874 1829 2943 praesentis
1859 2873 2052 2925 seriem

483 2977 755 3032 constituti
785 2976 963 3028 venire
995 2987 1148 3040 posse
1180 2969 1388 3039 1300
1416 2965 1785 3025 decernimus;
1815 2962 1906 3016 sed
1936 2971 2054 3014 tunc

484 3084 640 3135 quam
664 3066 704 3118 si
731 3067 1000 3132 ingressus
1027 3060 1402 3114 monasterium
1426 3071 1528 3108 non
1549 3055 1757 3118 fuisses,
1788 3052 1855 3104 ita
1880 3051 2057 3105 omnia

2136 531 2314 583 divina
2360 532 2526 597 gratia
2574 530 2711 584 duce
2757 547 3004 585 reversus
3049 546 3188 585 sum.
3237 533 3306 586 Et
3351 548 3423 586 ne
3453 549 3560 587 non
3589 549 3720 600 pura

2139 631 2316 675 mente
2345 637 2440 674 seu
2469 623 2716 677 simulate
2753 637 3005 678 reversus
3033 626 3326 688 extstimer,
3365 632 3468 678 sub
3501 628 3605 680 mei
3634 645 3722 680 or-

2136 716 2274 768 dinis
2303 730 2428 768 casu
2452 717 2713 782 spondeo,
2739 725 2791 770 et
2816 717 3168 770 anathematis
3188 718 3540 786 obligatione,
3565 728 3720 786 atque

2139 810 2391 876 promitto
2445 809 2561 872 tibi,
2611 819 2664 862 et
2709 824 2801 876 per
2841 819 2890 862 te
2936 819 3121 864 sancto
3151 810 3310 863 Petro
3356 812 3719 877 apostolorum

2140 899 2386 966 principi.
2419 909 2575 966 atque
2599 902 2715 965 ejus
2745 900 2940 953 vicario
2981 901 3292 954 beatissimo
3317 901 3603 970 Gregorio,
3639 905 3721 956 vel

2139 989 2532 1043 successoribus
2564 989 2749 1056 ipsius,
2793 1006 2876 1043 me
2905 1007 3172 1059 nunquam
3200 992 3568 1058 quorumlibet
3599 1008 3722 1046 sua-

2139 1081 2376 1136 sionibus
2403 1083 2480 1135 vel
2503 1099 2814 1150 quocunque
2834 1083 2939 1136 alio
2965 1084 3124 1137 modo
3145 1084 3208 1137 ad
3231 1085 3490 1148 schisma,
3523 1085 3590 1136 de
3611 1100 3723 1153 quo

2141 1171 2519 1241 Redemptoris
2565 1173 2732 1226 nostri
2785 1174 3146 1226 misericordia
3200 1173 3460 1228 liberante
3509 1185 3728 1241 ereptus

2142 1280 2281 1326 sum,
2330 1278 2691 1328 reversurum,
2724 1265 2816 1318 scd
2857 1280 3073 1333 semper
3101 1281 3185 1318 me
3215 1267 3265 1317 in
3295 1265 3495 1318 unitate
3528 1276 3730 1319 sancte

2145 1354 2397 1407 Ecclesiae
2417 1353 2695 1405 catholica:
2726 1363 2778 1406 et
2803 1355 3179 1408 communione
3206 1356 3429 1407 Romani
3459 1356 3728 1423 pontificis

2147 1457 2242 1510 per
2265 1443 2440 1494 omnia
2471 1456 2897 1509 permansurum.
2921 1442 3067 1496 Unde
3084 1443 3272 1508 jurans
3297 1444 3418 1496 dico
3441 1460 3535 1511 pcr
3561 1445 3725 1497 Deum

2144 1534 2587 1600 Outniputentem,
2613 1540 2667 1586 et
2689 1539 2802 1584 haec
2823 1546 3002 1584 sancta
3025 1545 3249 1600 quatuor
3273 1534 3583 1602 Evairgelia,
3607 1549 3731 1602 qua:

2147 1623 2197 1675 in
2231 1622 2474 1674 manibus
2503 1622 2634 1674 meis
2667 1630 2845 1683 teneo,
2872 1619 2896 1657 δ
2927 1632 2980 1674 et
3009 1623 3230 1674 salutem
3255 1623 3582 1689 geniumque
3609 1624 3729 1675 illu-

2146 1711 2330 1765 sttium
2372 1711 2705 1763 dominorum
2758 1721 3056 1762 nostrorum
3104 1713 3487 1778 rempublicam
3529 1713 3729 1780 guber-

2075 1820 2120 1878 Β
2148 1802 2407 1868 nantium,
2442 1815 2526 1853 me
2557 1803 2605 1852 in
2637 1799 2859 1864 unitate,
2887 1804 3025 1853 sicut
3054 1801 3180 1865 dixi,
3211 1802 3467 1856 Ecclesiae
3495 1804 3726 1856 Cathol-

2145 1906 2247 1954 (ιω,
2276 1890 2341 1942 ad
2378 1905 2532 1958 quam
2567 1890 2672 1943 Deo
2701 1889 2928 1954 prOpitio
2955 1905 3076 1942 sum
3106 1905 3375 1946 reversus.
3403 1901 3457 1945 et
3485 1907 3731 1946 commit-

2147 1986 2306 2034 none
2329 1979 2547 2032 Romani
2577 1979 2838 2046 pttﬂllﬁClS
2863 1995 3077 2045 semper
3104 1991 3157 2034 et
3185 1983 3298 2034 sine
3318 1982 3486 2035 dubio
3509 1998 3725 2051 perma-

2147 2086 2291 2124 nere.
2327 2071 2476 2135 Quoil
2522 2070 2588 2133 si,
2639 2070 2778 2138 quod
2833 2069 2987 2129 absit,
3041 2071 3214 2136 aliqua
3255 2076 3602 2126 excusatione
3641 2074 3724 2128 vel

2147 2170 2459 2228 argumento
2487 2159 2552 2210 ab
2579 2160 2676 2210 hac
2707 2175 2791 2212 me
2823 2161 3020 2212 unitate
3069 2161 3328 2226 divisero,
3359 2164 3579 2231 pcrjurii
3610 2177 3728 2215 rea-

2151 2263 2258 2305 tum
2291 2252 2588 2313 incurrens,
2628 2259 2842 2303 a-terum
2885 2265 3055 2318 paenae
3083 2253 3348 2320 obligatus
3377 2257 3644 2314 inveniar,
3671 2262 3727 2306 et

2149 2357 2270 2396 cum
2296 2349 2510 2393 auctore
2534 2340 2839 2392 schismatis
2860 2338 3080 2393 habeam
3105 2342 3154 2393 in
3182 2342 3362 2395 futuro
3388 2343 3588 2396 saeculo
3609 2358 3730 2410 por-

2151 2434 2366 2485 tionem.
2424 2431 2566 2484 llanc
2613 2439 2787 2483 autem
2836 2433 3192 2486 conlessioms
3251 2435 3726 2499 promissiontsque

2151 2537 2283 2576 mea:
2315 2520 2610 2573 chartulam
2643 2521 2850 2573 notario
2891 2536 3029 2585 meo,
3058 2536 3178 2574 cum
3211 2537 3474 2575 consensu
3503 2525 3726 2591 presby-

2153 2623 2385 2665 terorum
2417 2619 2471 2663 et
2497 2611 2837 2664 diaconorum
2882 2619 3040 2678 atque
3069 2612 3381 2665 clericorum
3412 2612 3525 2680 qui,
3561 2628 3642 2664 me
3673 2614 3726 2666 in

2153 2702 2254 2755 hac
2301 2702 2504 2754 unitate
2560 2701 2889 2768 obligautes,
2956 2700 3006 2752 in
3054 2701 3428 2769 suprascriptis
3482 2701 3730 2755 omnibus

2153 2812 2319 2868 prona
2351 2799 2506 2852 simul
2541 2798 2814 2851 voluntate
2839 2796 3005 2850 secuti
3037 2806 3193 2862 atque
3225 2797 3453 2864 propriis
3488 2797 3730 2847 manibus

2153 2891 2503 2960 subscripturi
2521 2899 2662 2951 sunt,
2685 2888 3016 2942 scribendam
3035 2888 3246 2949 dictavi,
3269 2898 3322 2940 et
3346 2887 3556 2954 propria
3573 2902 3734 2940 manu

2156 2988 2497 3042 subscribens
2532 2985 2620 3036 tibi
2653 2983 2866 3036 tradidi.
2896 2983 3024 3035 Acta
3057 2981 3108 3034 in
3133 2981 3247 3034 loco
3270 2980 3386 3043 illo,
3421 2981 3509 3032 die
3528 2988 3583 3034 et
3605 2995 3734 3031 cott-

2160 3075 2364 3129 sulibus
2385 3073 2782 3141 suprascriplis.
2815 3071 3132 3139 Subscriptio
3175 3072 3397 3141 episcopi
3425 3071 3585 3123 illius.
3621 3070 3733 3139 Ego

489 3171 607 3225 quae
637 3157 704 3208 de
725 3152 968 3207 universa
1001 3150 1248 3204 facultate
1276 3158 1363 3200 tua
1396 3145 1747 3208 ordinaveris,
1780 3142 2058 3208 disposue-
2085 3159 2130 3220 ρ
2163 3165 2253 3220 ille
2282 3166 2566 3232 episcopus
2597 3162 2824 3216 civitatis
2855 3164 2995 3216 illius
3026 3162 3146 3216 huic
3167 3163 3486 3216 comessmni
3525 3162 3728 3232 1301

487 3250 641 3300 risve.
693 3245 888 3298 illibata
913 3251 966 3296 et
992 3242 1106 3294 sine
1132 3240 1330 3306 aliqua.
1368 3237 1474 3290 Deo
1501 3243 1738 3297 auctore,
1771 3241 2051 3285 statuimus

488 3335 840 3402 rcfragat’tune
870 3329 1125 3384 servanda
1154 3333 1198 3378 ι.

490 3444 554 3497 Χ.
612 3441 886 3493 Promissto
936 3435 1202 3504 cujusdam
1251 3442 1276 3469 ι
1324 3431 1565 3504 episcopi,
1622 3427 2056 3504 Incresimauum

554 3497 1047 3572 anuthematizantt's,
1077 3520 1229 3573 quam
1257 3497 1382 3573 salui
1407 3503 1518 3568 fecit
1551 3502 1601 3551 in
1625 3500 1830 3573 nomine
1858 3497 2052 3573 domini

557 3585 679 3646 imp.
716 3565 1151 3642 Constantinopoli
1176 3615 1192 3638 ,
1232 3572 1322 3626 sub
1349 3565 1433 3623 die
1463 3573 1528 3624 10
1556 3570 1735 3619 mensis
1783 3565 2058 3643 Februan,

561 3653 738 3703 indict.
768 3649 821 3701 5.
1114 3663 1116 3665 '

562 3759 783 3825 Quoties
812 3755 990 3809 cordis
1031 3751 1219 3806 oculus
1249 3750 1387 3804 nube
1433 3748 1632 3802 erroris
1661 3747 1921 3800 obductus
1966 3761 2063 3801 su-

490 3869 667 3924 perna:
689 3846 1052 3904 illustrationis
1078 3844 1275 3898 lumine
1297 3842 1351 3894 fit
1373 3854 1617 3905 serenus,
1644 3854 1831 3908 magna
1853 3843 2059 3894 cautela

491 3942 761 3996 nitendum
789 3948 872 3992 est
902 3952 966 3989 ne
999 3937 1223 3989 latenter
1247 3941 1430 3985 auctor
1460 3930 1760 3985 schismatis
1788 3931 1976 3995 irruat,
2007 3941 2062 3984 et.

492 4038 557 4086 ah
586 4030 800 4084 unitatis
824 4027 1000 4079 radice
1024 4039 1117 4078 eos
1142 4021 1229 4086 qui
1250 4022 1315 4075 ad
1344 4036 1460 4074 eam
1494 4021 1690 4073 reversi
1723 4021 1929 4073 fuerant
1956 4022 2064 4073 telo

494 4135 683 4176 tterum
731 4116 927 4171 erroris
971 4113 1262 4167 abscindat.
1297 4113 1363 4165 Et
1409 4111 1526 4164 ideo
1555 4125 1652 4178 ego
1702 4109 1789 4162 ille
1835 4110 2061 4164 civitatis

496 4214 637 4266 illius
659 4209 959 4278 episcopus,
986 4213 1257 4270 comperto
1281 4201 1552 4255 divisionis
1573 4200 1758 4268 laqueo
1786 4215 1890 4268 quo
1915 4213 2062 4256 tene-

496 4309 611 4369 bar,
643 4300 843 4356 diutina
896 4314 1101 4353 illecum
1151 4296 1471 4363 cogitatione
1517 4302 1865 4360 pertractans,
1900 4309 2063 4360 prona

2158 3258 2607 3327 promissionique
2629 3272 2782 3322 meae,
2801 3256 3036 3323 praestito
3055 3256 3122 3310 de
3146 3257 3526 3310 conservandis
3548 3271 3732 3323 supra-

2158 3348 2373 3418 scriptis
2403 3348 2650 3401 omnibus
2681 3358 3039 3410 sacramento,
3067 3347 3376 3414 subscripsi.

2449 3462 2538 3516 XI.
2572 3462 2877 3530 Exemplum
2905 3461 3237 3513 concessionis
3265 3459 3430 3526 pallii.

2234 3574 2592 3629 Dilectissimo
2621 3575 2765 3627 fratri
2795 3573 2950 3628 Petro
2981 3571 3286 3641 Gregorius.
3328 3571 3486 3624 Omni
3531 3583 3728 3623 conve-

2164 3667 2278 3716 nire
2305 3663 2546 3717 novimus
2577 3664 2769 3715 rationi
2804 3673 2972 3714 uteos
3014 3662 3209 3714 amictu
3244 3661 3386 3726 pallii
3411 3663 3729 3713 decoremus

2164 3769 2296 3821 quos
2322 3752 2372 3805 in
2402 3753 2507 3805 illis
2532 3752 2833 3805 civitatibus
2857 3791 2871 3815 ,
2900 3751 3084 3803 divina
3116 3750 3404 3818 inspirante
3429 3739 3734 3800 misericor-

2164 3841 2282 3905 dia,
2309 3857 2378 3893 sai
2400 3842 2590 3894 erdotii
2623 3840 2794 3895 honor
2823 3840 3082 3894 illuminat
3107 3884 3120 3907 ,
3155 3839 3206 3892 in
3235 3839 3424 3907 quibus
3449 3839 3548 3890 hoc
3575 3838 3733 3890 etiam

2165 3934 2231 3987 ab
2261 3933 2364 3986 illis
2387 3934 2472 4002 qui
2507 3934 2788 4001 praeteritis
2821 3933 3142 4000 temporibus
3181 3930 3456 3999 pontifices
3487 3929 3599 3982 fieri
3629 3944 3739 3981 me-

2171 4040 2418 4094 ruerunt,
2444 4039 2495 4081 ct
2525 4029 2591 4082 ab
2615 4028 2902 4096 apostolica
2925 4027 3050 4080 sede
3074 4035 3281 4080 constat
3306 4039 3424 4078 esse
3456 4023 3736 4076 indultum.

2167 4117 2394 4182 ldeome
2433 4119 2676 4170 charitati
2721 4126 2824 4170 tuae
2863 4117 3224 4185 usumpallii,
3255 4117 3392 4168 sicut
3421 4114 3738 4167 decessores

2170 4207 2242 4259 tui
2275 4207 2518 4260 habuisse
2540 4220 2845 4263 noscuntur.
2876 4207 3118 4274 prmseuti
3147 4205 3463 4257 auctoritate
3492 4203 3738 4256 c0ticedi-

2172 4312 2326 4361 mus,
2366 4309 2524 4366 atque
2568 4313 2628 4351 ea
2673 4297 2849 4351 omnia
2890 4300 3029 4351 circa
3061 4297 3274 4350 honoris
3301 4297 3372 4349 tui
3401 4296 3736 4364 privilegium

570 4422 590 4447 ⁵
624 4412 695 4464 Ex
727 4405 1225 4476 JoanneGersoue,
1261 4403 1381 4476 lect.
1415 4402 1445 4455 4
1472 4401 1536 4476 tle
1579 4400 1693 4476 _Vita
1727 4403 1898 4470 spirit.
1929 4405 2052 4476 Δθηῑ.

2168 4413 2403 4476 synodus
2428 4420 2577 4464 antea
2602 4422 3036 4475 commemorata,
3059 4414 3157 4464 hoc
3181 4420 3259 4465 est
3287 4426 3471 4465 mense
3498 4412 3737 4476 Octobri,

497 4499 615 4540 mae.
649 4482 893 4533 corollar.
927 4474 960 4526 4
984 4484 1037 4528 et
1056 4472 1399 4540 sequentibus
1430 4488 1443 4523 :
1471 4470 1803 4538 Legislatores
1832 4472 2065 4526 ecclesia-

496 4555 608 4606 stici
641 4562 684 4602 et
725 4549 892 4600 civiles
935 4546 1227 4611 plerumque
1261 4557 1352 4595 sua
1395 4549 1638 4608 potestate
1680 4551 1725 4592 et
1762 4544 2063 4595 auctoritate

498 4629 776 4693 noscuntur
819 4616 980 4676 abuti,
1011 4613 1287 4693 prwselrtim
1325 4611 1670 4693 ecclesiastici"
1685 4612 1760 4693 illi
1788 4613 1886 4691 qui
1914 4614 2058 4690 quid.

498 4692 618 4758 quid
651 4689 906 4758 ordinant,
928 4681 1184 4758 quidquid
1205 4691 1423 4758 monent,
1455 4681 1702 4758 quidquid
1735 4683 2055 4758 pt'tccipt'unt,

500 4751 673 4814 uolunt
705 4774 797 4825 pro
838 4751 1019 4825 divinis
1065 4753 1258 4825 legibus
1291 4753 1506 4825 Altabert,
1531 4766 1623 4816 par
1652 4751 1846 4825 aequale
1874 4768 2066 4818 quoque

500 4831 653 4882 robur
675 4820 854 4879 habere
885 4839 975 4894 per
993 4821 1445 4894 interminatimtem
1475 4820 1813 4894 dattntationis
1837 4835 1880 4871 ω
1905 4836 2059 4873 erute.

500 4902 702 4953 Caetera
734 4889 1097 4962 prmtetmitto,
1128 4890 1419 4962 quibusvir
1442 4889 1559 4957 pius
1589 4889 1889 4954 opiniOuem
1913 4904 2060 4942 suam

501 4968 669 5036 aperit
693 4961 758 5018 de
779 4965 1095 5036 obligatione
1128 4961 1296 5036 legum
1324 4961 1916 5036 ltulttanarumpmpter
1942 4976 2070 5012 (30f-

503 5029 782 5091 ttcxionem
813 5029 930 5086 cum
978 5033 1090 5099 lege
1132 5031 1328 5082 divina.
1378 5029 1500 5080 Eam
1547 5029 1693 5079 mttlti
1727 5029 1875 5099 quasi
1921 5043 2068 5080 erro-

505 5123 658 5161 neam
704 5098 1096 5171 impugnavere,
1140 5099 1362 5151 fortasse
1411 5100 1678 5171 nonsatis
1706 5098 2067 5171 sitiiuiutelle-

502 5189 662 5231 clam.
699 5166 1079 5240 Utinvlegihus
1121 5170 1362 5240 humanis
1385 5167 1521 5235 quod
1545 5166 1682 5240 juris
1707 5167 1968 5240 cst_d_ivini
1998 5168 2065 5240 ab

505 5251 735 5301 humano
775 5235 1131 5300 secernamus,
1182 5238 1450 5304 prwcipuw
1477 5237 1742 5306 cujusdam
1782 5235 2068 5305 Tlteologice

505 5335 631 5386 Opus
673 5327 762 5377 est,
802 5329 952 5386 quam
994 5311 1161 5372 multi,
1196 5311 1362 5386 inquit
1406 5309 1564 5372 tdeut,
1600 5308 1673 5356 vel
1703 5308 1959 5376 ignorant,
1993 5306 2068 5360 vel

505 5379 784 5454 negligant,
809 5379 880 5434 t‘el
897 5391 1171 5454 spernunt.
1204 5379 1460 5454 Gysssnv.

579 5445 599 5490 ί
639 5445 690 5506 in
721 5445 945 5504 Eiettsis’
967 5453 1195 5512 additur,
1232 5447 1415 5499 Datum
1438 5462 1604 5499 mense
1638 5445 1954 5510 Novembris,
1990 5446 2067 5497 in-

506 5524 629 5574 dict.
661 5524 717 5584 4,
749 5523 839 5573 sed
865 5519 915 5572 in
943 5522 1066 5573 Mss.
1104 5518 1365 5570 Vaticanis
1394 5527 1446 5570 et
1473 5518 1522 5569 al
1547 5519 1588 5569 is
1613 5517 1830 5569 minime
1854 5518 2062 5583 legitur.

510 5592 688 5655 Neque
717 5606 840 5643 vero
878 5589 1160 5643 convenire
1199 5598 1413 5654 possunt
1453 5586 1566 5639 haec
1613 5601 1731 5639 cum
1779 5586 1894 5638 altis
1932 5587 2067 5638 uotis

509 5661 760 5726 temporis
803 5674 962 5725 supra
993 5659 1288 5725 assignatis.
1330 5657 1486 5710 Certe
1512 5657 1690 5709 datum
1732 5663 1813 5709 est
1844 5658 1952 5726 hoc
1989 5655 2068 5707 di-

517 5725 684 5793 j-loma
717 5729 905 5785 eodem
941 5727 1027 5780 die
1053 5743 1116 5779 ac
1157 5736 1394 5793 tempore
1430 5742 1532 5795 quo
1560 5726 1738 5780 Roma:
1770 5725 1944 5779 habita
1987 5734 2068 5777 est

2171 4494 2274 4530 non
2306 4480 2609 4535 Novembri.

2244 4548 2282 4599 Χ
2316 4549 2420 4618 [ΑΙ.
2455 4566 2533 4619 ep.
2569 4551 2660 4614 51,
2692 4551 2803 4602 ind.
2839 4550 2912 4621 5].
2947 4580 3017 4590 —-
3046 4558 3070 4584 ⁸
3103 4551 3195 4604 Hic
3223 4552 3502 4621 episcopus
3535 4550 3740 4603 videtur

2245 4566 2282 4599 .\
2316 4566 2420 4618 [AL
2455 4566 2533 4619 ep.
2569 4566 2660 4614 ot,
2692 4566 2803 4602 ma.
2839 4566 2912 4621 ιη.
2947 4580 3017 4590 —-
3046 4566 3070 4584 α
3103 4566 3195 4604 me
3223 4566 3398 4618 episco
3441 4567 3502 4603 us
3535 4566 3674 4602 vtoet

2167 4631 2285 4688 esse
2304 4621 2600 4688 Ali‘irmiuus,
2629 4623 2692 4673 ad
2727 4636 2882 4687 quem
2911 4629 3091 4674 exstat
3115 4623 3334 4688 epiS'ola
3363 4566 3436 4674 3g
3462 4621 3552 4672 lib.
3591 4636 3678 4672 ιιι.

2239 4687 2263 4724 δ
2293 4686 2393 4740 Per
2433 4691 2647 4742 salutem
2689 4686 3005 4759 geniumque.
3054 4691 3125 4742 Ea
3153 4686 3313 4742 verba
3359 4692 3499 4743 male
3539 4691 3736 4741 inserta

2171 4758 2293 4811 huic
2324 4759 2660 4825 promissioni
2692 4764 2854 4812 fuisse
2887 4774 3032 4822 tcur;
3067 4775 3161 4813 nec
3187 4759 3326 4813 enim
3359 4760 3603 4811 catholici
3644 4773 3736 4825 per

2168 4829 2381 4893 genium
2430 4828 2812 4895 imperatorum
2852 4829 3118 4895 jttrabaut.
3156 4828 3286 4882 Vide
3329 4829 3738 4891 Tertullanum,

2170 4897 2220 4949 iu
2252 4900 2614 4965 Apologetico,
2660 4914 2708 4951 c.
2750 4898 2837 4958 5:2,
2880 4910 2932 4951 et
2961 4899 3026 4950 ad
3053 4900 3356 4964 Scapulam,
3387 4914 3436 4951 c.
3468 4899 3502 4949 2
3540 4919 3547 4946 :
3581 4897 3741 4949 lum-

2169 4983 2279 5038 mus
2300 4984 2400 5018 non
2422 4983 2508 5037 per
2531 4969 2701 5038 genios
2728 4967 3002 5021 Cwsarum.
3040 4968 3262 5021 Nescitis
3285 4969 3458 5038 genios
3479 4970 3739 5018 dmnouas

2169 5036 2387 5090 dici.....
2421 5036 2677 5101 crete—rum,
2725 5038 3015 5101 da’monas,
3058 5040 3110 5090 id
3155 5049 3227 5091 est
3271 5036 3460 5107 genios,
3495 5040 3743 5106 adjurare

2169 5107 2536 5166 cons-uiuimus.
2569 5117 2673 5160 etc.
2705 5107 2860 5160 Certe
2910 5109 2962 5160 in
3009 5109 3256 5160 confesso
3299 5118 3414 5160 erat
3450 5108 3740 5173 antiquitus

2169 5176 2378 5240 genium
2422 5177 2548 5228 nihil
2595 5191 2711 5230 esse
2742 5178 2884 5229 aliud
2915 5193 3072 5244 quam
3117 5178 3437 5239 dtcmonem,
3473 5187 3532 5230 ut
3571 5178 3740 5242 legere

2169 5256 2251 5297 est
2279 5245 2414 5310 apud
2447 5246 2799 5308 Laetantium,
2826 5247 2915 5298 lib.
2949 5263 3009 5310 tt,
3040 5263 3091 5302 c.
3127 5249 3210 5312 15,
3235 5264 3388 5314 quem
3416 5250 3583 5299 locum
3617 5249 3737 5308 quia

2171 5315 2363 5377 iudico,
2392 5324 2544 5368 caute
2569 5316 2846 5382 legendum
2869 5319 3012 5370 dico.
3037 5317 3228 5369 Notant
3257 5318 3402 5370 multi
3432 5332 3497 5370 ne
3527 5316 3736 5382 quidem

2170 5386 2306 5449 apud
2337 5401 2431 5436 nos
2461 5387 2510 5437 in
2543 5385 2727 5438 Galliis
2773 5386 2935 5440 fuisse
2984 5387 3294 5454 permissum
3321 5388 3501 5454 jurare
3533 5400 3623 5452 per
3665 5386 3740 5433 vi-

2171 5461 2274 5525 tam
2306 5455 2442 5525 regis
2472 5465 2525 5506 et
2568 5455 2795 5525 filiorum
2837 5457 2974 5525 ejus.
3023 5456 3226 5525 Passim
3259 5457 3308 5507 itt
3354 5456 3498 5508 Actis
3545 5454 3735 5525 congii.

2168 5522 2420 5595 Chalced.
2460 5524 2710 5590 jurabant
2750 5540 2842 5593 per
2868 5521 3097 5594 vestigia
3139 5525 3472 5595 imperatoris
3510 5532 3596 5576 aut
3635 5521 3738 5575 Pa-

2172 5602 2330 5645 trum.
2356 5591 2620 5647 Gussasv.

2243 5683 2331 5738 tu.
2362 5683 2446 5737 At.
2476 5700 2557 5752 ep.
2589 5681 2680 5750 56,
2711 5686 2822 5739 ind.
2850 5687 2900 5741 δ.
