3990 6380
468 433 586 485 €351

460 560 538 596 nis
564 542 814 612 adjiciunt
841 550 893 594 ct
915 553 1095 592 corum
1120 537 1206 608 qui
1238 539 1287 592 in
1322 539 1489 592 laicali
1518 539 1706 592 ordine
1733 538 2036 591 consistunt
2071 542 2119 599 Α

459 632 871 694 observantiam,
907 630 1044 685 sicut
1068 631 1308 694 loco,_ita
1341 630 1598 701 religione
1628 629 1960 696 praecellant.

529 743 604 795 De
639 742 747 806 ipsa
779 755 905 793 vero
927 740 1013 794 die
1040 740 1305 794 Dominica
1337 740 1648 793 lia-sitamus
1675 738 1922 802 quidnam
1955 737 2040 790 di-

457 844 682 884 renttum
713 832 804 893 sit,
829 845 946 882 cum
967 845 1153 883 omnes
1185 831 1300 882 laici
1324 830 1676 882 etsioculares
1701 828 1787 880 illa
1809 828 1896 880 die
1923 829 2040 894 plus

457 925 614 976 Solio
645 931 860 976 εωῑρτιε
884 921 1073 974 diebus
1100 920 1401 974 accuratius
1424 921 1573 974 cibos
1603 934 1842 973 carnium
1872 933 2039 985 appe-

459 1024 591 1076 lnttl;
615 1025 670 1066 et
701 1012 800 1063 nisi
835 1025 968 1063 nova
1000 1010 1224 1079 quadam
1245 1011 1492 1063 aviditate
1525 1025 1690 1078 usque
1716 1011 1780 1062 ad
1813 1010 2040 1064 mediam

458 1121 668 1164 noctem
699 1123 755 1162 sc
787 1109 1149 1178 ingurgitent,
1199 1107 1404 1175 1303
1452 1120 1556 1160 non
1601 1107 1756 1159 aliter
1787 1121 1846 1160 se
1889 1104 2041 1172 hujus

459 1219 532 1253 sai
556 1219 595 1255 ri
629 1201 886 1269 temporis
914 1200 1339 1252 observationem
1365 1200 1637 1265 sust'ipere
1663 1209 1868 1266 putant.
1888 1198 2040 1265 Quod

461 1295 643 1362 utique
677 1309 778 1346 non
811 1294 1033 1352 rationi,
1069 1292 1160 1343 sed
1195 1292 1483 1358 voluptati.
1521 1291 1627 1342 imo
1655 1291 1860 1343 cuidam
1889 1304 2041 1341 meno

460 1387 526 1438 tis
555 1386 775 1438 caecitati
808 1383 1174 1436 ascribendum
1209 1391 1318 1443 est;
1351 1381 1487 1434 unde
1515 1396 1611 1433 nec
1632 1397 1660 1432 a
1693 1381 1780 1432 tali
1810 1394 2040 1432 consue-

464 1479 647 1528 tudine
680 1475 846 1527 averti
873 1483 1112 1541 possunt,
1138 1483 1190 1524 et
1224 1473 1340 1523 ideo
1373 1488 1489 1523 cum
1523 1474 1673 1524 venia
1703 1486 1800 1523 suo
1832 1470 2043 1537 ingenio

461 1567 791 1632 relinquendi
823 1573 967 1629 sunt,
1001 1580 1066 1616 ne
1099 1564 1233 1616 forte
1266 1564 1476 1630 pejores
1505 1565 1734 1616 exismnt
1762 1605 1775 1623 ,
1809 1565 1851 1615 si
1885 1578 1912 1614 a
1948 1561 2040 1614 tali

462 1656 848 1708 consuetudine
893 1654 1293 1721 prohibeantur.
1350 1653 1414 1706 Ut
1445 1653 1583 1706 enim
1631 1653 1703 1704 ait
1749 1652 2040 1709 Salomon:

466 1747 566 1808 Qui
591 1752 801 1796 multum
823 1746 1067 1812 cutting/it,
1095 1744 1225 1795 clicit
1244 1744 1546 1810 sanguinem
1571 1741 1751 1808 (Prov.
1778 1757 1905 1806 xxx,
1927 1739 2040 1808 53).

535 1856 596 1906 Et
631 1865 740 1920 ροδι
773 1872 953 1922 pauco.

535 1968 633 2019 l‘ar
659 1977 831 2019 autem
863 1975 943 2019 est
974 1976 1028 2018 ut
1056 1967 1247 2031 quibus
1271 1965 1458 2018 diebus
1485 1979 1512 2016 a
1553 1979 1713 2017 carne
1735 1963 2038 2017 animalium

464 2057 794 2109 abszinemus
820 2098 835 2120 ,
867 2059 934 2106 ab
963 2057 1210 2109 omnibus
1237 2071 1449 2124 quoilue
1479 2073 1597 2124 quae
1632 2057 1655 2092 δ
1694 2057 2043 2109 sementinam

467 2148 646 2200 carnis
680 2147 894 2199 irabnnt
922 2146 1180 2215 originem
1203 2186 1217 2211 ,
1255 2144 1579 2214 j'junemus,
1610 2146 1745 2200 lacte
1778 2146 2045 2210 videlicet,

465 2253 643 2299 caseo,
675 2245 729 2291 et
756 2235 891 2290 ovis.

539 2347 605 2400 Et
635 2358 748 2416 post
774 2365 952 2416 pauca.

532 2461 796 2513 Caeterum
826 2460 1050 2526 piscium
1078 2461 1165 2529 jus
1191 2470 1257 2514 ita
1282 2461 1586 2514 Cbristimo
1619 2463 1958 2530 relinquitur,
1991 2474 2049 2518 ut

468 2550 569 2603 hoc
613 2550 662 2602 ei
699 2549 1022 2603 infirmitatis
1057 2553 1336 2614 Solatium,
1380 2566 1485 2603 non
1517 2553 1742 2605 luxttiia:
1772 2558 1940 2619 pariat
1969 2570 2046 2606 in-

463 2639 730 2692 ccndium.
758 2638 995 2706 Denique
1025 2641 1112 2706 qui
1142 2654 1169 2690 a
1197 2655 1356 2692 carne
1380 2641 1630 2703 abstinet,
1659 2657 1987 2710 nequaquam
2023 2654 2043 2680 ο

465 2731 864 2799 sumptuosiora
895 2729 1215 2784 marinarum
1249 2731 1546 2786 bclluarum
1571 2733 1815 2786 convivia
1845 2749 2049 2802 praepa-

463 2831 562 2877 ret.

538 2930 725 2984 Vinum
761 2945 971 3000 quoque
1009 2931 1078 2985 ita
1117 2933 1300 2988 bibere
1341 2934 1696 3001 permittitur,
1729 2944 1783 2986 ut
1812 2933 2044 2988 ebrieta-

461 3034 568 3079 tem
599 3028 816 3078 omnino
851 3025 1112 3095 fugiamus
1139 3069 1153 3091 ,
1186 3028 1381 3096 alioqui
1434 3038 1598 3083 restat
1640 3040 1695 3082 ut
1723 3033 1900 3082 omnia
1926 3043 2048 3098 qua!

461 3117 672 3185 corpori
704 3117 872 3172 libent
894 3118 1137 3171 similiter
1165 3117 1438 3172 faciamus.

1316 427 1794 487 EPISTOLARUM
1838 427 1896 483 S.
1941 426 2030 480 GR

2152 424 2268 479 )llll
2313 421 2544 475 \‘ARli-E
2585 419 2909 476 TABCLIE.
3604 425 3752 477 1359

2273 532 2345 585 De
2376 534 2620 595 moribus,
2654 533 2754 585 vita
2781 541 2826 584 et
2855 541 3017 585 morte
3042 532 3247 602 ,ιισηρῐιὶ
3274 534 3424 600 primi
3458 549 3630 601 papte.

2147 621 2196 681 (ιι
2225 622 2289 669 Ex
2322 627 2514 686 vetusto
2545 620 2730 686 Qudice
2768 620 2980 686 llegistri
3026 623 3175 668 sancti
3225 621 3452 686 Gregorii
3491 637 3646 686 papa:
3698 629 3750 678 in

2489 682 2784 730 bibliotheca
2814 683 2836 728 ii
2857 683 3039 730 atieana
3063 685 3362 744 asservato.)

2220 766 2476 834 Agnpitus
2519 780 2648 832 papa
2693 781 2783 817 vas
2823 765 3148 818 catholicum
3179 807 3192 828 ,
3246 767 3517 837 Evangelii
3572 775 3744 843 tuba,

2148 872 2321 924 primo
2359 855 2611 925 justitiai,
2647 870 2795 908 sacra
2839 856 3021 908 altaris
3050 855 3298 923 sedisque
3331 859 3546 931 1304
3593 867 3745 921 νειμ-

2147 949 2290 1001 mina
2326 949 2603 1015 sacrilegis
2629 947 2868 1023 Antliimi
2902 946 3092 1000 infecta
3127 946 3319 1002 fabulis
3353 949 3464 1004 suis
3501 953 3742 1008 catholi-

2144 1038 2222 1092 cis
2255 1039 2495 1104 precibus
2518 1039 2646 1092 eluit
2676 1040 2776 1107 (De
2803 1053 3031 1091 consecr.
3063 1039 3184 1091 dist.
3215 1039 3263 1104 1,
3295 1056 3342 1094 c.
3376 1040 3492 1112 25).

2219 1129 2586 1201 Fragmentum
2619 1132 2845 1252 episttlillje
2869 1128 3136 1248 laudatiutut
3171 1146 3203 1181 a
3240 1129 3398 1183 Joan.
3427 1132 3666 1187 Diacono

2775 1218 2788 1251 ι
2837 1245 2841 1249 .
2877 1216 2932 1252 ιι.
2965 1216 3010 1250 c.
3089 1219 3122 1249 ›.

2775 1216 2841 1251 w.
2877 1216 2932 1265 ιι,
2965 1216 3010 1250 c.
3040 1216 3122 1249 1o.

2219 1289 2410 1343 Multos
2440 1304 2503 1342 ex
2531 1289 2885 1343 ecclesiastica
2919 1304 3011 1342 seu
3055 1288 3304 1342 saicalari
3351 1291 3534 1346 militia
3579 1297 3743 1347 novi-

2149 1396 2268 1434 mus
2299 1380 2364 1432 ad
2399 1379 2780 1448 omnipotentis
2813 1380 2901 1432 Dei
2945 1380 3224 1432 servitium
3256 1377 3511 1436 festinare
3535 1426 3550 1452 ,
3583 1396 3641 1437 ut
3672 1388 3744 1439 ab

2149 1471 2378 1525 liumana
2410 1473 2667 1526 servitute
2699 1472 2850 1525 liberi
2879 1512 2892 1535 ,
2928 1471 2980 1524 in
3016 1472 3196 1525 divino
3217 1474 3433 1528 servitio
3457 1476 3743 1530 videanzur

2148 1562 2462 1615 familiarius
2491 1566 2542 1614 in
2569 1563 2905 1617 monasteriis
2937 1566 3268 1617 conversari.
3295 1565 3437 1630 Quos
3459 1567 3503 1620 si
3534 1569 3733 1635 passim

2146 1653 2482 1716 dimittimus,
2519 1652 2766 1704 omnibus
2799 1652 3035 1721 fugiendi
3067 1654 3416 1707 ceclesiastici
3449 1658 3528 1709 vel
3562 1672 3735 1712 saecu-

2147 1745 2277 1798 laris
2299 1747 2433 1813 juris
2467 1745 2756 1799 dominium
2789 1746 3122 1799 occasionem
3167 1749 3484 1816 prwbeutus.
3525 1751 3579 1803 Si
3609 1768 3737 1806 vero

2148 1837 2457 1891 chtinantes
2488 1837 2552 1889 ad
2580 1834 2959 1903 omnipotentis
2989 1837 3080 1890 Dei
3105 1840 3379 1892 servitium
3413 1843 3623 1896 incaute
3646 1859 3735 1898 re-

2071 1919 2119 1979 B
2147 1929 2413 1991 tinentus,
2465 1927 2537 1980 illi
2596 1929 2893 1980 invenimus
2932 1943 3128 1996 negare
3176 1932 3414 1996 quaedam
3455 1937 3540 1999 qui
3585 1935 3738 1988 dedit

2148 2019 2346 2070 omnia.
2400 2018 2551 2072 Unde
2585 2034 2799 2072 necesse
2828 2031 2912 2073 est
2945 2032 2999 2072 ut
3030 2022 3265 2089 qusquis
3295 2037 3357 2076 ex
3389 2023 3524 2089 juris
3557 2029 3733 2080 eccle-

2149 2108 2346 2161 siastici
2384 2110 2466 2161 vel
2498 2109 2766 2162 saecularis
2793 2110 2990 2161 militio
3031 2113 3288 2164 servitute
3321 2113 3387 2164 ad
3432 2113 3522 2166 Dei
3559 2119 3735 2168 servi-

2152 2202 2280 2253 tium
2313 2205 2557 2255 converti
2585 2201 2893 2270 desiderat,
2938 2201 3194 2269 probetur
3225 2204 3368 2269 prius
3398 2205 3448 2256 in
3474 2205 3610 2258 laico
3639 2207 3736 2259 ba-

2151 2292 2260 2346 bitu
2292 2294 2657 2356 constitutus;
2689 2305 2740 2347 et
2761 2296 2806 2347 si
2839 2307 3018 2346 mores
3049 2295 3167 2361 ejus
3201 2306 3358 2362 atque
3391 2299 3733 2353 conversatio

2150 2385 2294 2438 bono
2316 2385 2586 2439 desiderio
2611 2385 2749 2438 illius
2780 2386 3147 2439 testimonium
3181 2386 3370 2451 ferant,
3404 2389 3603 2457 absque
3629 2391 3736 2444 ulla

2151 2477 2551 2539 retractatione,
2576 2476 2778 2529 servire
2804 2476 2854 2528 in
2889 2474 3212 2528 monasterio
3242 2478 3592 2545 omnipotenti
3625 2479 3733 2533 Deo

2153 2565 2510 2638 permittatur,
2539 2577 2595 2619 ut
2624 2567 2690 2619 ab
2712 2567 2945 2619 humano
2968 2568 3184 2620 servitio
3215 2566 3349 2622 liber
3381 2569 3615 2632 recedat,
3643 2572 3736 2639 qui

2151 2657 2204 2710 in
2238 2657 2417 2711 divino
2438 2656 2695 2725 obsequio
2721 2656 3096 2710 districtiorem
3122 2658 3302 2710 subire
3332 2668 3532 2724 appetit
3565 2662 3736 2713 servi-

2154 2756 2343 2801 tutem.
2380 2748 2435 2802 Si
2466 2756 2640 2800 autem
2685 2757 2737 2799 et
2771 2748 2828 2800 in
2870 2746 3183 2799 munacbico
3214 2747 3395 2800 habitu
3443 2749 3735 2802 secundum

2158 2839 2373 2893 Patrum
2419 2837 2628 2905 regulas
2670 2835 3214 2904 irreprcliensibiliter
3252 2837 3410 2891 fuerit
3449 2853 3736 2894 conversa-

2153 2940 2260 2994 tus,
2291 2941 2409 3000 post
2439 2930 2653 2998 praefixa
2687 2930 2852 2984 sacris
2881 2930 3172 2984 canonibus
3204 2938 3467 2998 tempora,
3513 2931 3737 2986 licenter

2147 3022 2256 3092 jam
2313 3023 2378 3075 ad
2427 3021 2701 3091 quodlibet
2738 3021 3157 3076 ecclesiasticum
3199 3023 3430 3075 ofﬁcium
3469 3025 3733 3091 proveha-

2155 3124 2260 3178 tur,
2302 3113 2346 3165 si
2387 3121 2562 3166 tamen
2608 3111 2713 3164 illis
2746 3126 2848 3164 non
2892 3112 3049 3166 fuerit
3081 3112 3392 3165 criminibus
3435 3113 3734 3168 maculatus

2153 3220 2269 3272 qua:
2301 3206 2354 3257 in
2391 3204 2734 3257 Testamento
2770 3202 2943 3256 Veteri
2970 3213 3143 3257 morte
3173 3203 3481 3257 multantur.

469 3313 774 3368 servatiune
809 3333 821 3368 :
854 3316 1140 3384 Augeumus
1170 3316 1310 3369 nobis
1339 3317 1533 3381 aliquid
1569 3318 1636 3369 ad
1671 3317 1883 3370 solitum
1917 3334 2040 3383 pen-
2073 3317 2118 3378 C
2150 3315 2199 3367 in
2231 3317 2328 3368 hac
2357 3315 2648 3383 appendice
2671 3330 2776 3369 non
2800 3315 3153 3381 admittimus;
3188 3318 3432 3385 quamvis
3459 3320 3600 3374 enim
3627 3324 3726 3375 cir-

458 3386 590 3436 sium
617 3386 868 3436 seruitutis
901 3397 1106 3439 nostrw.
1140 3385 1256 3439 Jani
1289 3403 1432 3453 suape
1469 3389 1844 3441 admonuimus
1891 3388 2043 3440 fami-

463 3455 591 3507 liarc
615 3469 733 3507 esse
756 3455 1012 3523 Gregorio
1037 3457 1232 3523 regula:
1259 3460 1426 3510 Saneti
1457 3458 1726 3510 Benedicti
1750 3458 2042 3512 sententias

459 3536 512 3578 et
539 3526 650 3590 ipsa
678 3526 834 3577 verba
861 3541 1139 3590 usurpare.

532 3593 556 3630 ι’
585 3595 692 3657 AL,
724 3597 1068 3647 seniieiitivam.

537 3679 556 3700 ι·
612 3664 736 3716 llaec
778 3679 872 3732 pro
919 3666 1261 3733 tiregorianis
1311 3667 1539 3720 habebat
1591 3667 1748 3720 Joan.
1801 3668 2034 3733 Baptista

459 3733 798 3855 1b’lantuanus,
834 3749 953 3787 cum
981 3735 1031 3788 in
1071 3751 1314 3804 poemate
1345 3742 1411 3790 de
1442 3738 1855 3805 Quadi-agesima
1878 3755 2037 3791 cane-

496 3814 548 3855 ιιι
576 3821 587 3855 :

496 3814 587 3856 ut:

535 3873 656 3927 Non
680 3885 846 3928 tamen
874 3876 1106 3928 illicitum
1133 3892 1291 3942 pisces
1312 3877 1552 3928 adhibere
1581 3879 1820 3937 minutos;

533 3943 809 4016 Gregorius
834 3963 1044 4013 magnos
1069 3948 1316 4010 prohibet,
1347 3949 1436 3998 sed
1465 3948 1663 4016 longior
1687 3965 1806 3999 usus

533 4014 810 4086 (_)bslilil_et
839 4017 980 4083 ponti
1009 4017 1248 4082 pecuaria
1276 4033 1463 4086 magna
1491 4014 1578 4084 per
1601 4033 1774 4069 omnes

527 4082 884 4157 .fampolitgnt
917 4100 1180 4157 procerum
1218 4082 1438 4150 mensos,
1480 4082 1526 4139 et
1555 4087 1773 4155 prandia
1803 4101 1999 4157 regum.

529 4152 755 4226 Sordida
783 4151 1010 4222 Gregorii
1029 4157 1168 4226 leges
1190 4159 1415 4209 observat
1444 4151 1653 4226 egestas.

529 4227 554 4256 ιι
590 4223 660 4274 Ita
715 4226 985 4276 allirmant
1023 4225 1245 4279 Romani
1281 4223 1613 4281 correctores
1655 4226 1854 4280 decreti
1901 4225 2035 4278 Cra-

461 4291 611 4352 tiani,
647 4307 807 4359 penes
828 4310 960 4361 quos
1002 4296 1133 4349 fides
1162 4298 1258 4359 sit;
1295 4313 1390 4350 nos
1419 4307 1596 4349 autent
1631 4298 1788 4350 llllliis
1821 4296 1872 4348 in
1904 4297 2029 4351 Mss.

461 4361 573 4412 lncc
598 4364 894 4429 fragmenta
925 4365 1244 4420 invenimus.

528 4430 822 4499 Epistulam
849 4436 912 4487 ad
947 4435 1227 4490 Venerium
1254 4476 1271 4502 ,
1306 4437 1613 4506 episcopum
1642 4437 2028 4502 Caralitanum,

450 4568 2471 4591 W

2148 3388 2476 3460 oniul'eraiur
2507 3401 2537 3438 a
2568 3386 2843 3460 Gratiano,
2872 3386 2972 3438 sub
2991 3390 3219 3460 AllUlllllte
3261 3389 3499 3456 Gregorii
3542 3406 3642 3457 pap
3663 3413 3687 3442 I‘
3712 3435 3732 3460 ,

2147 3471 2304 3507 causa
2337 3455 2425 3520 55$,
2464 3457 2759 3524 quaistione
2788 3456 2871 3520 10,
2902 3472 2951 3509 c.
2983 3458 3031 3519 l,
3063 3469 3117 3509 et
3143 3458 3210 3510 ab
3243 3455 3495 3512 Aiiselmo
3527 3455 3737 3515 Lucen;

2147 3527 2212 3587 si,
2245 3525 2458 3578 laudato
2487 3527 2553 3578 ab
2575 3526 2940 3579 eruditissimo
2965 3527 3179 3580 llaluzio
3206 3529 3259 3580 in
3291 3529 3401 3581 suis
3431 3531 3496 3582 ad
3523 3530 3735 3585 Gratia-

2147 3611 2268 3647 num
2302 3607 2440 3647 notis
2466 3638 2479 3660 ,
2518 3612 2635 3664 pag.
2670 3596 2807 3660 55$,
2839 3612 2958 3648 eam
2992 3608 3167 3652 tamen
3204 3599 3344 3651 inter
3363 3614 3524 3665 opera
3557 3606 3730 3657 sancti

2146 3665 2392 3736 Doctoris
2433 3681 2713 3719 recensere
2749 3677 2891 3718 Vclal
2922 3668 3109 3734 ingens
3149 3667 3272 3736 styli
3310 3669 3728 3734 dissimilitudo;

2143 3750 2204 3808 ve
2231 3747 2283 3789 at
2309 3734 2564 3808 Venerius
2589 3735 2676 3788 ille
2699 3737 2762 3788 ad
2788 3753 2941 3805 qne.n
2967 3734 3215 3807 dirigitur
3241 3739 3491 3804 epistola,
3522 3751 3730 3808 utpote

2143 3804 2385 3875 Gregorii
2416 3808 2590 3871 magni
2626 3821 2742 3859 aevo
2782 3804 2997 3873 prorsus
3023 3804 3209 3876 incogn
3238 3818 3353 3872 tus;
3391 3820 3536 3862 vetat
3563 3804 3724 3864 deni-

2143 3893 2246 3940 que
2269 3876 2432 3927 altum
2461 3891 2521 3927 ac
2547 3886 2859 3943 perpetuum
2884 3879 2950 3929 de
2979 3892 3038 3930 ea
3071 3879 3363 3938 silentium,
3403 3889 3511 3930 tum
3545 3879 3595 3932 iii
3620 3897 3734 3932 oni-

2146 3945 2295 3998 nibus
2322 3947 2545 4014 llegistri
2570 3947 2850 3999 Codicbus
2875 3963 3033 4000 mauu
3055 3951 3285 4001 exaratis
3303 3964 3364 4002 ac
3391 3951 3548 4003 editis
3567 3989 3583 4013 ,
3614 3959 3725 4005 tum

2145 4016 2196 4066 in
2226 4017 2473 4090 nlllltlbtl§
2504 4018 2722 4090 omnino
2746 4019 3098 4090 scriptoribus
3125 4023 3588 4090 anieAnselnium
3622 4021 3728 4073 Lu-

2143 4101 2354 4158 censem
2398 4086 2763 4153 et'quemdam
2812 4089 3194 4156 i’olycarpum,
3241 4088 3310 4141 de
3348 4091 3540 4156 quibus
3579 4095 3726 4158 apud

2145 4157 2474 4209 Gratianum.

2219 4226 2301 4297 De
2322 4227 2544 4293 epistola
2574 4234 2747 4278 autem
2775 4227 2840 4279 ad
2871 4227 3099 4281 Felicem
3137 4227 3530 4282 Mesanensem
3559 4269 3576 4292 ,
3610 4245 3732 4297 qua:

2142 4306 2225 4348 est
2258 4296 2436 4348 uitiata
2473 4297 2777 4348 ititlictiottis
2810 4299 2862 4360 7,
2895 4298 3046 4351 a'iier
3069 4314 3374 4362 cvusemus,
3407 4313 3523 4350 eam
3561 4296 3734 4352 edidi-

2151 4379 2268 4418 mus
2294 4375 2349 4417 ut
2378 4369 2662 4430 genuinum
2695 4367 2810 4434 ejus
2843 4374 3025 4421 letum.
3067 4369 3193 4421 Vide
3226 4385 3404 4421 notam
3432 4385 3462 4420 a
3497 4385 3546 4421 tu
3583 4386 3732 4423 eam-

2142 4439 2263 4489 dem
2299 4439 2603 4502 epistolam.

624 4696 1424 4851 EPISTOLARUM
1487 4699 1902 4853 SANC’I‘I
1977 4702 2037 4852 (ἰ

2152 4701 2521 4854 ιιιθιιιι
2596 4601 3542 4860 ninam;

1083 5001 1926 5085 EPISTOLARUM
2002 5003 2338 5084 ORDO
2402 5005 3147 5088 RESTITUTUS

1588 5139 1999 5187 anouuias'ris
2039 5112 2577 5188 nauoxsi‘narun.

526 5315 619 5368 llic
656 5314 883 5382 primum
913 5329 1128 5389 agemus
1156 5314 1222 5366 de
1257 5314 1506 5389 Epistolis
1532 5314 1982 5389 nnicuiquelibro
2012 5315 2294 5378 restitutis,
2329 5325 2510 5389 puStea
2542 5317 2608 5389 de
2639 5318 2850 5382 ametis;
2884 5319 3077 5374 deinde
3110 5322 3152 5375 si
3178 5337 3298 5389 quie
3327 5321 3524 5375 fuerint
3554 5333 3740 5377 trans-

453 5389 636 5450 positie
668 5397 798 5438 intra
830 5387 1074 5439 eumdem
1120 5388 1331 5446 librum,
1359 5395 1414 5437 ut
1443 5388 1504 5437 ad
1533 5390 1800 5452 proprium
1834 5387 2004 5437 locum
2041 5399 2414 5437 revocarentur
2437 5426 2451 5444 ,
2484 5388 2856 5442 indicalmnus.
2912 5391 2967 5443 Si
3029 5407 3157 5444 vero
3187 5387 3204 5452 ,⁷
3233 5393 3356 5445 dum
3392 5394 3583 5448 breves
3611 5409 3740 5450 esse

457 5458 775 5578 putaramus,
805 5459 1062 5510 obscuros
1094 5456 1415 5525 quandoque
1462 5455 1573 5509 fieri
1625 5464 1917 5524 contingat,
1969 5455 2204 5524 legendie
2257 5468 2382 5508 sunt
2424 5454 2555 5522 ipsa:
2613 5459 2882 5527 Epistolie,
2931 5462 3130 5522 debito,
3167 5472 3221 5515 ut
3254 5475 3518 5531 putamus,
3551 5466 3737 5520 ordini

457 5537 504 5575 re
585 5537 685 5578 ita).

452 5537 685 5580 ιριιαειω.

2070 5621 2118 5678 1)
2149 5633 2262 5668 vam
2308 5619 2583 5683 epistolam
2618 5661 2630 5683 ,
2684 5638 2800 5690 quin
2827 5639 2967 5675 nunc.
3008 5632 3088 5676 Cal
3131 5625 3286 5690 liujus
3319 5626 3437 5678 libri
3488 5628 3734 5680 decima.

2141 5691 2271 5740 (lum
2304 5690 2500 5760 scripta
2525 5701 2605 5743 est
2638 5695 2750 5744 hinc
2782 5694 3007 5760 epistula
3035 5695 3245 5747 Vivebat
3279 5696 3489 5759 Petrus,
3525 5696 3737 5748 Terra-

2138 5759 2375 5829 einensis
2406 5759 2721 5825 cpiscopus,
2767 5759 2917 5829 cujus
2949 5763 3211 5817 meminit.
3245 5765 3374 5817 Eum
3413 5766 3728 5818 undi-clima

2136 5828 2444 5884 indictionis
2497 5831 2645 5884 initio
2691 5828 2954 5888 niurtuiim
3002 5835 3168 5888 luisse
3216 5836 3436 5902 probant
3471 5836 3731 5905 epistola:

813 5637 1009 5690 LIBER
1054 5640 1094 5715 1η.
1138 5639 1522 5691 INDICTIONE
1566 5640 1658 5692 lX.

590 5726 628 5779 l.
667 5726 832 5779 Nona:
855 5725 1120 5778 indictioni
1151 5739 1248 5780 (res
1279 5729 1519 5795 episwlas
1549 5733 1879 5783 restifmiiiiis.

528 5810 573 5864 l.
616 5815 684 5868 Ex
720 5817 852 5869 Eibro
886 5813 1102 5878 ultimo,
1132 5818 1416 5872 indictione
1448 5834 1543 5886 vn,
1572 5822 1830 5876 decimam
1865 5835 2020 5875 octa-
