3990 6314
225 301 356 358 1557

1076 293 1556 352 ΕριετοιΑιιυιι
1598 293 1660 349 5.
1703 289 2031 347 GREGORII
2075 292 2304 347 VARl/E
2343 292 2658 350 τΑιιιιωΕ.

3356 294 3488 346 1333

219 413 336 470 lam
367 424 496 464 vero
515 407 805 464 indictione
834 405 1003 476 prima
1027 406 1326 468 Anatolius,
1349 406 1626 476 diaconus,
1653 401 1800 476 Gon-
1829 399 1883 463 Δ
1906 412 2116 458 sextam
2162 414 2218 459 et
2266 406 2722 476 quadragesimam
2789 405 3070 474 septimam
3127 403 3248 459 libri
3298 404 3494 476 quinti.

219 482 564 550 staiitinopoli
623 475 912 533 Sabiniano
960 486 1326 550 successerat,
1379 476 1470 550 qui
1511 475 1803 550 indictione

219 557 426 607 decima
462 543 667 618 'quinta
735 550 956 602 Itomam
1015 563 1264 601 reversus
1315 543 1808 618 legiturAepistolis

220 625 349 678 olim
380 615 633 674 vicesima
661 624 839 680 tertia,
866 618 1117 672 vicesima
1141 629 1348 686 quarta,
1378 615 1628 670 vicesima
1657 615 1806 686 quin-

221 706 294 754 ta.
329 692 596 748 tricesima
632 693 821 756 prima,
847 703 987 740 nunc
1040 683 1290 740 vicesima
1339 697 1514 751 sexta,
1547 683 1806 756 vicesima

220 765 475 827 septima,
527 754 780 813 vicesima
836 769 1047 821 octava,
1100 759 1368 823 trigesima
1422 767 1632 824 quarta.
1665 754 1807 822 Ergo

219 834 549 887 Sabinianus
580 831 803 882 Romam
857 843 1104 882 reversus
1136 828 1318 880 indict.
1367 842 1454 887 xv,
1490 828 1656 878 tribus
1687 831 1809 890 post.

219 905 399 964 annis,
433 901 684 954 nimirum
717 899 903 952 indict.
950 915 1025 962 ιιι,
1064 900 1281 951 minime
1308 903 1520 965 poterat
1543 893 1808 947 ConSIan-

224 973 472 1041 tiuopuli,
499 971 801 1023 Domitiano
834 969 1077 1031 Gregorii
1109 967 1192 1021 vel
1245 967 1418 1041 potius
1451 967 1612 1041 totius
1644 965 1806 1018 Italiae

222 1035 439 1098 vulnera
461 1035 843 1108 molestiasque
866 1041 1096 1102 aperire.
1125 1038 1274 1107 Quod
1301 1051 1426 1090 vero
1453 1035 1804 1108 barbarorum

219 1115 410 1183 gladiis
438 1105 1016 1183 afﬂicuistlregorius,
1044 1105 1404 1183 Domitianum
1447 1115 1506 1183 ιιι
1533 1105 1635 1160 sibi
1659 1120 1806 1158 com-

221 1178 452 1253 paiiatur
481 1194 649 1248 rogat,
677 1181 726 1234 id
756 1181 1016 1253 decimam
1034 1180 1252 1253 tertiam
1278 1178 1620 1253 indictionem
1648 1190 1806 1242 aper-

221 1247 273 1308 ie
302 1254 494 1308 innuit.
515 1247 644 1305 Nam
669 1253 719 1304 in
743 1251 967 1316 epistola
997 1250 1119 1303 olim
1153 1249 1420 1316 trigesima
1447 1247 1634 1312 prima,
1664 1261 1804 1298 nunc

221 1322 634 1392 quadragesima
665 1323 729 1374 ad
765 1320 1074 1392 Mauricium
1125 1321 1502 1392 imperatorem
1534 1317 1652 1392 data
1686 1316 1802 1392 Kai.

217 1385 464 1454 Ianuari,
490 1391 781 1444 indictione
809 1405 924 1453 xui,
949 1390 1239 1459 Gregorius
1291 1390 1471 1456 plagas
1501 1388 1692 1457 quibus
1719 1385 1803 1459 al-

223 1466 508 1531 ﬂigebatur
535 1477 879 1526 enumerans,
904 1465 1014 1514 haec
1037 1457 1218 1514 scribit
1255 1479 1279 1531 εί
1304 1459 1378 1511 De
1415 1460 1645 1531 llonmna
1683 1457 1806 1510 civi-

218 1529 320 1588 tate
346 1535 530 1585 milites
558 1533 714 1584 ablati
746 1541 884 1591 sunt,
925 1542 972 1584 et
1003 1533 1206 1599 quidem
1228 1530 1320 1582 alii
1355 1531 1415 1580 ab
1463 1529 1802 1599 hostibusoco

217 1605 428 1658 (ἰδίη...
463 1601 589 1655 Post
617 1603 712 1655 hoc
753 1604 906 1671 plaga
942 1596 1142 1671 gravior
1173 1603 1272 1671 fuit
1311 1601 1557 1653 adventus
1598 1596 1800 1669 Agilul-

233 1676 331 1730 alii.
363 1686 467 1728 etc.

233 1693 270 1725 Η
319 1717 331 1730 .
456 1713 467 1724 .

215 1693 235 1742 ’
270 1693 344 1797 "2.
363 1693 448 1798 ii:
473 1743 660 1796 eadem
687 1743 907 1811 septima
932 1741 1220 1796 indictione
1241 1740 1636 1806 duodecimam,
1661 1752 1799 1792 nunc

218 1813 544 1884 trigesimam
578 1814 798 1880 primam
830 1813 1068 1882 ejusdem
1120 1813 1236 1884 libri
1277 1814 1467 1879 quinti.
1497 1812 1551 1884 lin
1581 1812 1800 1884 quibus-

219 1882 344 1938 daiu
394 1886 535 1939 enim
563 1884 942 1946 manuscriptis
972 1884 1160 1948 legitur
1201 1882 1320 1935 data
1363 1884 1448 1934 die
1489 1882 1799 1934 duodecima

218 1955 411 2018 Martii,
446 1955 738 2008 indictione
767 1955 976 2007 decima
1005 1952 1179 2007 tertia.
1238 1954 1396 2006 Certa
1457 1961 1539 2005 est
1586 1952 1800 2004 aliunde

218 2025 329 2079 lure
364 2029 617 2090 temporis
649 2037 801 2087 nota,
835 2035 943 2078 tum
997 2040 1060 2078 ex
1111 2024 1350 2092 epistolis
1380 2024 1444 2074 ad
1489 2021 1801 2076 Cbildeber-

217 2104 353 2158 tum,
385 2097 449 2148 ad
484 2095 902 2157 lliunicbildem,
930 2104 983 2146 et
1005 2094 1070 2147 ad
1103 2094 1276 2162 ip-um
1318 2093 1613 2147 Candidum
1643 2095 1799 2149 deci-

219 2181 322 2218 ma:
353 2175 559 2233 quarta:
591 2165 896 2218 iudictionis
929 2165 1080 2217 initio
1110 2167 1271 2231 datis,
1320 2175 1429 2217 tum
1459 2177 1522 2216 ex
1555 2163 1797 2232 ejusdem

218 2237 440 2288 decima!
481 2246 686 2301 quarta:
739 2235 1046 2288 indictionis
1090 2235 1313 2303 epistola
1365 2235 1797 2302 quinquagesima

219 2309 454 2358 secunda
487 2314 541 2358 et
565 2308 934 2374 sequentibus,
963 2305 1048 2357 tibi
1081 2303 1352 2358 Candidus
1381 2305 1449 2356 de
1487 2319 1612 2371 quo,
1637 2307 1800 2359 dissi-

217 2378 424 2445 mulato
454 2376 570 2444 ejus
604 2377 836 2440 nomine,
867 2378 918 2429 in
953 2376 1160 2428 laudata
1205 2377 1382 2444 agitur
1409 2377 1655 2441 epistola,
1683 2377 1795 2445 jam

217 2444 268 2498 in
299 2446 500 2502 Gallias
531 2447 744 2506 missus,
777 2448 1012 2515 regibus,
1040 2446 1325 2514 episcopis,
1354 2457 1406 2499 et
1436 2449 1635 2515 Arigio,
1671 2444 1802 2500 Mas-

217 2516 455 2570 siliensis
488 2517 774 2582 provincia:
816 2526 935 2586 post
983 2517 1302 2586 Dynamiuui
1349 2519 1619 2586 przel’ecto,
1653 2533 1799 2573 com~

216 2589 519 2640 tuendatur.

285 2657 338 2710 5.
382 2658 457 2711 Ex
489 2658 640 2712 tertia
669 2657 960 2712 indictione
980 2658 1296 2720 secundam,
1322 2674 1462 2712 nunc
1484 2658 1600 2711 libri
1632 2661 1798 2726 quinti

216 2727 566 2795 trigesimam,
597 2730 716 2795 quia
744 2728 796 2781 in
820 2729 1146 2783 Collectione
1176 2729 1318 2781 l’auli
1344 2729 1582 2794 Dldl‘Olli,
1609 2732 1800 2785 aliisve

217 2801 587 2866 inaniiscriptis
627 2801 748 2850 data
791 2800 982 2868 legitur
1028 2815 1212 2853 mense
1251 2800 1460 2866 Martio,
1511 2801 1802 2857 indictione

217 2867 414 2921 decima
445 2872 619 2924 tertia.

282 2941 337 2991 4.
382 2940 456 2992 Ex
508 2941 736 3002 septima
784 2940 1071 2994 indictione
1099 2939 1360 2992 decimam
1390 2941 1623 3001 tertiam,
1659 2958 1799 2995 nunc

216 3009 542 3077 trigesimum
566 3013 852 3062 secundani
874 3011 991 3062 libri
1015 3010 1202 3077 quinti.
1223 3009 1506 3075 Aliquanto
1528 3024 1657 3078 sane
1680 3021 1800 3078 post

216 3078 522 3132 Maximiani
569 3081 772 3130 obitum
822 3088 1062 3146 tempore
1110 3078 1288 3130 datam
1336 3095 1367 3145 p
1404 3078 1532 3130 tebit
1582 3077 1796 3146 legenti.

1910 476 2111 529 Eodem
2146 484 2385 540 tempore
2409 478 2620 544 scriptae
2649 489 2802 538 sunt;
2837 480 2904 529 ab
2927 478 3007 530 bis
3035 479 3174 528 enim
3208 475 3381 529 verbis
3413 477 3495 528 iii-

1907 546 2034 609 cipit
2085 548 2421 608 uonagesima
2471 549 2654 615 quinta
2699 565 2713 599 :
2760 547 3151 616 Responsalium
3198 556 3490 616 nostrorum

1907 615 2156 668 relatione
2177 614 2528 682 comperimus,
2553 619 2688 686 quod
2711 636 2804 687 pro
2824 614 2996 669 ainore
3015 618 3220 669 unitatis
3245 614 3488 670 Ecclesia:

1908 695 2080 738 tantus
2111 702 2196 738 vos
2226 689 2378 738 divini
2408 691 2503 742 zeli
2531 693 2688 741 ardor
2713 689 3014 740 accenderit.
3061 687 3115 739 lu
3148 690 3489 754 nonagesima

1906 767 2090 823 quarta
2125 772 2249 809 vero
2281 759 2473 826 legitur
2506 777 2518 811 :
2555 759 2785 819 Qualiter
2812 775 2898 812 vos
2928 768 3101 809 contra
3152 757 3490 811 Histricornin

1907 826 2149 889 scliisma,
2183 844 2274 893 pro
2307 831 2495 883 unitate
2529 830 2788 891 Ecclesire,
2837 829 3025 881 amoris
3055 829 3176 879 oliin
3207 829 3374 896 fervor
3407 845 3492 878 ur-

1908 899 2153 956 cenderit,
2180 906 2224 948 et
2253 900 2525 952 multarunt
2557 901 2930 960 testiﬁcatione,
2955 910 3000 951 et
3025 909 3310 951 nostrorum
3338 900 3489 948 modo

1907 967 2054 1036 plene
2084 968 2330 1040 relatione
2357 973 2701 1040 cognovimus.
2737 971 2793 1023 In
2837 971 2935 1022 bac
2975 969 3488 1040 oliuinonagesima

1907 1047 2092 1104 quarta
2117 1039 2390 1091 Castorius
2415 1043 2463 1091 iu
2493 1041 2740 1094 Histriam
2771 1041 2962 1094 missus
2991 1039 3185 1092 Basilio
3215 1053 3493 1090 commen-

1907 1109 2082 1161 datur.
2135 1108 2209 1161 De
2235 1107 2458 1163 Castorii
2492 1113 2684 1176 reditu,
2715 1121 2768 1164 et
2795 1112 2859 1162 ad
2890 1124 3071 1176 pacem
3096 1108 3205 1176 jam
3240 1108 3494 1160 inclinato

1910 1178 2051 1230 Petri
2081 1189 2134 1231 et
2167 1178 2488 1233 Providentii
2543 1182 2755 1235 llistrire
2795 1180 3165 1245 episcoporum
3209 1180 3387 1232 animo
3442 1180 3492 1229 in

1907 1248 2129 1301 decimae
2147 1249 2316 1302 lci-tite
2339 1250 2643 1305 iudictiouis
2667 1251 2911 1318 epistola,
2938 1251 3064 1303 olim
3088 1249 3491 1317 quadragesima

1909 1334 2070 1380 iiuna,
2099 1333 2237 1372 nunc
2258 1320 2691 1388 quinquagesima
2712 1324 2880 1388 prima
2902 1321 3024 1372 data
3049 1334 3230 1372 mense
3253 1323 3494 1385 Augusto

1910 1389 2237 1462 loquitur
2289 1389 2596 1458 Gregorius.
2645 1392 2784 1462 Ergo
2823 1391 3143 1444 antecedere
3193 1389 3494 1462 debuerunt

1907 1462 2135 1522 gemina:
2167 1459 2270 1512 illze
2297 1462 2542 1527 epistola:
2571 1480 2633 1516 ex
2669 1459 2853 1514 indict.
2901 1476 2935 1513 ll
2979 1471 3260 1513 revocate.
3309 1459 3494 1525 Neque

1905 1529 2204 1582 Castorium
2229 1531 2461 1584 secunda
2484 1533 2771 1588 indictione
2799 1535 2986 1585 iterum
3011 1531 3059 1581 in
3090 1531 3337 1584 llistriam
3363 1543 3489 1594 per-

1905 1603 2110 1652 rexisse
2147 1605 2387 1668 cogites:
2421 1619 2540 1656 nam
2577 1605 2840 1655 Ravennae
2873 1604 2922 1654 in
2950 1601 3163 1654 Maximi
3191 1599 3490 1655 Salonitaiii

1907 1671 2119 1737 negotio
2151 1681 2275 1724 tunc
2308 1676 2480 1739 ipsum
2513 1683 2829 1740 occupatum
2854 1671 3143 1726 osueuduut
3189 1670 3493 1724 indictiouis

1906 1740 2146 1807 eju~dem
2193 1744 2462 1806 secundze,
2510 1745 2750 1812 episiolie
2790 1744 2915 1796 olim
2951 1741 3276 1810 sexagesima
3327 1757 3489 1803 nona,

1905 1812 2255 1880 octogesima,
2285 1815 2606 1880 octogesima
2643 1815 2842 1882 prima;
2878 1830 3014 1866 nunc
3045 1812 3375 1873 sexagesima
3407 1827 3495 1864 sc-

1907 1883 2094 1954 ptima,
2123 1884 2452 1952 sexagesima
2485 1900 2644 1949 noua,
2670 1884 3020 1954 octogesima;
3054 1883 3226 1936 donec
3247 1892 3490 1954 sanctum

1906 1953 2219 2018 Gregorium
2237 1950 2383 2014 adiit,
2407 1970 2468 2006 ac
2484 1955 2551 2007 de
2573 1957 2780 2008 Maximi
2799 1950 3113 2021 plenissima
3134 1950 3494 2005 satisfactione

1906 2031 2133 2076 testatus
2156 2033 2256 2076 est.
2295 2024 2427 2078 Vide
2459 2027 2758 2079 iudictionis
2779 2024 3028 2079 secundm
3056 2025 3336 2092 epistolam
3362 2024 3489 2076 oliui

1905 2095 2252 2146 centesimam
2309 2096 2655 2161 trigesimum,
2725 2111 2865 2148 nunc
2906 2096 3251 2147 centesimam
3287 2093 3496 2158 vigesi-

1904 2179 2045 2216 mam
2068 2167 2304 2231 quintam
2340 2166 2406 2218 ad
2431 2166 2740 2230 Maximum,
2769 2167 2933 2232 episc.
2958 2166 3183 2219 Salonil-

1975 2234 2031 2287 8.
2073 2236 2150 2286 Ex
2177 2236 2366 2288 eadem
2400 2237 2685 2290 indictione
2707 2237 2936 2290 secunda
2962 2234 3340 2289 removendam
3381 2235 3493 2300 epi-

1904 2304 2095 2357 stolam
2123 2305 2468 2358 centesimam
2487 2307 2798 2374 vigesimam
2825 2309 3136 2370 secundam,
3163 2305 3288 2358 olim
3310 2317 3491 2358 cente-

1904 2375 2093 2426 simam
2133 2375 2444 2442 vigesiinam
2494 2377 2774 2444 septimam
2827 2378 2891 2428 ad
2937 2377 3324 2437 Rectiareduui,
3363 2376 3491 2443 jun-

1904 2445 2236 2511 geiidamque
2285 2444 2531 2509 epistola:
2584 2447 3006 2514 quadragesima:
3063 2460 3218 2499 nona:
3271 2444 3492 2509 hujusce

1908 2515 2026 2584 libri
2058 2516 2248 2584 quinti,
2279 2515 2404 2568 olim
2435 2517 2854 2584 quadragesimae
2886 2527 3050 2569 sexta:
3081 2518 3142 2567 ad
3170 2515 3489 2577 Leandrum,

1907 2583 2273 2650 llispaleusem
2301 2583 2630 2654 episcopum,
2655 2595 2842 2640 eciisel
2871 2588 3121 2641 Nicotaus
3152 2587 3411 2639 Antonius
3439 2587 3488 2639 in

1908 2654 2234 2709 Bibliotheca
2282 2656 2583 2722 llisiianira.
2641 2657 2846 2722 Nempe
2900 2659 3030 2710 duas
3071 2659 3186 2711 illas
3238 2658 3494 2721 epi~tolas

1905 2725 2094 2779 eodem
2135 2736 2378 2794 tempore
2407 2729 2633 2792 scriptas
2663 2743 2782 2780 esse
2810 2739 2958 2792 putat
3003 2733 3080 2780 vir
3129 2727 3489 2786 doctissimus,

1903 2810 1969 2849 eo
1999 2797 2139 2863 quod
2170 2798 2220 2850 in
2254 2808 2478 2866 utraque
2518 2797 2576 2851 S.
2621 2797 2909 2865 Gregorius
2937 2797 3237 2851 meminerit
3276 2797 3492 2850 Ρνυιιίιιί

1907 2868 2226 2935 presbyteri.
2281 2867 2472 2920 Verum
2525 2867 2653 2918 falsa
2708 2869 2861 2920 nobis
2897 2869 3106 2919 videtur
3158 2866 3319 2935 (quod
3365 2884 3492 2932 pace

1907 2936 2038 2988 tanti
2069 2938 2168 2989 viri
2200 2935 2449 3001 dixerim)
2481 2937 2783 3000 conjectura
2819 2937 2951 2989 lucc.
2987 2937 3116 2989 Nam
3165 2942 3214 2987 in
3266 2937 3490 3000 cpistola

1903 3008 1968 3059 ad
1995 3006 2292 3058 Leandrum
2325 3007 2524 3059 mentio
2554 3008 2608 3058 lit
2658 3005 2872 3060 Probiiii
2901 3009 3044 3058 missi
3087 3009 3135 3057 iii
3165 3005 3492 3073 Hispaniain.

1903 3089 2073 3142 eoque
2099 3075 2365 3142 pergentis
2391 3091 2405 3128 :
2435 3076 2488 3127 in
2517 3078 2679 3128 altera
2710 3091 2836 3128 vero
2869 3077 3082 3128 Probini
3103 3077 3210 3141 jani
3238 3077 3447 3129 reducis
3474 3093 3490 3132 ς

214 3151 355 3202 Obiit
378 3159 555 3202 antvni
579 3135 1098 3202 Maximiauus'auuo
1120 3149 1245 3209 ῑιιιι,
1271 3135 1380 3201 init.
1405 3163 1518 3201 xiii.
1544 3135 1799 3204 Duronius
1828 3135 1876 3200 C
1913 3135 2390 3213 Prieter'eafiuquit
2419 3153 2636 3198 sanctus
2660 3145 2970 3212 Gregorius,
2999 3135 3171 3198 indi-co
3200 3147 3317 3201 auia
3345 3150 3494 3201 crevit

215 3219 264 3272 in
298 3221 440 3272 noiis
469 3223 532 3288 ad
559 3217 990 3288 Martyrologium
1019 3217 1340 3288 Romanum,
1366 3216 1523 3270 Wioii
1557 3219 1802 3288 inliguo

214 3289 352 3352 νίιιιι,
399 3287 732 3341 Mabillouius
768 3288 832 3339 ad
868 3287 959 3340 lib.
993 3303 1006 3338 ι
1041 3287 1197 3341 Joan.
1244 3289 1456 3341 DiaConi
1492 3288 1558 3341 de
1593 3287 1714 3341 vna
1739 3289 1797 3344 S.

214 3357 479 3427 Gregorii,
513 3357 539 3427 ᾗ
578 3357 668 3420 55,
705 3365 768 3429 et
811 3360 859 3410 in
903 3359 1050 3429 Actis
1094 3357 1410 3411 Sanctorum
1439 3367 1570 3412 tom.
1607 3358 1620 3411 Ι
1653 3361 1800 3429 (pag.

215 3429 364 3495 408),
399 3429 649 3482 Octavius
677 3428 964 3494 Gajelanus
993 3428 1358 3498 Syracusanus
1404 3430 1541 3494 apud
1595 3428 1802 3484 Bollan-

215 3501 424 3563 ilianos,
454 3499 830 3554 Maximiaoum
854 3499 939 3551 die
964 3514 1099 3552 nona
1126 3498 1264 3550 Junii
1289 3499 1624 3552 demortuum
1657 3518 1801 3557 asse-

215 3580 372 3630 runt;
424 3571 558 3636 quod
605 3571 774 3636 ipsum
812 3580 1046 3622 sanctum
1072 3586 1130 3621 eo
1169 3572 1250 3620 aie
1275 3572 1441 3621 colant
1485 3569 1803 3638 Syracusani

215 3657 320 3704 ejus
351 3641 577 3709 reliquiis
610 3641 934 3711 gaudentes._
958 3644 1026 3693 At
1071 3640 1283 3692 illorum
1311 3643 1604 3711 sementim
1647 3658 1803 3711 repu-

215 3725 376 3770 gnare
409 3709 857 3763 videtursaiictus
897 3709 1185 3777 Gregoriis
1235 3710 1536 3763 indictionis
1577 3709 1801 3768 decimae

215 3780 386 3833 terti:e
421 3781 643 3848 epistola
681 3781 807 3832 olim
848 3780 1054 3834 decima
1096 3796 1255 3845 noua,
1296 3795 1437 3834 nunc
1473 3780 1681 3836 decima
1718 3798 1801 3836 sc-

215 3850 382 3920 piima
435 3851 504 3904 ad
553 3850 878 3920 Cyprianum
916 3851 1221 3914 diaconum,
1277 3867 1395 3918 qua:
1444 3851 1523 3907 sic
1564 3853 1798 3918 incipit:

213 3919 573 3973 Amarissimas
603 3919 713 3974 tua:
750 3921 1034 3990 dilectionis
1063 3924 1306 3990 episto'as
1335 3922 1399 3973 de
1421 3923 1596 3974 domui
1629 3921 1804 3977 Maxi-

213 3991 368 4062 miani
395 3990 534 4043 obitu
556 4007 726 4044 mense
757 3989 1034 4062 Norembri
1054 3989 1273 4062 suscepi.
1298 3991 1428 4058 Quis
1453 3995 1594 4047 enim
1617 3995 1800 4049 credat

213 4060 533 4134 lljprianuin
563 4062 630 4114 de
654 4059 954 4134 Maximiani
978 4063 1083 4134 sub
1116 4059 1351 4134 Iloluana
1375 4065 1657 4130 metropoli
1689 4065 1804 4134 epi-

212 4129 360 4198 scopi
391 4141 446 4184 et
466 4130 728 4199 Gregorio
757 4131 1066 4185 amicissimi
1094 4133 1264 4196 obitu,
1315 4148 1420 4187 non
1442 4129 1565 4188 ante
1593 4129 1803 4198 etaons

211 4201 444 4269 quinque
474 4217 684 4256 menses
708 4203 878 4271 ipsum
906 4202 962 4255 S.
992 4201 1304 4270 Gregorium
1334 4206 1641 4258 monuisse?
1667 4203 1799 4258 For-

212 4271 368 4324 tassis
396 4273 565 4326 sancti
590 4273 895 4326 Maximiani
924 4273 1267 4342 reliquiarum
1292 4275 1693 4329 translationem
1716 4276 1801 4330 diu

213 4343 280 4396 it)
309 4342 450 4394 Junii
477 4347 664 4396 laetam
694 4344 966 4396 celebrant
991 4345 1330 4412 Syracusani.

282 4412 332 4463 5.
380 4413 457 4465 Ex
489 4413 720 4467 secunda
755 4413 1043 4466 indictione
1071 4416 1331 4466 decimam
1357 4416 1623 4482 quintam,
1657 4432 1799 4472 nunc

1906 3217 1970 3265 de
1995 3225 2158 3267 vestro
2185 3231 2336 3280 opere
2377 3217 2430 3267 in
2460 3216 2700 3267 laudibus
2739 3214 2836 3268 Dei
2867 3217 2960 3267 hoc
3003 3216 3137 3282 quod
3165 3214 3494 3271 dilectissimo

1905 3284 2016 3350 ﬁlio
2062 3301 2170 3337 ineo
2202 3284 2447 3354 ,Probino
2495 3288 2790 3354 presbytero
2835 3302 3078 3339 narrante
3114 3289 3347 3354 cognovi.
3387 3290 3491 3353 Qui

1905 3354 2155 3409 narrabat
2183 3353 2463 3423 Gregorio,
2496 3353 2689 3410 Romae
2732 3371 2862 3410 sane
2899 3368 2990 3410 aut
3035 3361 3086 3408 in
3128 3353 3316 3410 vicinia
3365 3367 3492 3410 tunc

1903 3427 2112 3491 aderat,
2144 3442 2246 3479 non
2276 3429 2329 3479 in
2361 3425 2610 3494 Hispania
2640 3431 3091 3495 peregrinabatur.

1981 3496 2332 3550 Verisimilior
2353 3506 2436 3551 est
2458 3495 2556 3548 alia
2579 3496 2818 3565 ejusdem
2841 3496 3190 3551 eruditissimi
3214 3496 3493 3565 scriptoris

1903 3567 2255 3636 conjectura,
2313 3567 2598 3635 epistolam
2651 3568 3114 3635 quadragesmam
3170 3577 3375 3621 sextam
3424 3575 3492 3623 ad

1903 3639 2228 3700 Leandrum,
2263 3653 2402 3690 nunc
2428 3637 2890 3706 quadragesimam
2945 3653 3140 3691 nonam
3187 3639 3493 3692 indictiouis

1903 3712 2128 3764 deciinie
2180 3709 2350 3762 tertiae
2401 3710 2560 3761 citius
2607 3711 2859 3773 scriptun
2919 3707 3100 3762 fuisse.
3155 3709 3211 3763 In
3252 3726 3312 3761 ea
3348 3710 3492 3764 enim

1906 3780 2152 3835 Leandro
2182 3779 2448 3846 sigmlicat
2486 3777 2652 3832 libros
2681 3777 2958 3831 Moralium
2993 3793 3051 3832 se
3093 3781 3158 3832 ad
3191 3781 3310 3846 ipsu
3336 3801 3363 3827 ιι
3399 3797 3492 3848 per

1907 3851 2193 3906 Probinuiu
2249 3849 2632 3903 transmittere.
2681 3850 2751 3902 At
2788 3848 2874 3902 vix
2919 3852 3062 3905 credi
3115 3861 3288 3917 potest
3325 3850 3493 3904 libros

1906 3923 2027 3978 illos
2057 3923 2146 3990 qui
2171 3921 2281 3989 jam
2324 3919 2615 3974 indictione
2646 3934 2784 3973 nona
2817 3923 3048 3974 absoluti
3089 3931 3266 3983 erant,
3321 3933 3374 3972 ιιι
3427 3938 3490 3975 ex

1904 3993 2129 4061 epistola
2158 3991 2567 4060 quadragesima
2594 4003 2659 4044 te:
2677 3991 2748 4044 tia
2777 3990 2936 4059 hujus
2965 3992 3089 4045 iudn
3111 3993 3270 4046 ti0nis
3302 3991 3488 4060 liquet,

1903 4078 2142 4132 quosque
2174 4065 2284 4131 jam
2329 4061 2574 4116 Leandro
2601 4062 2904 4114 destinabat
2935 4075 3150 4115 Sanctus
3179 4061 3491 4130 Gregorius,

1906 4135 2202 4188 indictione
2233 4144 2435 4186 tantum
2467 4134 2674 4186 decima
2716 4133 2866 4185 tertia
2919 4134 3078 4186 luisse
3117 4149 3330 4185 missos.
3369 4133 3493 4185 llaac

1906 4215 2084 4257 tamen
2117 4204 2253 4255 ratio
2283 4217 2386 4255 non
2417 4202 2619 4256 sullieit
2659 4203 2724 4254 ad
2775 4201 2912 4254 lianc
2953 4205 3258 4266 epistulam,
3289 4217 3408 4268 qua:
3443 4218 3492 4256 ιιι

1905 4275 2153 4328 omnibus
2171 4273 2543 4340 manuscriptis
2568 4272 2794 4339 Registri
2826 4286 2918 4336 per
2943 4272 3258 4323 indictioues
3279 4275 3492 4338 digesti,

1905 4341 2176 4399 iudieiioui
2207 4341 2428 4394 decima:
2455 4343 2624 4394 tertia:
2666 4341 2932 4397 tribuitur.
2973 4341 3089 4392 loco
3131 4357 3228 4391 suo
3279 4355 3492 4392 moveu-

1907 4424 2050 4467 itain.
2104 4410 2397 4464 Potuerunt
2442 4413 2584 4463 enim
2631 4410 2820 4462 adesse
2880 4426 3055 4462 causa:
3103 4411 3295 4477 aliqua:
3343 4411 3492 4464 nobis

212 4483 329 4562 libri
351 4484 521 4562 quiuii
556 4484 877 4562 irit-esiniani
905 4485 1207 4562 septimam.
1257 4484 1311 4536 Si
1343 4478 1554 4562 quidem
1579 4487 1638 4562 in
1671 4489 1793 4540 Gol-
1831 4505 1878 4562 ι)
1905 4499 2046 4541 nunc
2074 4482 2358 4549 incognitae
2390 4480 2593 4532 tardius
2625 4478 2872 4532 mittendi
2899 4481 3065 4533 libros
3093 4481 3230 4532 illos.

211 4551 438 4605 lectione
478 4551 628 4605 Pauli
667 4553 902 4615 Diacoui,
940 4553 1124 4604 aliisve
1155 4551 1528 4613 manusfriptis
1560 4557 1680 4606 data
1713 4565 1796 4609 est

213 4635 400 4673 mense
427 4621 604 4682 .quio,
638 4622 816 4674 indict.
847 4637 960 4685 xiii,
997 4636 1166 4683 neque
1189 4623 1492 4675 verosimile
1519 4634 1600 4675 est
1626 4625 1800 4678 Theo—

211 4691 419 4742 dosium
447 4691 556 4759 jam
582 4693 854 4744 undecima
889 4691 1177 4744 indictione
1205 4694 1372 4745 sancti
1401 4693 1603 4745 Martini
1627 4694 1794 4746 abba-

213 4769 319 4812 tem
355 4762 498 4828 (v.de
521 4761 676 4829 hujus
702 4762 812 4816 ind.
847 4776 935 4828 ep.
957 4761 1050 4828 9.3)
1081 4763 1143 4811 ad
1172 4776 1267 4815 sex
1288 4777 1455 4814 annos
1485 4765 1794 4818 monasterii

210 4845 241 4882 a
268 4829 550 4885 decessore
572 4847 670 4884 suo
692 4831 980 4884 constructi
1009 4831 1394 4885 dedicationem
1424 4832 1717 4886 distulisse.

283 4904 336 4951 t5.
381 4901 456 4954 Ex
488 4902 719 4955 secunda
751 4903 1038 4955 indictione
1068 4911 1336 4966 quartam,
1387 4918 1526 4956 nunc
1566 4907 1792 4969 quadra-

209 4970 466 5038 gesimam
499 4985 736 5041 quintani
772 4972 993 5040 hujusce
1033 4970 1151 5024 libri
1185 4973 1377 5039 quinti.
1410 4975 1489 5026 Ad
1532 4975 1789 5029 Severum

209 5045 428 5094 exat-chi
472 5042 737 5096 Itavennai
779 5041 1155 5096 scbolasticum
1201 5043 1396 5107 scripta
1442 5053 1522 5097 est
1565 5045 1788 5099 dcc-imre

212 5112 384 5167 tertia:
415 5114 717 5167 iudieiiouis
745 5113 966 5180 epistola
1005 5115 1130 5166 olim
1163 5114 1416 5182 vigesima
1459 5129 1616 5177 noua,
1647 5130 1787 5169 nunc

210 5185 490 5252 trigesima
515 5193 683 5236 sexta.
708 5183 950 5236 Nondum
976 5184 1118 5236 liuita
1143 5183 1428 5237 indictione
1450 5185 1654 5238 decana
1682 5194 1788 5238 ter-

209 5254 281 5307 tia
305 5255 506 5308 Severo
533 5255 790 5307 successit
818 5253 1075 5315 Andreas,
1102 5253 1166 5304 ad
1190 5269 1346 5322 quem
1368 5257 1587 5307 decima:
1614 5257 1786 5311 tertia

209 5324 517 5376 indictiouis
543 5324 786 5389 epistola,
820 5323 944 5376 oliui
974 5323 1376 5392 quadragesima
1408 5328 1609 5393 quinta,
1643 5341 1783 5382 nunc

207 5393 613 5461 quadragesima
644 5403 852 5458 octava,
884 5393 951 5446 de
982 5393 1254 5448 Mariuiaiii
1297 5395 1533 5462 episuipi
1571 5396 1785 5448 ordina-

209 5464 376 5532 tione.
409 5466 554 5532 “alio
581 5477 711 5517 vero
740 5479 841 5530 qua
879 5465 1154 5517 Castorius
1184 5464 1293 5532 jam
1345 5464 1618 5519 Ulldet'illlﬂ
1650 5465 1783 5519 indi.

208 5531 390 5602 ctione
421 5531 686 5586 Ravenna:
717 5533 918 5602 degens
955 5531 1377 5597 commendatur,
1420 5535 1473 5586 in
1518 5536 1632 5602 ipso
1673 5537 1780 5588 Αιις

208 5600 353 5656 dress
379 5603 609 5657 adventu
635 5600 1198 5672 scripfamcensemus.

283 5672 335 5725 7.
379 5673 456 5726 Ex
487 5675 722 5728 secunda
772 5676 1059 5729 indictione
1099 5675 1497 5742 nonagesimain
1542 5685 1784 5743 quartam

207 5751 266 5796 et
319 5743 718 5814 nonagesimum
775 5749 1057 5814 quintam,
1133 5763 1272 5800 nunc
1329 5747 1786 5816 quadragesimum

1899 4599 1962 4653 ll.
2007 4599 2048 4650 Α
2096 4595 2294 4649 decima
2333 4591 2486 4645 tertia
2524 4591 2797 4645 indiclime
2837 4593 3075 4660 epistolas
3105 4603 3294 4661 septeni
3340 4608 3489 4646 amo.

2605 4679 2790 4716 ventus.

1973 4788 2023 4842 l.
2064 4781 2176 4840 Sub
2230 4779 2522 4835 indictione
2566 4777 2772 4832 decima
2828 4777 3151 4844 septimam,
3204 4785 3486 4842 octavam,

1897 4852 2360 4926 quadragesimum
2419 4853 2642 4926 primatu
2678 4889 2693 4914 ,
2748 4851 3210 4926 quadragesimum
3265 4848 3485 4926 iertiaui

1897 4919 2228 4995 reponimus.
2271 4924 2382 4976 Sub
2421 4922 2707 4995 indictione
2745 4922 3082 4995 duodecima,
3141 4919 3488 4995 quadragesi-

1896 4989 2071 5059 niani;
2105 4997 2294 5063 quibus
2323 5001 2498 5046 autem
2524 4990 2587 5063 ad
2620 4989 2669 5063 id
2697 4989 2994 5063 rationibus
3025 4992 3192 5041 coacti
3229 4991 3489 5041 iUl‘l'lllIlH

1892 5068 1997 5135 jam
2030 5061 2231 5120 dictum
2273 5077 2374 5116 est.
2405 5063 2514 5115 Sub
2543 5061 2829 5135 indictione
2860 5061 3062 5135 decima
3090 5074 3280 5135 quarta
3327 5074 3489 5127 quin-

1891 5129 2256 5206 ijuagesiinaiu
2300 5144 2512 5206 sextam
2538 5129 3108 5206 ει,(ιιιιξιιιιιιίιεθεὶιιιιιιιι
3149 5132 3370 5194 septima
3387 5146 3439 5206 in
3475 5146 3490 5193 ;

1891 5201 2125 5262 r'atioiies
2164 5221 2293 5259 vero
2332 5203 2639 5257 mutationis
2681 5201 2834 5253 facta:
2886 5202 3184 5269 aperictlius
3233 5216 3354 5252 cum
3411 5205 3484 5252 de

1890 5279 2233 5345 epistularum
2263 5276 2568 5345 iudieiionis
2605 5287 2691 5324 ιιν
2732 5271 2916 5324 ordine
2941 5271 3309 5345 disserendum
3346 5273 3478 5345 erit.

1960 5352 2013 5402 ‘2.
2057 5349 2319 5403 Praeterea
2350 5344 2505 5398 Gesta
2541 5342 2796 5394 Romana:
2840 5342 3049 5411 S)ltU(li,
3082 5357 3201 5408 qua:
3229 5341 3330 5392 sub
3361 5341 3478 5406 epi-

1889 5422 2044 5475 διυιω
2065 5420 2283 5474 nomine
2312 5413 2723 5483 quadragesimo
2746 5424 2934 5481 quarto
2964 5413 3077 5464 loco
3099 5421 3252 5464 erant
3275 5414 3470 5479 posita,

1890 5493 1955 5545 ad
1985 5493 2184 5544 calcem
2207 5488 2485 5542 mittimus.

1895 5583 1980 5637 ill.
2013 5581 2078 5634 In
2105 5583 2303 5634 decima
2328 5580 2478 5633 tertia
2505 5577 2778 5630 indictione
2809 5575 3054 5644 epistolas
3082 5575 3321 5629 undecim
3353 5591 3476 5642 pro-

2357 5650 2480 5718 priis
2507 5651 2629 5702 locis
2655 5647 2990 5702 restituimur.

1970 5744 2018 5796 t.
2063 5743 2204 5799 idem
2231 5740 2298 5796 dc
2317 5738 2604 5795 Saturnino
2632 5740 3036 5809 expresbytero,
3059 5737 3126 5794 de
3153 5737 3349 5793 Jobino
3370 5735 3483 5789 dia-
