3990 6342
265 424 293 437 υ

231 423 360 480 {alii

1069 417 1550 474 EPlSTOlARUM
1593 417 1649 470 S.
1690 415 2015 470 GREGORH
2061 417 2293 471 V.\RI.E
2336 417 2650 474 TABULJ'I.

3364 423 3493 480 I382

223 539 409 595 Sicilia
459 535 688 593 reditum
739 533 860 589 data
919 543 999 587 est
1024 552 1038 588 :
1067 534 1226 602 igitur
1271 532 1561 586 indictione
1614 529 1800 599 prima.
1835 534 1880 590 Α
1911 532 2115 602 omnino
2142 530 2394 599 placatur.
2423 531 2548 588 Huic
2574 548 2718 597 vero,
2748 534 2814 588 de
2842 550 2940 602 qua
2968 550 3086 589 mox
3111 533 3482 598 disseruimus,

226 611 467 664 Reverso
493 607 636 661 enim
685 604 905 657 Romam
937 603 1222 672 Cypriane,
1258 605 1451 655 missus
1485 611 1567 655 est
1595 603 1692 672 Sidi
1722 614 1808 651 se-

225 680 417 733 cundae
447 675 750 732 indictionis
777 671 1098 740 iuitinm,’ad
1130 673 1519 741 Syracusanum
1555 671 1807 741 patrimo-

229 754 374 804 nium
409 745 718 815 regendum,
755 740 1315 815 Ilomanusdeleiisor.
1343 742 1474 795 Vide
1499 740 1806 793 indictionis

225 811 492 873 secunda;
521 815 801 884 cpismlam
851 813 975 866 olim
1022 811 1281 864 decimam
1331 815 1636 876 septimani,
1671 825 1809 862 nunc

223 890 489 942 decimam
521 897 760 939 octavam
788 892 841 935 et
871 892 1156 948 sequentes
1185 889 1428 948 quatuor.

299 960 354 1012 2.
399 959 477 1011 Ex
508 966 691 1020 quarta
719 954 1006 1007 indictione
1047 951 1307 1004 decimam
1358 952 1616 1017 quintam.
1667 965 1808 1003 nunc

229 1028 557 1096 trigesimam
598 1023 887 1096 secundam
936 1021 1194 1096 ejusdem
1220 1021 1551 1096 librihoctavi
1582 1022 1811 1096 Syracu-
1893 1046 1899 1052 -

227 1088 417 1151 sarium
450 1094 826 1165 patrimonium
872 1106 1060 1165 regere
1086 1091 1316 1165 desierat
1340 1088 1640 1165 Cyprianus
1669 1089 1807 1142 circa

227 1171 417 1236 prima;
448 1160 753 1236 indictionis
799 1160 1053 1236 medium,
1087 1169 1142 1236 u_t
1183 1160 1291 1228 jam
1322 1161 1659 1236 observatum
1693 1171 1805 1236 est.

229 1228 595 1292 Alexandrum
629 1234 768 1287 hunc
792 1228 1064 1300 querelam
1093 1228 1171 1300 de
1198 1232 1442 1283 mercede
1480 1245 1507 1281 a
1546 1231 1812 1299 Cypriane

228 1324 335 1361 non
368 1307 567 1360 reddita
607 1304 672 1357 ad
701 1299 944 1372 quartam
993 1299 1336 1354 indictionem
1383 1300 1681 1372 distulisse,
1705 1314 1809 1372 non

231 1389 498 1445 putamus.
552 1369 970 1439 llauc'proinde
1016 1372 1299 1441 epistolam
1353 1372 1454 1424 sub
1501 1369 1808 1424 indictionis

229 1464 280 1517 pi
299 1449 419 1502 ima:
448 1449 606 1499 linem
639 1445 907 1512 ponimus.
1387 1481 1391 1484 .

312 1559 374 1612 ιι.
415 1557 459 1611 Α
490 1556 657 1622 prima
685 1553 963 1608 indictione
988 1551 1230 1620 epistolas
1257 1552 1388 1606 duas
1412 1568 1719 1605 emovemus.

303 1665 534 1719 Primam
567 1676 722 1731 quam
761 1660 1034 1731 iiidictioni
1079 1659 1432 1722 duodecimae,
1464 1671 1513 1714 cl
1545 1661 1806 1728 quintam,

229 1751 389 1804 quam
421 1730 668 1787 secunda:
714 1730 988 1804 indictioni
1036 1731 1327 1804 reddimus.
1376 1734 1606 1804 Causam
1649 1731 1810 1804 ratio-

231 1800 461 1873 nemque
491 1801 1030 1874 priorishainorendm
1076 1800 1420 1874 protulimus,
1461 1802 1526 1852 de
1569 1803 1806 1874 ornanda

231 1871 522 1952 iudiciioue
573 1889 640 1925 xii
671 1872 985 1952 disserendo
1004 1887 1034 1952 ἐ.
1061 1872 1372 1936 posterioris
1420 1884 1550 1924 vero
1592 1871 1810 1925 exbibc-
1847 1895 1886 1952 Β

231 1947 434 2008 bimus,
461 1945 585 1998 dum
617 1953 804 2010 agetur
832 1942 900 1995 de
930 1941 1115 1994 indict.
1149 1956 1207 1995 ii.

231 2036 324 2093 Ill.
361 2036 478 2090 [lac
523 2038 574 2090 in
629 2033 904 2092 indictione
956 2034 1084 2085 duas
1114 2041 1307 2085 tantum
1352 2033 1592 2104 epistolas
1638 2034 1808 2087 debito

760 2104 928 2156 ordini
956 2103 1283 2158 restituimus.

304 2196 356 2250 1.
399 2196 453 2249 1η
476 2196 643 2262 prima
673 2193 962 2249 indictione
1004 2196 1336 2248 undecimam
1365 2194 1489 2249 olim
1527 2195 1807 2263 epistolam

228 2267 297 2319 ad
329 2267 610 2319 I'lusebiiim
644 2275 696 2319 et
737 2265 1015 2318 universos
1059 2266 1338 2334 episcopos
1384 2265 1580 2319 Siciliae
1625 2267 1811 2322 ordine

234 2346 565 2404 praepostero
589 2336 900 2403 dispositam
926 2344 1071 2399 putat
1101 2334 1544 2390 Gussanvillaius.
1579 2335 1656 2388 Ita
1677 2353 1808 2404 quo-

230 2423 335 2470 qui!
368 2408 535 2460 visunt
565 2419 642 2459 ρει
673 2405 1002 2459 cmineiitiss.
1033 2405 1180 2458 card.
1235 2405 1462 2458 Baronio
1491 2406 1555 2458 :id
1609 2422 1805 2460 annum

230 2474 358 2539 595,
396 2493 540 2529 iitiiii.
573 2474 661 2534 20,
693 2474 783 2534 21,
815 2474 904 2537 ‘22,
936 2485 1092 2542 atque
1134 2474 1495 2528 illustrissimo
1543 2476 1701 2529 Petro
1746 2478 1812 2529 de

231 2547 409 2599 Maica
454 2547 517 2598 de
569 2544 859 2598 Concordia
905 2545 1188 2598 Sacertlotii
1235 2554 1281 2598 et
1329 2543 1574 2615 Imperii.
1610 2547 1701 2598 lib.
1738 2562 1805 2610 ll,

230 2631 353 2684 cap.
385 2617 471 2679 ll,
503 2630 618 2684 pag.
649 2615 718 2668 90
747 2630 758 2665 :
788 2615 991 2684 scilicet
1033 2617 1167 2668 hanc
1207 2617 1484 2682 epistolam
1525 2626 1648 2670 tunc
1679 2617 1811 2669 scri-

233 2683 375 2751 ptam
406 2683 584 2739 volunt
615 2699 734 2739 com
785 2683 1120 2748 imperatoris
1153 2685 1382 2738 edictuin
1426 2687 1474 2738 in
1511 2687 1810 2753 provincias

234 2770 426 2809 omnes
466 2757 608 2807 misit
661 2757 719 2806 S.
753 2755 1058 2814 Gregorius.
1107 2761 1176 2807 At
1229 2755 1282 2808 1⁸
1338 2756 1463 2811 huic
1492 2757 1732 2821 epistolze
1760 2759 1808 2808 in

232 2839 362 2876 mss.
397 2830 516 2891 ism,
559 2842 662 2879 non
699 2826 824 2889 alia,
872 2828 1156 2893 apponitur
1197 2827 1452 2884 temporis
1501 2827 1752 2879 iudicatio
1794 2844 1805 2876 :

232 2910 400 2946 mense
429 2896 551 2948 Dec.
598 2899 703 2946 int.
737 2911 774 2960 i,
816 2910 937 2948 cum
981 2908 1156 2948 tamen
1207 2895 1601 2962 imperatoriam
1636 2895 1807 2960 legem

233 2966 511 3018 lltidecillta
561 2965 850 3019 indit-tione
897 2964 1072 3017 datam
1126 2968 1349 3017 suadeat
1390 2967 1614 3030 episto'a
1679 2964 1806 3016 nlui

230 3041 560 3102 acsagcsuna
611 3034 874 3089 secunda.
919 3049 1057 3086 nunc
1102 3034 1427 3100 sexagesima
1459 3034 1636 3099 quinta
1664 3033 1806 3098 ejus.

229 3105 350 3155 dein
370 3101 565 3157 indict.
587 3108 650 3155 all
681 3103 986 3155 Mauriciuui
1015 3103 1486 3169 imperatorum?"
1514 3101 1799 3168 Epistulam

228 3177 618 3242 sesagcsiniani
647 3173 934 3242 scentulum
966 3188 1103 3242 nunc
1143 3173 1527 3237 sexagesimum
1571 3173 1808 3242 quintam

233 3240 426 3312 legeiiti
456 3253 659 3321 certum
693 3244 785 3321 erit
822 3240 964 3329 illam
994 3258 1020 3292 a
1142 3242 1415 3321 Gregorio,
1461 3242 1551 3322 ubi
1581 3240 1806 3309 primum
1837 3265 1882 3329 C

231 3329 327 3382 per
368 3312 607 3382 corporis
652 3312 1015 3382 a-gritndinem
1049 3313 1215 3375 licuit,
1249 3312 1412 3365 luisse
1448 3312 1725 3378 scriptam,
1754 3320 1811 3363 ut

230 3380 465 3449 suscepti
495 3381 654 3436 edicti
693 3391 708 3448 (
734 3380 873 3448 quod
901 3395 1074 3436 tamen
1097 3382 1205 3449 jam
1237 3383 1300 3434 ad
1322 3383 1604 3449 episcopos
1624 3395 1812 3434 omnes

231 3455 473 3522 miserat)
503 3451 812 3521 iIIjIISltlialll
837 3460 1181 3521 suggereret:
1207 3449 1320 3520 Ego
1343 3451 1546 3513 quidem
1581 3451 1812 3518 Jussioni

231 3525 510 3593 subjectus,
538 3524 725 3592 inquit,
749 3523 974 3575 eumdem
1002 3523 1162 3592 legem
1187 3539 1278 3592 per
1309 3522 1530 3574 diversas
1561 3531 1813 3593 terrarum

232 3592 403 3664 partes
452 3594 725 3647 transmitti
772 3593 907 3662 feci;
953 3602 997 3647 et
1052 3595 1174 3664 quia
1205 3593 1288 3646 lex
1315 3592 1813 3664 ipsamiiiiiipotentt'

233 3655 346 3718 Deo
375 3667 581 3717 minime
607 3655 904 3728 concordat,
934 3679 1045 3716 ecce
1063 3655 1163 3732 ’ρει
1200 3655 1538 3732 suggestioiiis
1571 3677 1694 3714 mea:
1716 3679 1808 3729 pa-

233 3736 410 3805 ginam
442 3734 774 3790 serenissimis
803 3733 1021 3805 dominis
1061 3730 1314 3787 nuntiari;
1348 3730 1404 3805 23°
1425 3732 1675 3805 Quisquis
1710 3747 1808 3784 uii-

233 3803 497 3860 decimam
529 3808 695 3873 ipsam
736 3803 1035 3857 indictionis
1067 3806 1248 3870 prima:
1289 3803 1565 3869 epistolam
1609 3809 1812 3873 attento

233 3875 415 3929 animo
459 3872 666 3945 legerit,
722 3874 870 3945 illam,
916 3873 1254 3945 multohpost
1283 3873 1530 3945 Mauricii
1563 3872 1815 3945 edictum

236 3956 478 4012 tempore
512 3939 702 3996 'datam
754 3944 1025 3998 fatebitur.
1075 3939 1190 3998 Non
1245 3943 1515 4012 placuerat
1562 3939 1812 4012 Mauricio

233 4010 404 4069 sancti
433 4015 670 4085 Gregorii
699 4029 798 4068 ceu
831 4031 945 4078 ora,
977 4030 1134 4085 quam
1173 4016 1222 4085 in
1248 4010 1577 4085 Semigesima
1607 4010 1812 4080 quinia,

233 4087 361 4137 υΙιιιι
387 4081 715 4155 κιθδῖεείιιιιι
746 4081 1008 4153 secunda,
1030 4083 1325 4155 undecimae
1368 4081 1672 4137 indictiou's
1701 4088 1814 4155 epi-

233 4161 369 4208 stola
430 4153 705 4209 habemus.
765 4155 1147 4210 Exacerbatuui
1204 4154 1361 4222 igitur
1421 4154 1533 4206 suis
1599 4153 1815 4206 monitis

238 4226 533 4295 principem
563 4223 864 4279 leiiiendtim
894 4226 1076 4279 habuit
1096 4225 1523 4294 sapientissimus
1550 4226 1809 4292 pontl‘ex.

233 4296 568 4350 Cuiiiiiiotaiu
625 4297 761 4351 illius
810 4298 970 4350 bilem
1031 4295 1296 4364 placavit,
1349 4304 1570 4349 curante
1637 4296 1812 4346 forsan

233 4367 521 4420 'l'heodoro
547 4367 777 4430 medico,
807 4369 871 4419 ad
915 4381 1074 4434 queui
1121 4367 1282 4434 epist.
1325 4367 1453 4418 olim
1485 4367 1812 4432 sexagesima

233 4447 460 4506 quinta,
516 4451 657 4490 nunc
702 4451 1039 4506 sexagesima
1087 4444 1272 4498 st-xta;
1301 4449 1531 4506 “resque
1578 4436 1693 4506 ipsa
1736 4436 1816 4506 sic

237 4502 451 4559 tandem
477 4503 770 4572 composita
795 4516 911 4567 est,
953 4513 1041 4567 ut,
1092 4515 1199 4556 tum
1245 4502 1460 4568 milites,
1502 4515 1610 4555 tutu
1644 4503 1696 4556 hi
1722 4505 1812 4571 qui

234 4577 419 4630 saeculi
467 4575 766 4628 actionibus
820 4581 974 4626 erant
1034 4572 1330 4639 implicati,
1379 4575 1432 4624 in
1477 4575 1812 4626 inonaSteriis

236 4643 454 4716 quidem
503 4647 918 4716 suscipi-rentur,
950 4642 1244 4716 attionnisi
1284 4642 1813 4716 certis‘coiiditioui-

237 4710 361 4773 lius.
401 4716 461 4771 Si
490 4714 602 4781 quis
633 4710 846 4780 pubbcis
895 4711 1421 4764 administrationibus
1450 4710 1604 4778 fuerit
1646 4714 1819 4781 impli-

237 4795 404 4849 catus,
459 4785 729 4852 inquiebat
778 4781 1066 4851 Gregorius
1116 4782 1338 4848 epistola
1389 4783 1455 4833 ad
1503 4781 1813 4834 Mauriciqu

239 4858 641 4923 imperatorem,
692 4854 817 4907 olim
865 4866 1194 4919 sexagcsuna
1245 4853 1476 4905 secunda
1522 4852 1817 4906 uiidecanae

239 4927 564 4990 indictionis,
615 4942 754 4980 nunc
802 4923 1129 4988 sexagesima
1180 4924 1383 4989 quinta,
1432 4924 1655 4974 rationes
1703 4925 1816 4991 ejus

239 5006 451 5065 possunt
482 5014 570 5067 per
600 4995 961 5051 monasterium
995 4993 1147 5060 ﬁeri;
1177 5003 1223 5044 et
1253 4993 1527 5067 agipotest
1573 5002 1626 5067 ιιι
1655 4996 1715 5044 ab
1757 5009 1818 5046 eo

238 5062 350 5122 loco
379 5072 430 5120 in
473 5062 572 5136 quo
599 5069 896 5136 suscipitur,
926 5067 1038 5134 ejus
1082 5079 1277 5131 quoque
1321 5064 1501 5136 debita,
1531 5062 1815 5136 solvantur.

237 5147 355 5192 Jaiu
387 5133 514 5191 vero
545 5138 596 5189 iii
626 5133 878 5191 hac'oliiii
910 5133 1208 5197 undecima,
1241 5148 1379 5186 ntitic
1416 5133 1596 5200 quinta
1632 5134 1816 5200 prima:

241 5211 569 5269 indictionis.
609 5214 673 5262 ad
714 5210 993 5272 episeopos
1023 5204 1123 5256 hoc
1154 5206 1311 5256 modo
1357 5206 1579 5255 Stribit:
1617 5203 1691 5254 Hi
1730 5222 1815 5273 qui

237 5283 410 5335 swculi
435 5281 720 5332 actionibus
745 5277 990 5345 implicati
1011 5285 1247 5326 sunt.....
1271 5275 1426 5327 si.....
1456 5277 1817 5345 monasterium

238 5364 440 5424 petunt,
473 5348 781 5419 suscipiendi
808 5344 1140 5424 nullamque,
1173 5347 1268 5424 nisi
1294 5348 1436 5410 prius
1478 5361 1507 5393 a
1537 5344 1818 5424 rationibus

238 5414 456 5494 publicis
499 5414 688 5492 fuerint
733 5415 974 5494 absoluti.
1028 5414 1087 5467 Si
1134 5415 1217 5492 qui
1243 5428 1361 5494 itero
1405 5427 1472 5494 eos
1513 5415 1817 5467 militaribus

239 5483 466 5547 numeris
499 5483 566 5544 ἰη
615 5489 928 5544 monasteriis
969 5485 1188 5536 converti
1232 5483 1492 5551 festinant,
1551 5499 1650 5533 non
1699 5495 1815 5537 sunt

239 5579 406 5618 tamen
435 5561 765 5632 suscrpiendi,
799 5557 896 5609 nisi
926 5570 1097 5607 eorum
1128 5557 1227 5632 uita
1257 5554 1407 5632 fuerit
1440 5551 1693 5631 subtiliter
1727 5556 1812 5632 in-
1839 5599 1844 5605 .

237 5637 462 5701 quisita;
493 5645 537 5687 et
560 5622 711 5701 juxta
742 5622 971 5701 normam
998 5626 1279 5701 regularem
1307 5623 1492 5701 debent
1521 5622 1576 5698 in
1605 5639 1696 5701 suo
1723 5624 1819 5701 Ita-

237 5693 342 5761 bitu
375 5693 463 5774 per
494 5693 764 5756 triennium
805 5695 1028 5774 probari,
1059 5693 1107 5748 ct
1139 5707 1257 5774 tunc
1291 5693 1642 5774 monachicum
1673 5696 1817 5746 liabi-

235 5764 384 5837 tiini,'
403 5779 507 5828 Deo
533 5785 737 5825 auctore
775 5764 1142 5835 suscipere..."
1190 5767 1302 5828 Qua
1329 5764 1392 5815 de
1421 5778 1474 5815 re
1500 5764 1650 5837 etiam
1677 5779 1815 5837 sere-

230 5833 472 5902 nissiinus
513 5856 558 5900 ct
599 5833 1063 5902 Christianissimus
1108 5839 1406 5906 imperator,
1453 5833 1576 5887 milii
1605 5836 1814 5902 credite,

1913 601 2134 671 epistota
2173 603 2296 655 olim
2331 604 2387 657 Η
2420 604 2598 656 indict.
2627 621 2662 665 ι,
2699 601 2886 671 scripti
2919 615 3002 656 est
3031 621 3213 658 uir-use
3258 606 3481 659 Decriu-

1914 670 1992 723 bri
2027 687 2041 726 :
2075 673 2442 739 prminittenda
2475 675 2635 741 igitur
2662 670 2896 740 epistolm
2938 675 3061 726 olim
3113 691 3290 734 nonae.
3342 693 3481 727 lltttit‘.

1916 749 2121 793 Octava:
2145 743 2206 794 ad
2244 742 2558 796 Vitalianum
2598 747 2906 811 episcopum
2954 759 3110 810 quam
3163 760 3344 798 mense
3390 745 3487 798 Fc.

1915 813 2130 863 bruario
2159 812 2336 865 datam
2365 814 2586 881 legimus
2619 831 2632 866 :
2665 813 3028 879 subjungeuda
3079 829 3204 865 vero
3247 817 3488 880 cpistola:

1911 880 2037 951 olim
2066 890 2249 943 sextm,
2284 880 2650 951 nunc’qtiartai
2679 884 2743 936 ad
2774 883 3114 946 Ventintium,
3151 899 3272 951 qua:
3300 900 3484 936 mense

1911 949 2196 1003 Novembri
2229 951 2349 1006 data
2382 949 2480 1005 est.

1982 1022 2034 1072 ‘2.
2079 1020 2291 1074 Decima
2323 1021 2501 1091 quinta
2535 1023 2583 1075 iii
2628 1039 2756 1076 niSs.
2801 1022 2918 1075 data
2951 1038 3138 1074 mense
3175 1022 3315 1074 .ltilio
3346 1037 3359 1074 :
3388 1023 3487 1074 tle-

1910 1087 2115 1142 dcciuia
2165 1101 2312 1143 sexta
2341 1087 2483 1144 'vero
2532 1108 2714 1146 mense
2755 1092 2962 1145 Martio.
3017 1092 3145 1145 llviic
3192 1091 3349 1158 igitur
3400 1093 3486 1142 illa

1914 1160 2156 1282 postponi
2185 1160 2358 1225 debet,
2393 1171 2551 1230 atque
2571 1178 2689 1215 cum
2717 1162 2956 1229 epistolis
2981 1177 3163 1216 mense
3184 1163 3324 1216 Julio
3346 1162 3484 1215 datis

1918 1245 1977 1282 or
2018 1245 2172 1282 inari.

1918 1245 2172 1283 01⁸011ιό1⁵1.

2270 1317 2471 1372 LIBER
2503 1319 2592 1373 ΙΧ.
2634 1319 3016 1376 ΙΝΟΙΟΤΙΟΝΕ
3055 1320 3121 1374 li.

1983 1406 2022 1460 1.
2065 1407 2317 1462 Secundae
2347 1411 2611 1463 indictioni
2647 1411 2885 1479 epistolas
2912 1421 3101 1478 septem
3129 1411 3412 1465 reddimus.

1987 1500 2037 1551 1.
2083 1498 2157 1551 Ex
2189 1508 2335 1553 sexta
2385 1501 2670 1571 indictione
2713 1501 3200 1571 quinquagesimum
3251 1501 3479 1562 tertiam,

1914 1568 1980 1622 de
2017 1571 2537 1623 excommunicaudis
2587 1568 2872 1634 .lantiarii,‘
2901 1571 3185 1625 Calar-itani
3227 1573 3486 1637 episcopi.

1913 1638 2250 1703 consiliariis,
2280 1655 2435 1703 quam
2466 1640 2621 1707 hujus
2646 1644 2892 1694 secundm
2921 1641 3222 1696 indictionis
3242 1641 3482 1709 CinSIOitL‘

1917 1710 2102 1777 priuue
2134 1710 2270 1759 idem
2297 1710 2500 1774 jubcuti
2533 1711 2919 1778 subiungimus.

1984 1778 2049 1831 ‘2-
2083 1779 2160 1830 Ex
2192 1778 2283 1832 lib.
2309 1780 2488 1832 ultimo
2514 1783 2736 1846 septima
2781 1781 3069 1835 indictione
3108 1781 3443 1833 undecimam
3464 1820 3481 1843 ,

1918 1863 2056 1920 nunc
2089 1847 2245 1916 hujus
2275 1850 2389 1902 libri
2422 1850 2879 1920 quadragesimum
2915 1853 3158 1917 primam.
3192 1851 3315 1920 Agit
3342 1853 3485 1904 eiiiui

1919 1919 1983 1970 de
2013 1920 2352 1982 inquisitione
2376 1921 2422 1970 in
2457 1919 2737 1973 Maximum
2769 1922 3158 1985 Salouitautiiii,
3205 1919 3356 1989 cujus
3387 1937 3484 1974 tie-

1915 1990 2118 2058 gotiuin
2147 1990 2376 2041 secunda
2429 1989 2715 2043 indictione
2761 2006 2974 2058 prorsus
3023 1992 3225 2042 liuitum
3254 1990 3487 2043 ostendit

1916 2057 2223 2111 indictionis
2255 2060 2504 2113 secunda:
2536 2057 2911 2124 episwla’olim
2947 2062 3235 2114 centesima
3283 2059 3488 2130 trigesi-

1915 2143 2021 2191 ma,
2049 2143 2188 2197 nunc
2217 2131 2503 2182 centesima
2535 2131 2783 2197 vigesima
2816 2132 3017 2197 quinta.

1985 2197 2034 2249 5.
2079 2196 2158 2250 Ex
2187 2197 2352 2264 prima
2387 2196 2971 2264 indictionequintam,
3016 2214 3155 2253 nunc
3182 2198 3299 2252 libri
3329 2197 3486 2265 hujus

1915 2269 2038 2338 noni
2067 2268 2402 2322 undecimam
2430 2309 2444 2332 ,
2469 2284 2586 2336 quse
2619 2272 2670 2323 iu
2705 2270 2968 2336 plerisque
2999 2268 3370 2338 manuscriptis
3402 2269 3486 2321 iii-

1913 2337 2198 2390 dictioueui
2232 2354 2334 2392 non
2370 2339 2528 2391 habet
2572 2349 2899 2394 annotatam.
2951 2342 3003 2393 In
3044 2340 3276 2393 Golbert.
3316 2337 3481 2390 veteri

1912 2408 2126 2477 quidem
2156 2417 2206 2460 et
2230 2407 2365 2475 apud
2390 2408 2830 2462 Gussanvillzrum
2862 2411 3050 2477 legitur
3081 2424 3096 2460 :
3129 2423 3297 2460 mense
3327 2405 3486 2460 Octo-

1912 2476 2019 2539 bri,
2058 2477 2236 2529 indict.
2269 2493 2303 2530 i.
2342 2477 2524 2529 Datum
2558 2486 2733 2533 tamen
2765 2476 3049 2532 censemus
3077 2478 3366 2531 indictione
3397 2492 3484 2530 sc-

1913 2546 2084 2599 cunda
2141 2565 2152 2598 :
2206 2547 2531 2610 Augustinus
2581 2550 2723 2602 enim
2778 2549 2917 2603 circa
2965 2547 3204 2617 epistohe
3253 2547 3485 2617 medium

1914 2619 2197 2684 episcopus
2225 2618 2544 2685 appellatur,
2579 2634 2735 2686 quem
2769 2631 2946 2673 tamen
2977 2616 3078 2672 non
3101 2627 3224 2671 ante
3256 2632 3340 2670 xvi
3365 2616 3484 2668 Kal.

1916 2686 2066 2750 Dcc.,
2092 2687 2380 2740 indictione
2404 2688 2590 2753 prima.
2620 2704 2762 2742 anno
2785 2688 2907 2755 597,
2935 2689 3234 2742 ordinatum
3267 2695 3490 2740 testatur

1911 2767 2099 2810 auctor
2131 2759 2376 2810 Historia:
2407 2757 2749 2813 Fiiudationis
2776 2759 3078 2812 Monasterii
3107 2757 3276 2810 sancti
3309 2759 3488 2824 Augu-

1911 2826 2036 2896 stini
2065 2827 2464 2880 Gantuarieiisis
2493 2827 2726 2881 Thomas
2754 2830 3000 2895 Sprottus
3029 2827 3266 2896 ejusdem
3297 2840 3485 2880 cuino-

1913 2895 1980 2946 hii
2006 2897 2316 2949 monachus.
2348 2897 2509 2948 Porro
2534 2897 2575 2948 si
2601 2897 2715 2949 hrrc
2738 2899 2985 2964 epistola,
3010 2895 3186 2960 quinta
3212 2897 3280 2947 sit
3302 2897 3487 2962 prima:

1914 2965 2219 3017 indictionis
2244 3005 2259 3027 ,
2303 2965 2501 3031 sctipta
2545 2965 2642 3018 fuit
2684 2971 2792 3019 lere
2833 2968 3008 3018 statim
3040 2976 3155 3029 post
3184 2965 3484 3017 inchoatam

1913 3034 2096 3085 indict.
2131 3036 2230 3085 hoc
2254 3043 2335 3086 est
2367 3050 2548 3086 mense
2579 3036 2898 3101 Septembri,
2926 3046 3017 3088 aut
3043 3034 3278 3096 Octobri,
3310 3036 3489 3102 proin-

1911 3104 2083 3170 deque
2131 3115 2414 3172 antequam
2466 3105 2792 3170 Augustinus
2836 3115 2978 3157 esset
3026 3107 3332 3172 episcopus.
3394 3103 3490 3156 Est

1912 3172 2089 3238 itaque
2137 3170 2201 3222 ad
2249 3171 2435 3225 indict.
2483 3184 2793 3241 sequentem
2835 3170 3188 3226 aniaudaiida.
3224 3175 3484 3227 l’rzrterca

1912 3242 2112 3310 scripta
2138 3251 2224 3313 e;t_
2243 3255 2458 3313 reverso
2488 3242 2709 3295 Romam
2740 3243 2947 3297 Joanne
2975 3243 3309 3313 liegionario,
3341 3254 3396 3297 ut
3423 3259 3485 3296 ex

1916 3309 2037 3379 ipsa
2062 3309 2391 3382 intelligitur.
2426 3312 2567 3366 idem
2601 3314 2761 3366 habet
2798 3309 3345 3382 temporis'indicium
3375 3314 3490 3381 epi-

1913 3384 2049 3435 stola
2077 3381 2206 3434 olim
2238 3382 2527 3435 centesima
2553 3382 2760 3437 decima
2790 3381 3011 3449 septima
3041 3423 3056 3444 .
3088 3397 3228 3437 nunc
3256 3385 3488 3437 centesi-

1911 3468 1999 3504 iiia
2047 3451 2252 3506 decima
2297 3449 2601 3506 indictionis
2640 3452 2889 3507 secunda:
2918 3454 2984 3507 ad
3017 3453 3344 3507 Desiderium
3375 3451 3489 3522 epi-

1914 3535 2158 3589 scopum,
2187 3536 2305 3589 qua:
2331 3523 2572 3576 meminit
2596 3523 2754 3576 etiam
2779 3524 2980 3577 reditus
3005 3521 3260 3589 Joannis;
3287 3537 3358 3576 ex
3383 3539 3489 3590 quo

1915 3591 2108 3646 iterum
2138 3592 2390 3645 suadetur
2417 3607 2521 3646 non
2549 3593 2835 3648 indictione
2865 3594 3032 3662 prima
3055 3633 3070 3658 ,
3102 3595 3193 3647 sed
3222 3592 3485 3660 secunda,

1913 3663 2090 3715 datam
2141 3663 2276 3715 hanc
2323 3662 2389 3715 ad
2442 3662 2840 3718 Brunicliildem
2881 3663 3162 3731 epistolam
3206 3680 3219 3714 :
3267 3663 3309 3715 si
3341 3663 3484 3716 enim

1912 3734 2115 3801 scripta
2166 3733 2261 3785 fuit
2309 3731 2522 3787 ineunte
2570 3733 2681 3787 iiid.
2715 3749 2767 3800 ι,
2798 3733 3034 3788 Joannes
3070 3735 3176 3800 jam
3205 3733 3390 3786 indict.
3423 3746 3489 3785 xv

1915 3804 2150 3857 redierat
2172 3802 2417 3867 Romam,
2442 3815 2494 3857 et
2515 3803 2579 3857 ad
2601 3815 2844 3858 sanctum
2867 3803 3183 3871 Gregorium
3207 3801 3486 3870 epistolam

1915 3871 2177 3927 Desidirrii
2200 3875 2480 3926 detulerat.
2505 3875 2609 3928 Sed
2632 3874 2920 3929 verisimile
2943 3890 3047 3927 non
3073 3884 3154 3926 est
3170 3873 3486 3940 Gregorium

1916 3942 2233 4009 Desiderio,
2273 3944 2554 3998 Viennensi
2603 3946 2894 4014 epiSt-opo,
2947 3944 3154 3998 nonnisi
3197 3952 3315 4007 post
3354 3941 3488 4014 duos

1915 4027 2086 4067 annos
2111 4013 2222 4068 lere
2250 4016 2464 4082 elapsos
2505 4013 2844 4084 respondisse
2880 4015 3083 4069 scilicet
3127 4014 3234 4084 ind.
3271 4028 3327 4066 ii.
3362 4013 3490 4065 Diu-

1915 4090 2130 4138 turnum
2160 4093 2308 4138 certe
2335 4083 2604 4138 silentium
2637 4096 2986 4150 excusasset,
3028 4094 3082 4137 ut
3127 4083 3337 4138 solebat
3359 4123 3374 4144 ,
3409 4085 3488 4134 ννΙ

1915 4168 1983 4208 ex
2010 4154 2338 4215 inﬁrmitate,
2361 4155 2440 4207 Vel
2462 4170 2525 4207 ex
2546 4155 2793 4224 negotiis.
2819 4154 3207 4208 urbanissimus
3231 4152 3488 4220 pontifex.

1992 4223 2046 4277 4.
2091 4224 2170 4277 Ex
2216 4233 2364 4277 sexta
2407 4223 2698 4279 indictione
2745 4225 3068 4292 trigesimum
3107 4224 3392 4275 svcniidain
3437 4234 3491 4275 et

1918 4294 2244 4361 trigesimum
2273 4294 2480 4346 tertiani
2507 4334 2520 4352 .
2569 4309 2708 4347 nunc
2746 4294 2988 4362 ejusdem
3033 4293 3150 4345 libri
3184 4294 3307 4362 noni
3337 4292 3492 4359 quiii-
3554 4355 3558 4358 _

1917 4360 2278 4431 quagesimani
2319 4373 2373 4416 et
2402 4360 2888 4432 ιιυὶηιιιιθεεείιιιίιιη
2924 4365 3167 4430 primum.
3193 4360 3488 4414 Cumanam

1909 4444 1972 4488 et
2017 4433 2325 4486 Misenatcm
2378 4431 2658 4486 Ecclesias’
2693 4433 2895 4485 unierat
2940 4441 3158 4484 sanctos
3202 4431 3491 4498 Gregorius

1921 4503 2211 4555 indictione
2237 4503 2443 4556 decima
2473 4519 2536 4555 es
2568 4503 2787 4570 cpistola
2813 4503 2939 4555 oliui
2972 4503 3242 4567 trigesima
3277 4501 3446 4568 prima
3474 4540 3489 4561 ,

1922 4587 2064 4626 nunc
2108 4571 2512 4640 quadragesima
2567 4574 2768 4638 quinta.
2821 4573 2973 4637 Quod
3019 4585 3146 4623 vero
3193 4572 3492 4640 licuenatus

1919 4643 2209 4697 Cumarum
2235 4651 2291 4695 et
2312 4643 2496 4696 Miseni
2521 4647 2802 4710 episcopus
2823 4646 2964 4695 diem
2989 4640 3182 4694 abierit
3204 4639 3494 4693 indictione

1920 4715 2176 4776 secunda,
2206 4715 2458 4767 discimus
2482 4727 2545 4764 es
2578 4710 2816 4779 epistolis
2844 4713 2968 4766 olim
3004 4712 3254 4778 vigesima
3284 4710 3491 4777 quinta,

1921 4784 2176 4850 vigesima
2207 4793 2361 4836 sexta
2389 4793 2443 4836 et
2468 4783 2904 4852 quinquagesima
2938 4782 3091 4834 tertia
3116 4821 3131 4846 ,
3174 4794 3316 4834 nunc
3366 4793 3494 4832 vero

1920 4853 2305 4922 Septuagesiuia
2335 4854 2534 4920 quinta,
2569 4854 2958 4920 septuagesima
2991 4861 3140 4922 sexta
3161 4893 3174 4912 ,
3209 4861 3491 4922 septuage-

1921 4920 2057 4976 sima
2090 4923 2334 4990 septima,
2366 4923 2501 4976 datis
2524 4938 2705 4976 mense
2733 4923 2894 4984 iulio,
2925 4920 3210 4975 iudieiioue
3233 4920 3488 4973 Secunda.

1924 4994 2085 5062 Igitur
2115 4995 2382 5061 trigesima
2416 5001 2648 5045 secunda
2687 5006 2854 5046 sestac
2892 4993 3196 5046 indictionis
3232 4991 3489 5062 epistola,

1921 5061 2039 5132 quae
2070 5065 2392 5116 Beneiiatuni
2415 5066 2588 5116 adhuc
2612 5063 2662 5116 iu
2692 5065 2824 5118 viris
2847 5063 3110 5132 positum;
3143 5073 3196 5114 et
3223 5061 3491 5130 trigesima

1923 5135 2104 5199 tertia,
2140 5151 2257 5200 qum
2289 5136 2459 5201 ipsum
2506 5148 2675 5202 nuper
2721 5138 3024 5188 dehinctum
3073 5142 3361 5202 supponit,
3407 5145 3495 5182 se-

1921 5209 2107 5258 cunda:
2140 5205 2410 5256 indictioui
2439 5216 2559 5256 sunt
2589 5205 2947 5258 restiueudau

1993 5276 2046 5326 5.
2084 5276 2156 5326 Ex
2182 5285 2363 5342 qu.nta
2391 5274 2679 5328 indictione
2701 5274 3162 5343 quadragesimum
3189 5270 3494 5340 septimani,

1923 5360 2064 5397 nunc
2095 5345 2214 5397 libri
2246 5345 2366 5397 noni
2398 5346 2782 5413 sexagesimum
2815 5346 3127 5408 secundam,
3157 5359 3260 5410 qua
3303 5343 3494 5413 Roma-

1922 5431 2045 5468 iiuui
2071 5415 2407 5468 defensorem
2441 5430 2627 5467 recens
2671 5417 2720 5467 in
2750 5415 2930 5469 Sicilia
2962 5416 3244 5482 degentem
3279 5412 3490 5476 innuit,

1920 5502 2025 5554 quo
2054 5486 2153 5537 sub
2179 5486 2427 5538 secunda:
2457 5485 2762 5538 indictionis
2789 5488 2996 5538 ittllitom
3030 5487 3225 5537 missus
3247 5493 3348 5537 est.

1993 5558 2044 5607 ti.
2088 5555 2213 5608 Post
2243 5555 2522 5622 epistolam
2563 5553 2687 5608 oliui
2719 5556 3039 5608 tricesiinain
3079 5571 3270 5608 nonani
3297 5594 3320 5617 ,_
3361 5565 3500 5605 nunc

1887 5626 2419 5693 'qtiiiiquagcsiiiiaiii
2463 5641 2655 5679 nouant
2686 5628 2934 5678 secundae
2977 5624 3281 5678 indictionis
3321 5624 3501 5674 datam

1923 5709 2105 5748 iiieiist:
2135 5695 2293 5749 Junio
2319 5736 2332 5754 .
2368 5697 2608 5762 ponenda
2642 5695 2940 5749 Recharedi
2989 5695 3129 5762 regis
3156 5697 3231 5746 ad.
3253 5705 3498 5744 saucium

1921 5765 2236 5834 Gregorium
2267 5767 2486 5832 epistola
2509 5806 2524 5832 ,
2558 5782 2713 5833 Quam
2746 5767 2845 5819 hoc
2876 5765 3410 5834 ordine-diSpostaui
3452 5762 3494 5800 ιιι

1925 5831 2288 5893 vetustissimo
2309 5831 2491 5892 Codice
2513 5831 2714 5907 reperit
2736 5838 2818 5892 vir
2836 5837 3164 5892 clarissimus
3191 5831 3352 5888 Stt‘t‘“
