3956 6318
512 356 644 411 1367

859 460 1057 516 LIBER
1098 460 1209 514 XII.
1252 460 1631 516 INDICTIONE
1674 459 1734 513 V.

579 559 618 612 l.
682 554 888 619 Quinta:
925 552 1188 603 indictioni
1227 568 1384 603 unam
1423 550 1685 619 epistolam
1724 549 2001 604 reddimus.

581 651 654 701 Ex
700 648 924 706 sept'ma
978 642 1264 694 indictione
1320 642 1623 705 vigesimum
1679 655 1901 702 nonam,
1957 655 2076 707 qua:

508 733 646 770 nunc
667 728 743 770 est
777 713 894 767 libri
943 712 1096 779 bujus
1137 711 1437 764 duodecuni
1485 711 1886 778 quadragesima
1914 725 2073 765 nona.

508 790 745 843 Romano
795 786 847 836 in
898 782 1242 851 Syracusanis
1286 781 1777 851 partibusirectori
1815 780 2075 833 successit

506 858 797 912 indictione
826 850 971 907 sexta
1008 851 1322 905 lladrianus.
1355 859 1507 903 antea
1541 850 1781 902 Panormi
1815 851 2067 902 notarius.

508 930 640 982 Vide
670 927 777 980 ind.
803 940 874 988 Vl,
905 923 1067 989 Epist.
1092 920 1217 974 olim
1247 920 1318 971 ‘25
1364 930 1415 971 et
1455 920 1556 981 23S,
1603 934 1742 989 nunc
1784 920 1851 989 I9
1893 928 1947 972 et
1985 919 2073 972 21.

510 1002 647 1066 l'lrgo
674 988 1058 1066 tartliusAsCribi
1083 1006 1184 1066 non
1217 989 1381 1056 potuit
1402 989 1622 1057 epistola
1654 988 1767 1066 bit-c
1794 988 1857 1066 ad
1886 990 2079 1066 Roma-

508 1058 630 1121 num
661 1070 832 1119 adhuc
877 1063 1159 1127 Syracusis
1200 1072 1440 1128 agentem
1481 1068 1535 1112 et
1574 1060 1947 1123 patrimonium
1978 1058 2078 1112 Ec-

502 1140 682 1193 clesia:
704 1144 997 1195 curantem,
1028 1146 1185 1200 quam
1215 1130 1266 1183 itt
1300 1133 1404 1183 line
1434 1130 1614 1183 indict.
1649 1144 1700 1183 v.

546 1228 606 1283 II.
636 1229 676 1281 A
714 1228 885 1290 quinta
910 1222 1185 1275 indictione
1219 1220 1458 1285 epistolas
1486 1221 1705 1287 quinque
1735 1234 2040 1272 emovemus.

538 1332 541 1333 '
575 1318 831 1371 Nimirum
864 1310 1322 1382 quadragesimam
1353 1319 1617 1378 quartam,
1644 1325 1762 1382 qute
1788 1310 1851 1361 ad
1883 1324 2075 1382 nouam

509 1388 848 1443 intlictionetn
882 1380 990 1437 seu
1040 1383 1228 1435 librum
1260 1395 1276 1432 t
1308 1389 1617 1443 revocatur;
1651 1381 1979 1447 vigesimum,
2010 1380 2076 1432 ad

508 1461 725 1524 primam
756 1454 1125 1524 indictionetn;
1172 1449 1643 1524 quadragesimum
1677 1449 1976 1515 septimam,
2011 1450 2077 1503 ad

506 1520 791 1581 secundam
825 1523 1196 1583 iudictionem;
1232 1535 1421 1571 nonam
1451 1528 1503 1571 et
1532 1520 1788 1572 decimam
1812 1528 2075 1587 quartam,

507 1601 569 1650 ad
605 1596 946 1649 indit-tionem
975 1593 1202 1645 tertiam.
1241 1590 1369 1643 Vide
1398 1589 1526 1643 locis
1568 1589 1815 1643 indicatis
1848 1592 2078 1642 rationes

506 1684 599 1720 cur
624 1666 816 1720 luerint
842 1666 957 1717 loco
988 1672 1166 1714 motze.

509 1762 590 1815 Ill.
627 1758 692 1811 In
733 1757 909 1827 quinta
952 1749 1503 1831 indictioneepistolas
1540 1760 1640 1803 tres
1683 1750 1902 1820 propriis
1955 1750 2080 1804 locis

1126 1831 1456 1875 restitumtus.

582 1921 631 1971 1.
666 1919 929 1970 Decimum
952 1914 1231 1981 septimam
1255 1911 1626 1979 praztnittimus
1652 1910 1869 1965 decima:
1894 1921 2077 1973 sextae,

511 2008 662 2055 ηιιεηιι
692 1988 911 2041 decimae
937 1980 1137 2037 octava:
1159 1982 1480 2055 jungendam
1500 1980 1697 2055 suadet
1719 2022 1733 2043 ,
1777 1991 1886 2055 tum
1938 1980 2078 2034 idem

510 2049 783 2123 utriusque
806 2054 1047 2123 portitor,
1081 2049 1189 2123 tum
1218 2049 1666 2123 eademsubjecta
1702 2050 1971 2123 materies.

580 2128 634 2181 2.
672 2119 929 2190 Vigesima
958 2122 1189 2177 secunda
1220 2122 1270 2174 in
1303 2121 1512 2174 duobus
1539 2120 1775 2174 Golbert.
1808 2119 2081 2173 codicibus

512 2214 696 2252 tnettse
725 2195 982 2251 Januario
1009 2193 1128 2245 data
1155 2191 1364 2259 legitur.
1395 2190 1542 2244 Illam
1573 2191 1792 2260 proinde
1814 2190 2081 2259 vigesima:

510 2277 715 2333 quarta:
745 2266 979 2318 tribusve
1009 2262 1352 2328 sequentibus
1387 2261 1439 2333 in
1471 2261 1713 2314 eamdem
1760 2274 1870 2314 rem
1900 2273 2083 2313 mense

512 2330 638 2391 Dec.
666 2352 729 2387 ac
756 2334 1004 2387 Januario
1032 2332 1167 2384 datis
1196 2330 1581 2398 postponimus.
1674 2332 1675 2335 “

583 2407 633 2456 5.
666 2403 1014 2473 'l'rigesimam
1044 2412 1281 2468 quartam
1313 2402 1585 2473 subditntts
1619 2398 1901 2473 trigesimte
1929 2400 2084 2473 quin-

514 2487 615 2536 ιιι»,
647 2468 865 2541 quodin
908 2470 1063 2527 liuius
1103 2478 1353 2522 contextu
1406 2468 1497 2522 illa
1545 2469 1666 2522 huic
1716 2471 1919 2537 legatur
1959 2469 2085 2523 sub~

513 2547 647 2597 dum
839 2608 1042 2663 LIBER
1082 2608 1214 2661 xm.
1258 2607 1642 2662 INDICTIONE
1682 2607 1769 2660 γι.

515 2706 552 2760 Ι.
586 2705 756 2759 Sexta:
784 2702 1046 2755 indictioni
1074 2701 1267 2751 nullam
1304 2700 1563 2752 reddimus
1602 2700 1890 2769 epistolam.
1933 2700 2089 2751 Amo-

1075 2786 1244 2821 remus
1268 2770 1525 2821 tredecim.

588 2866 638 2917 1.
666 2863 863 2924 Prima,
898 2875 999 2913 non
1022 2871 1104 2914 est
1126 2860 1371 2927 epistola,
1405 2859 1497 2913 sed
1541 2860 1889 2928 fragmentum
1920 2860 2091 2925 quotl-

514 2936 635 2989 dant
665 2934 733 2987 de
760 2932 935 2986 Pboca
960 2942 1213 2984 coronato
1244 2930 1310 2982 ad
1340 2930 1539 2983 calcem
1571 2945 1602 2983 a
1626 2931 1777 2984 nobis
1810 2929 2089 2999 rejectutn,

514 3003 971 3127 Secundam
1002 3084 1094 3124 seu
1124 3069 1294 3139 potius
1320 3083 1621 3123 sermonem
1651 3070 1793 3136 prius
1819 3084 1846 3121 a
1871 3070 1928 3125 S.
1957 3070 2093 3125 Gre-

516 3145 666 3214 gorio
696 3143 929 3195 habitum
975 3138 1135 3210 quam
1164 3149 1305 3194 esset
1332 3138 1593 3208 pontifex,
1641 3139 1872 3193 bomiliis
1903 3154 2089 3195 accen-

518 3234 537 3265 ὲ
548 3234 717 3265 8111115.

518 3234 538 3269 s
673 3231 717 3265 s.

548 3230 1019 3351 el11>..u'l‘rigtesittiam
1045 3280 1329 3334 secundum
1352 3320 1369 3343 ,
1396 3278 1719 3351 trigesimam
1752 3278 1991 3351 tertiam,
2035 3290 2091 3335 et

518 3350 1007 3423 quinquagesitnam
1051 3352 1256 3423 tertiam
1302 3351 1548 3423 secundae
1598 3350 1870 3423 indictioni
1914 3351 2090 3423 rediti-

523 3420 883 3477 tittts."l‘e'rti:c
914 3420 1185 3474 indictioni
1224 3420 1484 3473 decimam
1531 3420 1809 3485 septimam
1857 3430 1910 3472 et
1949 3421 2093 3474 tleci-

519 3510 660 3547 mam
689 3502 957 3555 octavam;
1001 3501 1201 3558 quartae
1247 3488 1525 3543 indictioni
1569 3490 1894 3557 trigesimum
1936 3505 2092 3558 quar-

1278 348 1753 406 EPIS‘I‘OIARUM
1798 340 2284 402 GEOGIHPIIICA
2327 338 2569 397 DIVISlO
2610 336 2993 394 BIPARTITA.

3640 335 3853 393 1363i

2103 457 2153 514 Α
2183 461 2287 505 tam
2318 451 2388 504 ob
2434 452 2669 504 rationes
2717 450 2824 519 jam
2877 448 3136 517 prolatas;
3190 450 3437 519 septima!
3489 449 3776 505 indictioni

2180 520 2664 590 quinquagesimam
2696 530 2936 573 octavam
2964 528 3018 572 et
3041 527 3265 587 quatuor
3303 531 3624 587 sequentes,
3650 524 3767 587 quia

2179 592 2231 644 itt
2288 605 2415 642 mss.
2478 591 2658 643 Norm.
2714 590 2980 642 Vaticanis
3034 599 3087 641 et
3150 590 3419 658 plerisque
3499 590 3772 656 pertinent

2178 662 2242 713 ad
2271 659 2612 713 indictionem
2638 660 2941 725 septimam,
2978 659 3064 711 ubi
3094 659 3297 727 priores
3322 660 3686 713 collocantur.

2178 751 2242 805 ll.
2284 751 2350 805 In
2411 761 2553 804 sexta
2596 751 2865 804 indictione
2902 750 3142 819 epistolas
3177 762 3396 818 quatuor
3442 751 3515 802 ad
3567 758 3773 821 propis

2734 821 2844 873 loca
2874 836 3188 875 revocamus.

2251 913 2301 965 1.
2336 912 2566 966 Decima:
2590 922 2759 966 sexta:
2785 914 3057 981 jungitnus
3085 914 3345 967 decimam
3370 928 3580 966 nonam
3604 956 3620 975 ,
3658 930 3768 978 qua:

2179 983 2230 1035 iit
2257 985 2499 1036 eamdem
2530 984 2746 1035 omnino
2786 999 2897 1036 rem
2942 985 3139 1049 scripta
3185 994 3287 1037 est.
3340 983 3453 1037 Illis
3498 984 3766 1037 decimam

2186 1063 2427 1118 quartam
2463 1053 2860 1120 postponimus;
2899 1055 2984 1117 qui
3016 1055 3150 1105 ordo
3192 1068 3256 1106 ex
3292 1053 3534 1119 ipsarum
3570 1054 3770 1121 episto-

2181 1121 2347 1174 larum
2382 1124 2713 1184 inspectione
2747 1122 2877 1174 satis
2909 1122 3217 1187 intelligitur
3245 1142 3270 1173 :t
3299 1125 3493 1191 quovis
3536 1124 3595 1174 in
3645 1123 3772 1176 Gre-

2180 1192 2418 1256 gorianis
2470 1208 2575 1244 non
2620 1194 2896 1259 peregrino
2934 1210 2944 1244 :
2996 1194 3247 1246 defuncto
3288 1193 3433 1247 enim
3488 1195 3771 1259 episc-po,

2182 1264 2346 1328 prima
2378 1272 2494 1315 erat
2534 1262 2592 1315 S.
2642 1261 2898 1330 Gregmio
2935 1278 3063 1315 cura
3112 1264 3418 1317 destitutam
3465 1262 3770 1317 Ecclesiatu

2179 1332 2437 1384 visitatori
2510 1334 2915 1395 commendare;
2970 1333 3240 1397 secunda,
3296 1333 3363 1385 ad
3434 1334 3772 1385 successoris

2181 1400 2357 1454 idonei
2388 1401 2702 1455 electionem
2748 1402 2975 1463 bortari;
3032 1403 3206 1463 tertia,
3257 1404 3771 1470 depostulatoruut

2178 1480 2270 1540 aut
2300 1472 2365 1523 de
2391 1471 2541 1524 electi
2564 1470 2775 1525 dotibus
2802 1472 3071 1540 inquirere
3098 1486 3160 1525 ac
3182 1474 3321 1526 ferre
3339 1468 3640 1539 judicium.

2248 1539 2302 1593 9..
2345 1540 2690 1607 Trigesimam
2723 1550 2926 1594 sextam
2957 1555 3138 1596 mense
3167 1542 3332 1610 Aprili
3360 1544 3546 1596 datam
3581 1542 3771 1609 vigesi-

2183 1626 2283 1663 ma:
2306 1618 2507 1664 octava:
2532 1610 2667 1664 data:
2699 1625 2884 1664 mense
2911 1612 3047 1664 Maio
3081 1612 3477 1680 prremittimus.

2252 1680 2303 1749 5.
2331 1680 2826 1748 Quinquagesimatn
2854 1691 3083 1743 sextam,
3115 1696 3208 1735 seu
3249 1682 3423 1749 potius
3461 1684 3771 1736 commoni—

2186 1748 2379 1802 torium
2405 1748 2592 1802 Joannt
2622 1750 2893 1803 defensori
2935 1751 2985 1803 in
3030 1748 3333 1816 lliSpaniam
3373 1752 3526 1805 eunti
3567 1753 3772 1814 datum,

2111 1820 2158 1879 B
2185 1818 2425 1899 epistola:
2450 1820 2896 1899 quinquagesituze
2926 1822 3271 1899 quinta,__seu
3296 1823 3588 1899 sententia:
3616 1837 3771 1885 quam

2182 1887 2327 1940 idem
2372 1887 2605 1943 Joannes
2654 1887 2703 1942 iti
2736 1887 3042 1956 Hispaniam
3091 1891 3225 1954 tulit,
3268 1893 3683 1958 anteponimus,
3717 1906 3773 1943 ac

2183 1958 2345 2079 prilltri
2375 1958 2650 2037 capitulari
2671 1973 2764 2013 seu
2786 1960 3021 2026 epistola:
3048 1960 3504 2028 quinquagesima).
3519 1962 3773 2015 secunda

2183 2043 2245 2081 su
2281 2042 2571 2096 jungunus.

2495 2138 2693 2191 LIBER
2737 2138 2874 2192 XIV.
2914 2137 3299 2193 INDICTIUNE
3344 2140 3452 2194 VII.

2258 2253 2296 2308 1.
2333 2253 2576 2322 Septima:
2613 2255 2877 2307 indictioni
2903 2256 3141 2322 epistolas
3168 2256 3431 2307 reddimus
3453 2256 3701 2323 quinque.

2258 2369 2325 2424 Ut
2354 2385 2469 2423 eam
2502 2370 2733 2438 quinque
2752 2369 2960 2421 illarum
2982 2367 3323 2437 epistolarum
3353 2368 3671 2421 accessione
3693 2368 3771 2420 di-

2186 2448 2421 2494 tat-emus
2448 2449 2823 2506 persuaserunt
2848 2454 2976 2492 mss.
3004 2439 3213 2492 codices
3243 2439 3507 2508 plerique,
3530 2439 3616 2490 ubi
3650 2442 3768 2490 tunc

2187 2520 2550 2563 accenseutur.

2191 2610 2250 2665 ll.
2284 2613 2327 2664 Α
2365 2613 2577 2681 septima
2620 2612 2895 2665 indit-tione
2921 2612 3159 2681 epistolas
3200 2627 3359 2665 uitam
3393 2626 3554 2678 supra

2819 2698 3129 2736 amovemus.

2261 2774 2425 2828 Nona:
2468 2774 2741 2827 indictioni
2794 2773 3051 2828 decimam
3105 2782 3343 2827 octavam
3401 2770 3765 2833 restituimtss;

2192 2843 2413 2897 decima:
2435 2843 2708 2897 indictioni
2730 2844 3021 2907 decimam,
3054 2843 3117 2895 19
3138 2883 3153 2905 ,
3184 2841 3276 2904 20,
3303 2840 3397 2901 2|.
3428 2840 3521 2902 2:2,
3550 2839 3644 2901 εδ,
3674 2839 3767 2898 21,

2191 2914 2285 2980 20,
2317 2914 2418 2977 27,
2458 2912 2565 2977 50;
2598 2915 2817 2968 decima).
2850 2917 3019 2966 tertia:
3058 2912 3328 2966 indictioni
3372 2910 3770 2972 duodecimam,

2194 2979 2453 3037 deeimam
2497 2983 2726 3046 tertiam,
2758 2982 3019 3036 decimam
3073 2996 3348 3051 quartam;
3398 2983 3587 3051 prima:
3644 2979 3768 3051 indi-

2195 3052 2356 3106 ctioni
2386 3054 2695 3120 vigesitnam
2724 3054 2995 3120 quintam;
3026 3048 3273 3106 secundae
3300 3048 3572 3104 indictioni
3604 3048 3768 3100 unde.

2196 3123 2416 3188 citnam;
2441 3132 2642 3188 quartae
2667 3123 2937 3175 indictioni
2966 3122 3223 3175 decimam
3250 3134 3479 3184 sextam,
3505 3120 3765 3171 decimam

2193 3194 2496 3260 septimam,
2530 3193 2787 3245 decimam
2828 3192 3097 3259 quintam,
3142 3190 3464 3260 trigesimum
3505 3189 3765 3257 primam;

2195 3266 2395 3327 quian
2443 3263 2713 3315 indictioni
2749 3265 3057 3330 vigesitnam
3089 3276 3302 3314 nonam.
3335 3261 3541 3326 Quibus
3589 3269 3766 3331 autem

2195 3332 2488 3386 rationibus
2513 3331 2667 3385 facta:
2698 3333 2806 3385 sint
2833 3347 2863 3383 a
2891 3332 3042 3386 nobis
3064 3333 3143 3384 hae
3172 3332 3519 3394 mutationes,
3560 3343 3626 3382 ex
3660 3344 3766 3397 μω

2195 3403 2351 3456 dictis
2376 3412 2573 3469 repete.

2385 3492 2468 3546 IIl.
2502 3493 2765 3547 Restituto:
2787 3492 2951 3546 debito
2974 3494 3142 3547 ordini
3168 3493 3395 3563 epistola:
3414 3506 3582 3546 cxvtt.

1003 3738 1848 3823 EPISTOLAIIUM
1907 3740 2768 3853 GEOGRAPHICA
2822 3740 3271 3824 DIVISIO

1958 3894 2317 3947 BIPAIITITA.

599 4020 657 4073 In
685 4017 784 4070 bac
805 4014 1155 4089 geographica
1186 4016 1538 4089 Epistolarum
1569 4014 1827 4089 divisione
1858 4017 2149 4089 parsprior
2177 4018 2295 4089 illas
2338 4020 2713 4088 complectitur
2733 4059 2749 4083 ,
2777 4033 2910 4087 quas
2951 4034 3056 4072 non
3101 4019 3235 4072 ultra
3268 4020 3609 4078 subditarum
3654 4027 3771 4089 sibi,

525 4101 584 4143 ttt
625 4088 1064 4153 metropolitano,
1086 4158 1093 4160 ξ
1115 4088 1386 4160 region_utn
1420 4088 1623 4160 limites
1658 4085 1846 4139 direxit
1885 4087 1942 4140 S.
1976 4085 2283 4160 Gregorius.
2317 4089 2442 4143 Pars
2464 4085 2747 4157 'pOsterior
2785 4085 2918 4143 alias
2962 4104 3147 4142 omnes
3170 4090 3408 4160 exhibet,
3436 4108 3561 4160 qua:
3589 4106 3696 4149 tttm
3729 4085 3774 4150 iu

526 4162 923 4235 Italiamtextra
952 4158 1245 4235 provincias
1275 4156 1514 4235 Romano
1544 4158 1791 4225 episcOpo
1813 4157 2206 4226 metropolitico
2224 4158 2343 4228 jure
2369 4156 2657 4229 subjectas,
2701 4171 2811 4215 tum
2840 4160 2894 4214 in
2926 4160 3153 4229 reliquas
3181 4156 3486 4215 Occidentis
3511 4167 3775 4235 regit-ue»,

524 4242 637 4285 tum
670 4230 720 4281 in
754 4227 1024 4280 Orientem
1049 4226 1217 4294 ipsum
1245 4230 1419 4280 missa:
1451 4236 1590 4280 sunt.

603 4298 902 4369 I‘rovincias
935 4296 1118 4369 d_eccm
1153 4297 1297 4350 urbis
1324 4296 1509 4369 Roma:
1538 4298 1733 4353 vicario
1773 4300 2133 4366 assignaverat
2180 4298 2438 4368 regendas
2486 4299 2862 4354 Constantinus
2904 4297 3121 4369 Magnus
3150 4300 3460 4367 imperator,
3493 4302 3701 4357 Latium
3728 4316 3775 4359 et

524 4367 893 4434 Campaniam,
947 4366 1188 4439 Tusciam
1229 4378 1281 4419 et
1324 4366 1613 4433 Umbriam,
1658 4370 1930 4431 Picenum,
1987 4366 2269 4433 Valeriam,
2321 4371 2612 4429 Samnium.
2649 4372 2890 4439 Apuliam
2920 4380 2972 4423 et
2992 4366 3308 4435 Calabriam,
3336 4366 3636 4425 Lucaniam
3663 4392 3772 4429 cunt

526 4439 751 4501 Brutiis;
777 4448 934 4503 atque
954 4438 1259 4503 adjacentes
1281 4439 1497 4497 insulas,
1530 4439 1787 4503 Siciliam,
1835 4440 2125 4505 Corsicam,
2155 4440 2485 4504 Sardiniam;
2521 4456 2637 4506 qum
2670 4438 2855 4494 omnes
2884 4441 3017 4495 lianc
3059 4441 3129 4495 ob
3156 4455 3369 4493 causam
3398 4442 3775 4497 suburbitarix

524 4509 863 4563 dicebantur.
893 4507 943 4557 In
976 4506 1271 4560 Provinciis
1300 4507 1613 4578 illisrtlccem
1638 4510 1701 4575 (si
1730 4512 2024 4563 Sardiniain
2056 4511 2311 4577 excipias,
2336 4526 2490 4576 quam
2515 4510 2840 4563 .lustiniantts
2865 4510 3172 4578 imperator,
3207 4520 3323 4577 post
3347 4526 3592 4578 ereptam
3623 4514 3776 4567 Wau-

526 4580 665 4652 dal's
688 4594 756 4652 ac
786 4578 1079 4652 restitutam
1112 4577 1334 4643 imperio
1358 4577 1610 4652 Africam,
1636 4580 1743 4646 jam
1767 4595 1869 4632 non
1899 4579 2041 4652 urbis
2072 4578 2264 4652 Itoma:
2282 4580 2501 4643 vicario,
2532 4579 2844 4652 sedgAfrica‘.
2894 4577 3144 4646 praefecto
3174 4581 3517 4652 attribuerat)
3544 4583 3775 4652 Grcgori

527 4650 699 4716 Magni
741 4662 877 4719 aevo,
938 4647 1042 4698 into
1083 4659 1204 4700 ante
1238 4648 1749 4719 Siccultttttnottum,
1800 4651 1975 4702 nullus
2019 4659 2209 4714 prmter
2233 4648 2525 4702 Romanum
2553 4650 2858 4718 episcopum
2880 4662 2995 4702 erat
3026 4647 3507 4716 metropolitantts;
3529 4647 3775 4719 cum'jatn

527 4734 687 4786 supra
738 4718 948 4784 triginta
1017 4726 1377 4788 numerentur.
1430 4717 1551 4770 Inde
1607 4718 1656 4771 in
1682 4721 1858 4787 priore
1886 4719 2226 4785 epistularum
2253 4720 2423 4773 classe
2453 4717 2996 4788 singularisceruitur
3024 4719 3299 4788 regiminis
3331 4720 3503 4773 furnta
3533 4738 3547 4773 :
3579 4717 3775 4775 scilicet

524 4791 806 4856 episcopos
830 4800 1020 4839 omnes
1066 4787 1199 4859 intra
1233 4787 1625 4859 sttburlticarias
1648 4790 1765 4841 illas
1799 4790 2098 4855 provincias
2118 4790 2463 4843 consecrabat
2493 4787 2758 4844 Romanus
2782 4790 3038 4859 pontifex,
3066 4800 3119 4843 et
3139 4790 3240 4841 alia
3262 4804 3380 4856 quae
3415 4793 3775 4858 metropolitao

526 4854 724 4913 norum
748 4867 920 4920 erant,
944 4858 1227 4910 exercebat
1250 4854 1391 4926 jura,
1422 4865 1580 4923 atque
1608 4861 1781 4912 munia
1802 4854 2117 4926 pra'stabat.

601 4927 910 4998 Veneratin
942 4936 1171 4998 mentem
1216 4926 1479 4993 Epistolas
1517 4928 1572 4980 S.
1624 4928 1866 4998 Gregorii
1906 4930 2005 4981 sub
2033 4926 2383 4998 geographica
2417 4928 2505 4981 illa
2535 4929 2792 4982 divisione
2822 4928 2959 4997 typis
2989 4928 3285 4998 mandare;
3316 4938 3425 4981 tum
3458 4929 3610 4992 quod
3670 4930 3780 4983 inde

525 5000 659 5053 lucis
685 4997 921 5049 nonnihil
949 4996 1243 5067 legentibus
1273 5010 1610 5067 accessurum
1638 4996 1978 5052 censeremus
2004 5014 2018 5063 ;
2049 5009 2157 5049 tum
2186 4997 2325 5065 quod
2341 4998 2643 5051 civitatibus
2680 4996 2899 5067 singulis
2929 4998 3029 5051 sub
3059 4997 3340 5064 provincia:
3366 5013 3481 5051 sum
3504 4999 3668 5052 titulo
3701 5018 3781 5064 po-

525 5072 663 5131 sitis,
697 5070 1000 5121 innumeras
1032 5064 1139 5138 fere
1188 5066 1567 5138 geograpbicas
1611 5068 1981 5121 annotationes
2026 5064 2269 5120 resecare
2311 5066 2576 5130 licuisset,
2625 5084 2743 5136 qua:
2771 5064 2837 5122 in
2889 5078 3154 5134 postrema
3192 5084 3413 5136 operum
3445 5070 3508 5121 S.
3544 5069 3780 5138 Gregorii

525 5140 757 5192 editione
780 5152 935 5204 quam
965 5135 1166 5189 curavit
1198 5133 1385 5188 Petrus
1417 5133 1851 5199 Gttssanvtllmtis,
1887 5138 1950 5189 ad
1985 5138 2033 5189 id
2063 5152 2222 5188 unum
2266 5146 2533 5203 congestm
2562 5133 2705 5201 sunt,
2738 5152 2803 5190 ne
2834 5133 3041 5203 ignoret
3066 5133 3242 5191 lector'
3274 5138 3489 5190 ubinam
3522 5133 3779 5191 territant

524 5212 736 5274 jaceant
767 5208 923 5259 urbes
952 5206 1303 5275 illaerquarum
1336 5204 1547 5257 nomina
1578 5208 1629 5257 itt
1661 5207 1899 5275 Gregorii
1933 5206 2100 5273 Magni
2130 5207 2368 5271 epistolis
2397 5215 2703 5259 occurrunt.
2744 5206 2932 5259 Verum
2959 5222 3077 5259 cum
3100 5207 3150 5259 id
3182 5208 3410 5269 consilii,
3445 5209 3549 5261 nisi
3587 5219 3782 5262 mutato

532 5276 757 5344 ltegistri
794 5276 954 5326 totius
976 5274 1163 5328 ordine
1186 5276 1364 5343 perlici
1395 5288 1498 5327 non
1530 5285 1726 5343 posset,
1759 5274 1825 5328 ita
1857 5293 1981 5328 vero
2008 5276 2275 5329 immutari
2300 5291 2403 5328 non
2429 5277 2627 5331 sineret
2654 5275 2827 5328 debita
2855 5278 3193 5331 sanctissimo
3222 5277 3431 5330 Ductori
3459 5282 3779 5337 reverentia,

527 5362 616 5408 qut
651 5345 1001 5416 Epistolarum
1042 5360 1255 5398 suarum
1292 5345 1588 5412 Ilegistrum
1635 5347 1745 5411 ipse
1788 5347 2068 5413 disposuit,
2098 5356 2265 5411 totque
2295 5345 2449 5397 libros
2477 5346 2528 5397 in
2574 5346 2762 5416 scrinio
2807 5345 3030 5416 reliquit,
3063 5357 3179 5413 quot
3209 5363 3370 5399 annos
3400 5348 3450 5398 in
3482 5349 3780 5416 pontiﬁcatu

528 5416 721 5466 adviin
750 5412 928 5484 (Joan.
961 5412 1107 5465 Diae.
1139 5416 1174 5467 ι.
1212 5430 1285 5481 ιν,
1319 5430 1364 5467 c.
1397 5416 1522 5480 '71);
1555 5417 1719 5468 satius
1748 5412 1915 5469 visum
1942 5424 2022 5468 est
2047 5416 2414 5484 geographiae
2445 5425 2638 5469 nostra!
2661 5412 2937 5469 divisionis
2962 5417 3187 5468 indicent
3222 5412 3594 5469 tantunnnodu
3632 5412 3777 5483 appo-

531 5498 680 5563 nere,
708 5484 853 5606 {una
882 5483 1506 5605 1Epilstolarum[ordinem
1526 5499 1556 5539 a
1585 5485 1740 5541 nobis
1767 5489 2100 5542 restitutum:
2123 5483 2273 5554 cujus
2298 5485 2483 5540 indicis
2512 5500 2612 5554 ope
2640 5485 2900 5553 Epistolas
2930 5501 3112 5540 omnes
3142 5487 3241 5540 sub
3264 5488 3624 5555 geographica
3656 5490 3775 5541 diri.

533 5566 685 5606 stone
732 5564 849 5606 eaet
901 5567 978 5605 λοι
1004 5568 1033 5605 e
1060 5568 1149 5606 aut
1180 5569 1244 5606 vo
1269 5563 1423 5606 uerti.

533 5566 685 5608 Stulte
713 5563 849 5621 teget
882 5563 1033 5605 taetle
1060 5568 1149 5621 qut
1180 5563 1423 5610 VOIUCI'Il.
