4136 6178
307 290 3700 345 m

819 448 1468 560 sane“
1547 407 2453 558 annaoml
2533 445 3162 586 MAGNI,

1622 643 1897 701 ROMANI
1937 640 2347 708 PONTIFICIS,

304 776 1390 950 “’REGUL/E
1495 792 2858 948 PASTORALIS
2965 796 3675 983 LIBER,

742 1035 877 1123 AD
934 1033 1406 1124 JOANNEM
1465 1030 2026 1123 EPISGOPUM
2106 1026 2612 1123 GIVITATIS
2672 1029 3208 1124 RAVENNIE.

1417 1335 1998 1439 PRIMA
2083 1334 2564 1437 PARS.

259 1643 297 1696 1
327 1642 809 1697 Reverendissimo
837 1649 890 1698 et
929 1645 1270 1718 sanctissimo
1297 1642 1473 1718 fratri
1509 1644 1714 1697 Joanni
1744 1643 1929 1712 coepi-
1958 1642 2009 1708 Α
2041 1639 2244 1696 ctrinae
2257 1656 2454 1696 arcem
2470 1646 2670 1697 tenere
2683 1647 3042 1713 appetunt,a
3063 1646 3684 1718 praecipitationissua

777 1729 961 1785 scopo,
993 1714 1291 1783 Gregorius
1323 1713 1421 1785 (ὁ).

322 1819 665 1876 Pastoralis
696 1837 855 1876 cura:
888 1837 981 1875 me
1004 1820 1269 1893 pondera
1298 1820 1498 1893 fugere
1520 1818 1921 1876 delitescendo

263 1910 543 1977 voluisse,
568 1909 853 1981 benigna,
867 1910 1053 1966 frater
1072 1910 1397 1980 carissime,
1411 1916 1588 1980 atque
1606 1909 1815 1965 humili
1836 1910 1921 1964 in-

264 2000 529 2054 tentione
546 1997 946 2071 reprehendis
966 2015 980 2065 ;
999 2015 1131 2070 quas
1148 2014 1222 2054 ne
1243 1998 1601 2071 quibusdam
1624 1999 1774 2055 levia
1791 2013 1921 2055 esse

258 2087 605 2155 videantur,
630 2088 946 2159 praesentis
967 2088 1101 2142 libri
1126 2088 1278 2160 stylo
1311 2088 1578 2160 exprimo
1609 2088 1682 2144 de
1714 2104 1923 2143 eorum

254 2171 583 2241 gravedine
618 2186 798 2226 omne
829 2170 988 2241 quod
1021 2186 1225 2242 penso,
1257 2177 1323 2226 ut
1351 2176 1410 2227 et
1449 2170 1575 2226 hanc
1605 2171 1705 2241 qui
1735 2177 1920 2239 vacat,

253 2259 498 2315 incaute
513 2275 640 2314 non
652 2265 911 2331 expetat;
927 2265 987 2314 et
1001 2259 1099 2330 qui
1118 2259 1350 2314 incaute
1363 2259 1626 2330 expetiit,
1640 2260 1921 2331 adeptum

252 2366 321 2405 se
351 2367 491 2405 esse
513 2350 926 2422 pertimescat.
952 2350 1024 2420 (c)
1045 2348 1260 2414 Quadri
1270 2350 1485 2421 partita
1503 2366 1635 2405 vero
1655 2350 1923 2421 disputa-

252 2439 419 2494 tione
442 2439 604 2494 liber
632 2439 745 2494 iste
770 2438 1174 2510 distinguitur,
1207 2445 1273 2493 ut
1297 2438 1371 2494 ad
1409 2437 1648 2494 lectoris
1671 2439 1761 2494 sui
1791 2439 1917 2495 ani~

252 2544 421 2584 mum
455 2528 756 2583 ordinatis
788 2529 863 2595 (d)
880 2526 1334 2599 allegationibus
1364 2528 1532 2599 quasi
1564 2527 1919 2598 quibusdam

253 2617 538 2689 passibus
559 2616 885 2689 gradiatur.
912 2618 1056 2671 Nam
1079 2633 1214 2672 cum
1245 2633 1444 2671 rerum
1471 2617 1796 2671 necessitas
1819 2632 1920 2671 ex-

254 2707 475 2779 poscit,
488 2705 872 2778 pensandum
884 2704 1050 2761 valde
1063 2705 1237 2761 estad
1251 2706 1488 2761 culmen
1502 2706 1755 2777 quisque
1769 2706 1918 2778 regi-

258 2797 441 2853 minis
454 2795 725 2867 qualiter
746 2797 972 2862 veniat;
994 2800 1170 2866 atque
1188 2796 1261 2850 ad
1285 2796 1397 2850 hoc
1420 2796 1528 2850 rite
1547 2796 1919 2867 perveniens.

256 2885 519 2957 qualiter
531 2885 711 2949 vivat;
725 2885 944 2940 etbene
959 2884 1675 2955 vivens,qualiterdoceat;
1691 2889 1750 2940 et
1762 2890 1920 2939 recte

257 2976 504 3033 docens,
522 2973 944 3028 infirmitatem
958 2989 1124 3028 suam
1139 2974 1404 3044 quotidie
1418 2981 1641 3045 quanta
1652 2974 1919 3029 conside-

259 3065 488 3119 ratione
500 3067 848 3133 cognoscat,
861 3078 936 3116 ne
952 3061 1365 3117 authumilitas
1391 3078 1693 3117 accessum
1710 3063 1913 3135 fugiat,

258 3156 329 3223 (ε)
351 3158 453 3207 aut
477 3150 861 3223 perventioni
893 3150 1011 3205 vita
1034 3150 1429 3216 contradicat;
1452 3157 1555 3207 aut
1572 3151 1750 3206 vitam
1772 3152 1914 3207 doc-

259 3243 411 3296 trina
423 3241 749 3307 destituat;
774 3240 1219 3295 autdoctriuam
1241 3241 1624 3311 praesumptio
1649 3241 1912 3299 extollat.

262 3332 482 3387 2Prius
499 3345 646 3403 ergo
670 3330 1002 3402 appetitum
1028 3330 1207 3385 timor
1224 3335 1542 3401 temperet:
1571 3337 1914 3401 postautem

264 3420 674 3492 magisterium
707 3419 866 3490 quod
896 3435 931 3473 a
951 3435 1071 3474 non
1098 3424 1400 3490 qumrente
1431 3418 1775 3492 suscipitur,
1801 3420 1919 3477 vita

260 3509 677 3574 commendet;
713 3523 781 3563 ac
803 3507 1017 3563 deinde
1039 3524 1280 3564 necesse
1313 3512 1404 3563 est
1432 3513 1499 3563 ut
1530 3509 1781 3579 pastoris
1810 3510 1917 3565 bo-

262 3616 400 3654 num
428 3597 596 3669 quod
626 3600 698 3666 (Γ)
721 3596 969 3653 vivendo
1001 3598 1356 3667 ostenditur,
1398 3598 1579 3654 etiam
1609 3598 1912 3670 loquendo

266 3695 646 3760 propgetur.
664 3685 754 3741 Ad
767 3692 1097 3742 extremum
1127 3704 1261 3743 vero
1286 3693 1558 3758 superest
1582 3688 1921 3759 utperfecta

268 3793 519 3847 quaeque
535 3791 722 3848 Opera
741 3775 1136 3830 consideratio
1154 3776 1408 3847 proprim
1433 3776 1799 3832 infirmitatis
1818 3776 1918 3833 de-

270 3866 601 3936 primat,ne
615 3865 743 3919 haec
764 3870 901 3920 ante
923 3863 1133 3920 occulti
1157 3864 1478 3935 (g)arbitrii
1503 3865 1703 3921 oculos
1725 3871 1923 3921 tumor

270 3955 551 4010 elationis
580 3955 939 4026 exstinguat.
971 3954 1083 4010 Sed
1115 3956 1254 4032 quia
1297 3960 1437 4010 sunt
1473 3955 1743 4027 plerique
1774 3956 1921 4011 mihi

268 4043 574 4116 imperitia
602 4043 852 4112 similes,
876 4044 975 4115 qui
998 4043 1140 4099 dum
1162 4044 1358 4099 metiri
1378 4060 1440 4099 se
1467 4045 1761 4112 nesciunt,
1790 4062 1921 4116 qum

268 4149 380 4188 non
394 4132 945 4189 didicerintdocere
968 4133 1422 4204 concupiscunt;
1444 4133 1545 4204 qui
1559 4133 1790 4205 pondus
1805 4150 1923 4190 ma-

265 4223 491 4294 gisterii
514 4227 683 4277 tanto
701 4222 887 4277 levius
909 4222 1225 4288 aestimant,
1252 4228 1473 4293 quanto
1496 4223 1609 4277 vim
1634 4223 1920 4295 magnitu.

264 4308 415 4367 diuis
434 4312 603 4367 illius
626 4312 942 4384 ignorant;
974 4312 1047 4367 ab
1072 4312 1201 4383 ipso
1227 4310 1359 4367 libri
1394 4311 1574 4383 hujus
1596 4312 1920 4383 reprehen-

2032 1729 2278 1785 ausibus
2301 1730 2361 1785 in
2380 1730 2511 1802 ipsa
2531 1729 2849 1786 locutionis
2862 1738 3079 1788 nostris
3094 1733 3682 1807 januarepellantur.

2567 1820 2798 1877 CAPUT
2835 1821 3137 1878 PRIMUM.

2123 1909 2203 1980 (h)
2234 1910 2309 1963 Ne
2336 1910 2520 1963 venire
2548 1909 2795 1980 imperiti
2823 1911 2898 1965 ad
2923 1913 3303 1981 magisterium
3330 1914 3594 1970 audeant.

2101 1997 2273 2053 Nulla
2303 2014 2398 2052 ars
2428 1997 2626 2053 doceri
2666 2001 3065 2070 praesumitur,
3108 2001 3222 2056 nisi
3254 2003 3487 2059 intenta
3512 2004 3676 2075 prius

2032 2086 2418 2143 meditatione
2431 2086 2716 2141 discatur.
2731 2090 2793 2158 (i)
2807 2087 2892 2142 Ab
2914 2089 3208 2160 imperitis
3230 2107 3368 2163 ergo
3382 2089 3674 2162 pastorale

2033 2175 2438 2242 magisterium
2471 2191 2589 2245 qua
2620 2176 2951 2231 temeritate
2988 2178 3326 2249 suscipitur,
3353 2179 3586 2250 quando
3626 2179 3676 2236 8

2032 2282 2127 2321 ars
2148 2270 2237 2319 est
2257 2264 2472 2319 artium
2497 2263 2761 2336 regimen
2775 2265 3130 2321 animarum.
3152 2266 3292 2330 Quis
3313 2274 3511 2322 autem
3524 2267 3679 2339 cogi-

2032 2353 2321 2409 tationum
2332 2353 2578 2409 vulnera
2596 2353 2921 2409 occultiora
2943 2370 3072 2409 esse
3087 2355 3315 2411 nesciat
3333 2355 3676 2415 vulneribus

2029 2441 2358 2498 viscerum?
2379 2448 2438 2498 et
2459 2447 2656 2498 tamen
2679 2459 2834 2514 saepe
2857 2443 2957 2514 qui
2982 2459 3359 2515 nequaquam
3386 2444 3679 2517 spiritalia

2032 2537 2326 2603 praecepta
2354 2537 2771 2602 cognoverunt,
2804 2532 3000 2587 cordis
3029 2549 3091 2588 se
3124 2533 3386 2590 medicos
3415 2534 3676 2606 profiteri

2030 2637 2151 2674 non
2179 2625 2480 2675 metuunt:
2504 2620 2642 2674 dum
2661 2619 3213 2692 quipigmentorum
3238 2622 3354 2676 vim
3376 2624 3674 2693 nesciunt,

2028 2708 2213 2764 videri
2246 2708 2461 2763 medici
2493 2708 2687 2763 carnis
2717 2709 3093 2765 erubescunt.
3119 2709 3231 2765 Sed
3261 2710 3401 2782 quia
3432 2718 3673 2768 auctore

2030 2797 2147 2852 Deo
2173 2798 2247 2852 ad
2279 2797 2583 2869 religionis
2603 2798 2995 2853 reverentiam
3014 2815 3188 2854 omne
3208 2799 3336 2870 jam
3357 2800 3671 2871 praesentis

2031 2885 2227 2941 saeculi
2259 2886 2497 2941 culmen
2528 2886 2869 2955 inclinatur,
2903 2894 3040 2942 sunt
3077 2887 3345 2943 nonnulli
3372 2889 3472 2959 qui
3518 2889 3675 2945 intra

2029 2981 2295 3029 sanctam
2326 2973 2647 3029 Ecclesium
2669 2991 2775 3045 per
2798 2976 3056 3047 speciem
3089 2976 3392 3048 regiminis
3420 2977 3671 3049 gloriam

2025 3063 2304 3118 affectant
2335 3063 2613 3130 honoris;
2644 3064 2829 3119 videri
2853 3064 3124 3119 doctores
3155 3071 3462 3136 appetunt,
3485 3071 3671 3121 trans-

2025 3140 2279 3207 cendere
2300 3158 2544 3207 cmteros
2566 3153 3203 3223 concupiscunt,atque
3224 3158 3541 3209 attestante
3561 3155 3669 3209 Ve-

2024 3241 2217 3304 ritate,
2244 3241 2464 3309 primas
2495 3238 2881 3294 salutationes
2904 3241 2964 3294 in
2985 3240 3133 3306 foro,
3156 3240 3380 3312 primos
3400 3242 3463 3296 in
3485 3243 3668 3299 caenis

2025 3327 2349 3397 recubitus,
2380 3328 2602 3400 primas
2632 3327 2694 3382 in
2732 3328 3116 3383 conventibus
3163 3328 3475 3384 cathedras
3508 3346 3672 3400 quas-

2026 3423 2169 3474 runt
2187 3418 2409 3484 (Matth.
2441 3433 2603 3481 χχιιι,
2625 3419 2678 3483 6,
2704 3416 2788 3489 7);
2814 3417 2914 3488 qui
2940 3421 3280 3488 susceptum
3302 3433 3459 3472 cura:
3480 3424 3672 3489 pasto-

2025 3508 2167 3565 ralis
2179 3506 2775 3563 ofﬁciun‘iministrare
2788 3505 2960 3580 digne
2977 3510 3137 3561 tanto
3150 3506 3331 3579 magis
3344 3512 3672 3578 nequeunt,

2030 3606 2251 3670 quanto
2283 3597 2359 3653 ad
2376 3598 2729 3653 humilitatis
2751 3596 3155 3669 magisterium
3178 3612 3247 3652 ex
3269 3597 3398 3654 sola
3416 3598 3675 3657 elatione
3752 3616 3757 3619 ·

2029 3693 2443 3760 pervenerunt.
2468 3689 2600 3759 Ipsa
2620 3687 2839 3759 quippe
2861 3687 2922 3741 in
2949 3688 3289 3760 magisterio
3305 3686 3508 3760 lingua
3531 3706 3678 3746 con-

2027 3777 2319 3844 funditur,
2350 3776 2587 3848 quando
2619 3775 2779 3832 aliud
2811 3776 3079 3843 discitur,
3112 3782 3172 3831 et
3210 3776 3375 3832 aliud
3406 3776 3674 3837 docetur.

2029 3867 2185 3933 Quos
2216 3873 2421 3921 contra
2443 3865 2724 3921 Dominus
2743 3882 2850 3937 per
2878 3865 3228 3936 prophetam
3261 3867 3550 3937 queritur,
3574 3866 3674 3922 di-

2030 3972 2170 4011 cens
2186 3972 2199 4010 :
2214 3956 2729 4026 Ipsiregnaverunt,
2754 3961 2805 4008 et
2826 3969 2934 4008 non
2955 3970 3024 4008 ea:
3043 3970 3160 4017 me;
3175 3954 3461 4025 principes
3473 3958 3675 4010 extite-

2028 4051 2181 4108 runt,
2198 4051 2249 4099 et
2261 4060 2357 4113 ego
2370 4045 2623 4113 ignoravi
2636 4042 2912 4111 (Oseevm,
2926 4043 3000 4109 4).
3016 4043 3098 4096 Ex
3113 4059 3175 4097 se
3188 4059 3467 4115 namque,
3483 4050 3672 4101 etnon

2031 4150 2101 4189 ex
2123 4133 2367 4188 arbitrio
2389 4131 2604 4187 summi
2633 4130 2898 4187 [lectoris
2921 4137 3190 4203 regnant,
3215 4133 3315 4203 qui
3338 4132 3517 4188 nullis
3537 4134 3672 4189 fulti

2030 4223 2204 4278 virtut
2218 4221 2347 4277 ibus
2361 4237 2735 4292 nequaquam
2751 4219 3029 4276 divinitus
3053 4221 3259 4289 vocati,
3274 4221 3377 4276 sed
3389 4238 3495 4278 sua
3507 4223 3671 4295 cupi~

2030 4314 2167 4370 dine
2182 4312 2436 4378 accensi,
2456 4312 2692 4369 culmen
2712 4311 3019 4385 regiminis
3034 4312 3477 4383 rapiuutpolius
3490 4329 3670 4384 quam

264 4398 479 4455 dantur
509 4374 792 4468 exordio;
838 4407 906 4456 ut
929 4374 1075 4472 quia
1097 4374 1324 4456 indocti
1355 4416 1424 4456 ac
1454 4374 1789 4473 prmcipnites
1818 4402 1917 4458 do-
1955 4374 1997 4440 δ
2026 4374 3668 4474 αεεθειιιιιιιῑατλριιοεῑειωθῖιἰηιθτιιιιέάιιᾶεέειρτοέθιιίι,

328 4551 403 4619 (a)
426 4549 521 4603 Ita
544 4546 745 4611 Corb.,
770 4546 976 4619 Belvac
1029 4552 1088 4603 et
1116 4546 1214 4603 alii
1237 4552 1443 4619 vetust.
1469 4548 1655 4613 Quem
1680 4547 1917 4605 titulum

265 4620 655 4691 praetulimus,
670 4618 827 4690 quod
850 4618 1079 4691 legatur
1094 4619 1157 4674 in
1174 4619 1347 4691 epist.
1366 4618 1508 4674 olim
1522 4621 1609 4681 46,
1627 4619 1730 4673 lib.
1746 4619 1819 4676 al.
1837 4638 1909 4691 ιν,

264 4707 411 4747 nunc
432 4691 547 4746 lib.
569 4707 623 4750 ν,
653 4706 744 4761 ep.
768 4692 859 4757 49,
884 4690 945 4744 ut
968 4690 1169 4745 librum
1188 4690 1392 4758 regula‘
1408 4691 1729 4759 pastoralis,
1752 4690 1911 4760 quem

263 4765 315 4842 i1}
340 4765 839 4842 episcopatusmei
863 4761 1092 4842 exordio
1121 4761 1340 4842 scripsi.
1382 4761 1910 4842 In‘recentioribus

257 4831 383 4905 Issi
416 4831 673 4905 legitur,
700 4833 842 4905 liber,
860 4834 1016 4888 Cum
1030 4833 1329 4905 pastoral.,
1350 4831 1566 4905 quibus
1588 4832 1913 4893 concinam,

256 4903 401 5030 plur.
438 4903 581 4959 Edit
623 4903 1045 4984 .Occasionem’
1075 4904 1217 4987 huic
1253 4904 1430 4959 titulo
1470 4904 1620 4958 forte
1657 4908 1913 4974 praebuit

278 4975 385 5030 ibn
418 4973 766 5030 exordium.
812 4976 1113 5030 Pastoralis
1158 4990 1311 5030 curae
1358 4991 1444 5030 me
1486 4974 1751 5030 pondera.
1793 4986 1907 5030 etc.

278 4975 385 5030 ibri
418 4973 766 5037 exordium,
812 4976 1113 5030 Pastoralis
1158 4990 1311 5033 curae
1358 4991 1444 5030 me
1482 4973 1751 5045 pondera,
1793 4986 1907 5037 etc.

251 5046 311 5101 ln
343 5047 513 5101 Trec.
553 5046 766 5101 titulus
794 5045 1185 5103 desideratur.

314 5119 393 5185 (ὁ)
425 5117 673 5171 Tertius
703 5118 927 5173 Gemet.
960 5118 1142 5175 addit.
1177 5119 1427 5173 salutem.

320 5192 389 5257 (c)
418 5189 560 5243 Hmc
594 5186 924 5260 editoribus
954 5195 1379 5260 persuaserunt
1410 5188 1625 5242 librum
1657 5188 1815 5243 hunc
1834 5186 1906 5260 in

252 5276 299 5313 xv
312 5259 945 5332 partesdivideudum,
958 5257 1226 5331 quamvis
1241 5259 1415 5330 hujus
1431 5259 1736 5314 divisionis
1749 5257 1909 5313 nulla

250 5331 459 5386 iuvet.
498 5333 637 5387 Mss.
671 5331 795 5385 sint
824 5333 1081 5401 vestigia.
1124 5334 1335 5387 Verum
1377 5332 1709 5398 Gregorius,
1740 5335 1906 5402 parte

250 5404 442 5460 tertia.
469 5420 523 5457 c.
549 5402 1069 5465 26,admonitione
1089 5406 1175 5465 27,
1202 5402 1850 5472 indicatqumdamjam
1874 5417 1908 5456 a

249 5491 311 5529 se
340 5475 505 5530 dicta
533 5475 598 5529 in
630 5475 827 5545 prima
856 5480 1053 5546 parte:
1086 5475 1244 5537 sicut,
1272 5474 1486 5601 inﬁnit,
1510 5476 1570 5528 in
1595 5476 1777 5545 priori
1806 5475 1904 5526 hu-

249 5548 338 5601 ius
366 5545 678 5601 voluminis
705 5552 867 5601 parte
896 5547 1006 5601 iam
1039 5546 1296 5601 diximus.
1385 5545 1498 5600 nde
1549 5560 1670 5600 non
1696 5544 1904 5599 imme-

238 5548 338 5618 jus
366 5544 678 5618 voluminis
701 5544 869 5617 parte
884 5547 1006 5618 jam
1039 5546 1311 5618 diximus.
1335 5544 1498 5618 Unde
1549 5560 1670 5618 non
1696 5544 1909 5599 imme-

246 5617 362 5673 rito
392 5616 763 5691 intelligitur
789 5616 1132 5691 partitionis
1178 5616 1318 5675 libri
1346 5617 1525 5691 hujus
1554 5617 1750 5690 ipsum
1776 5630 1906 5671 esse

2030 4550 2354 4602 auctorem.
2378 4542 2666 4598 Scribitur
2680 4547 2878 4615 autem
2901 4540 3667 4615 quadripartitainantiquis

2023 4617 2189 4674 simis
2219 4615 2399 4670 Codd.
2435 4617 2615 4678 Trec.,
2654 4612 2899 4674 Belvac..
2932 4614 3181 4679 Gemet.,
3210 4612 3557 4669 Theodoric.

2080 4688 2160 4755 (ά)
2173 4688 2359 4744 Trec..
2376 4686 2588 4741 Bellov.
2620 4684 2736 4740 duo
2749 4685 2932 4755 antiq.
2950 4685 3657 4755 Carnot.,atligatt’om’bus.

2092 4753 2163 4830 (ε)
2180 4759 2313 4813 Haec
2328 4756 2829 4813 deerantinCorb.
2843 4801 2855 4818 ,
2869 4753 2973 4810 sed
2988 4754 3185 4830 addita
3197 4756 3662 4830 suntrecentiori

2022 4824 2220 4885 manu.
2257 4830 2321 4883 In
2356 4832 2378 4882 1
2415 4830 2648 4883 Carnot.
2682 4841 2918 4899 quoque
2950 4842 3069 4881 non
3100 4824 3333 4899 legitur,
3374 4826 3663 4899 autpitam

2018 4902 2186 4957 dbctr.
2224 4900 2506 4955 destituat.
2541 4899 2649 4955 llla
2671 4896 3102 4971 reprziasentent
3129 4897 3292 4952 Trec.
3325 4902 3385 4953 et
3412 4896 3535 4953 alii.

2089 4973 2159 5041 (Γ)
2189 4971 2384 5035 Corb.,
2412 4971 2668 5027 videndo.

2111 5039 2165 5112 7g)
2200 5041 2458 5097 Laudun.
2495 5049 2553 5097 et
2580 5044 2766 5110 Trec.,
2797 5040 3022 5112 arbitris
3052 5039 3253 5112 oculos.

2112 5110 2166 5182 It)
2190 5114 2309 5168 Hoc
2329 5119 2745 5184 argumentum
2770 5112 2981 5184 legitur
3005 5110 3065 5184 in
3091 5111 3284 5166 indice
3309 5111 3463 5184 Srec.
3488 5111 3653 5179 Cod.,

2016 5182 2127 5240 nec
2152 5192 2348 5239 tamen
2372 5182 2752 5256 praemittitur
2775 5182 2947 5255 capiti
2976 5183 3185 5254 primo,
3208 5182 3367 5256 quod
3388 5182 3656 5256 absolute

2017 5256 2101 5311 sic
2124 5256 2333 5327 incipit
2349 5272 2361 5319 ;
2376 5253 2552 5313 Nulla
2572 5274 2679 5313 ars.
2700 5257 2789 5310 Pri
2802 5253 2895 5310 nia
2918 5253 3073 5309 linea
3092 5254 3276 5309 miuio
3291 5260 3379 5308 est
3399 5253 3653 5326 depicta.

2014 5328 2081 5383 In
2116 5326 2377 5400 margine
2407 5336 2647 5384 notatur
2680 5332 2727 5390 1,
2760 5333 2818 5381 et
2848 5328 2908 5381 in
2941 5326 3185 5400 reliquis
3218 5342 3387 5400 copp.
3422 5329 3475 5390 2,
3509 5327 3561 5393 3,
3596 5327 3651 5394 4,

2015 5404 2127 5455 etc.
2161 5395 2285 5465 Quia
2315 5400 2374 5454 in
2406 5416 2469 5454 re
2503 5401 2639 5454 huic
2667 5400 2771 5452 Ms.
2803 5395 3126 5452 concinnat
3152 5395 3607 5452 Gemeticenses.

2087 5474 2153 5541 (i)
2182 5472 2378 5535 Corb.,
2413 5471 2568 5525 Laud
2600 5512 2613 5537 ,
2649 5470 2887 5539 Longip.
2913 5485 2931 5522 :
2961 5469 3036 5523 Ab
3069 5470 3258 5541 imper.
3290 5482 3421 5535 ergo
3459 5473 3657 5537 pasto-

2013 5540 2167 5598 ribus
2195 5544 2410 5608 magist.
2442 5542 2723 5612 pastorale
2767 5541 3067 5612 suscipitur
3094 5540 3154 5593 in
3204 5554 3407 5608 magna
3436 5541 3657 5597 temeri-

2017 5620 2146 5683 tate,
2178 5615 2439 5685 quoniam
2466 5631 2576 5684 ars,
2610 5619 2721 5671 etc.
