4136 6178
489 328 567 411 15
1702 320 1980 408 SANCTI
2026 341 2394 406 anscoau
2437 341 2680 403 MAGNI
3802 347 3869 406 re

485 489 546 539 et
574 483 783 549 nescit,
817 482 957 553 quia
987 495 1135 561 quos
1163 477 1562 555 pennittendo
1593 478 1826 547 tolerat,
1863 478 2124 551 profecto
2160 480 2213 548 Α
2243 490 2425 548 opera
2444 478 2880 548 pervertuntur,
2904 472 3074 547 quasi
3096 473 3390 548 corruptis
3408 474 3676 532 fontibus
3699 476 3759 531 in
3778 494 3872 549 po-

488 588 593 643 per
608 570 906 643 judicium
926 588 988 626 re
996 569 1363 643 probationis
1387 569 1635 639 ignorat.
1666 568 1827 623 Unde
1841 568 1917 622 ad
1935 584 1997 621 se
2010 567 2135 638 qui-

483 660 732 715 busdam
758 666 816 714 et
831 666 967 731 post
991 657 1275 714 miracula
1297 656 1668 711 venientibus
1690 656 1866 711 dicit:
1887 656 2138 711 Recedile

483 766 517 802 a
543 767 646 816 me,
682 750 931 819 aperarii
969 749 1305 818 iniquitatis,
1330 748 1507 800 nescio
1535 748 1634 815 qui
1661 747 1785 798 estis
1827 745 1979 815 (Luc.
2013 760 2133 811 xm,

485 841 597 903 27;.
624 840 938 893 Pastorum
973 836 1271 906 imperitia
1300 850 1436 891 voce
1472 833 1742 887 Veritatis
1770 833 2133 906 increpatur,

481 943 615 982 cum
630 944 736 998 per
748 929 858 981 Pro
864 927 979 997 phe
990 925 1227 979 tamdici
1239 930 1349 977 tur:
1360 925 1467 993 Ipsi
1470 929 1720 991 pastores
1736 925 2133 991 ignorarerunt

476 1016 909 1086 intelligentiam
932 1014 1079 1085 (lsai.
1106 1030 1213 1078 LVI,
1252 1012 1357 1083 11).
1392 1012 1547 1083 Quos
1576 1027 1815 1067 rursum
1844 1011 2131 1085 Dominus

473 1104 818 1172 detestatur,
858 1103 1092 1158 dicens:
1129 1103 1201 1155 Et
1233 1105 1473 1154 tenentes
1504 1100 1675 1169 legem
1703 1099 2013 1154 nescierunt
2045 1116 2129 1155 me

473 1194 606 1257 (Jer.
639 1209 701 1246 ιι.
735 1193 808 1262 8).
843 1198 912 1247 Et
935 1188 1150 1246 nesciri
1183 1205 1319 1259 ergo
1352 1204 1413 1242 se
1445 1187 1521 1243 ab
1550 1189 1635 1243 eis
1670 1189 1894 1244 Veritas
1925 1189 2128 1259 queri-

486 1289 667 1350 tur,et
680 1281 907 1336 nescire
924 1296 984 1334 se
1009 1279 1404 1350 principatum
1422 1277 1820 1333 nescientium
1840 1283 2126 1350 protesta-

482 1378 596 1435 tur,
622 1370 760 1441 quia
780 1368 1043 1439 profecto
1061 1367 1120 1420 hi
1146 1367 1246 1438 qui
1270 1383 1340 1422 ea
1361 1369 1521 1436 (Dist.
1553 1367 1645 1436 38,
1667 1383 1713 1422 c.
1734 1369 1840 1433 Qui
1868 1372 1961 1436 ea)
1991 1384 2123 1438 qua)

481 1466 619 1515 sunt
640 1456 874 1512 Domini
897 1455 1193 1522 nesciunt,
1215 1472 1251 1511 a
1271 1455 1524 1511 Domino
1551 1456 1920 1523 nesciuntur,
1943 1455 2122 1511 Paulo

476 1550 792 1603 attestante
816 1544 917 1616 qui
940 1545 1050 1601 ait:
1077 1545 1139 1600 Si
1155 1547 1278 1614 quis
1297 1552 1480 1600 autem
1503 1546 1745 1615 ignorat,
1772 1544 2123 1616 ignorabitur

475 1638 508 1691 Ι
523 1638 647 1693 Cor.
671 1635 913 1707 x1v.38).
938 1636 1076 1700 Quae
1099 1636 1383 1691 nimirum
1417 1636 1730 1693 Pastorum
1753 1652 1909 1708 sepe
1933 1636 2119 1709 impe-

472 1724 519 1779 ri
532 1726 607 1779 tia
622 1725 850 1780 meritis
872 1724 1581 1797 congruitsubjectorum,
1607 1724 2121 1796 quiaquamvislu-

470 1831 608 1870 men
636 1815 900 1870 scientim
931 1831 1037 1870 sua
1067 1815 1243 1888 culpa
1272 1816 1538 1888 exigente
1562 1832 1681 1871 non
1725 1815 2003 1883 habeant,
2027 1815 2118 1870 di-

476 1905 680 1959 stricto
706 1903 1147 1974 tamenjudicio
1171 1904 1382 1977 agitur,
1402 1911 1468 1960 ut
1490 1921 1594 1976 per
1613 1921 1819 1959 eorum
1843 1905 2121 1978 ignoran-

472 1995 617 2050 tiam
632 1993 689 2048 hi
705 1993 880 2047 etiam
896 1993 996 2063 qui
1016 2000 1348 2063 sequuntur
1361 1992 1683 2048 offendant.
1700 1994 1847 2048 Hinc
1862 2009 2119 2064 namque

466 2082 527 2137 in
574 2082 884 2154 Evangelia
934 2098 1039 2153 per
1060 2083 1440 2153 semetipsam
1485 2082 1710 2137 Veritas
1734 2081 1906 2136 dicit:
1930 2083 1992 2138 Si
2020 2098 2121 2137 ca:-

478 2190 571 2229 cus
599 2190 736 2230 caeco
763 2174 1024 2229 ducatum
1055 2174 1316 2243 praebeat,
1359 2174 1518 2228 ambo
1550 2173 1609 2229 in
1640 2178 1856 2242 foveam
1911 2174 2120 2229 cadunt

472 2263 688 2335 (Matth.
718 2279 809 2323 xv,
837 2264 942 2330 14).
970 2262 1116 2317 Hinc
1137 2262 1450 2319 Psalmista
1477 2279 1595 2318 non
1617 2262 1876 2334 optantis
1897 2264 2118 2331 animo,

468 2351 570 2407 sed
588 2350 998 2423 prophetantis
1014 2356 1085 2418 ζα)
1102 2351 1433 2406 ministerio
1449 2350 2120 2409 denuntiat.dicens:0b-

478 2448 765 2495 scurentur
787 2441 933 2495 oculi
952 2456 1139 2495 eorum
1168 2457 1237 2495 ne
1266 2443 1507 2503 videant.
1550 2447 1601 2495 et
1647 2441 1869 2495 dorsum
1896 2441 2121 2495 illorum

474 2545 682 2598 semper
704 2531 932 2583 incurva
960 2530 1129 2596 (Psal.
1153 2545 1339 2596 vam,
1370 2530 1479 2598 24).
1513 2528 1680 2584 Oculi
1710 2529 1927 2600 quippe
1959 2534 2120 2595 sunt,

483 2616 584 2688 qui
610 2617 671 2673 in
703 2617 831 2688 ipsa
859 2616 1105 2671 honoris
1136 2617 1352 2673 summi
1376 2617 1526 2673 facie
1549 2617 1748 2689 positi,
1774 2615 2125 2689 providendi

482 2705 712 2761 itineris
743 2705 1004 2760 officium
1038 2712 1463 2778 susceperunt:
1498 2705 1714 2776 quibus
1743 2706 1805 2761 in
1837 2706 2123 2761 nimirum

478 2794 579 2865 qui
610 2794 1043 2865 subSequenler
1063 2794 1385 2863 inhmrent;
1403 2795 1577 2850 dorsa
1590 2797 1996 2851 nominantur.
2020 2794 2129 2850 Ob-

487 2883 889 2955 scuratisergo
919 2882 1103 2939 oculis
1135 2883 1375 2939 dorsum
1392 2884 1671 2953 ﬂectitur,
1704 2886 1844 2957 quia
1872 2901 2006 2940 cum
2033 2883 2124 2939 lu-

472 2988 612 3028 men
640 2991 666 3029 s
678 2972 911 3028 cientia‘.
924 2972 1181 3045 perdunt
1198 2974 1296 3044 qui
1311 2978 1598 3045 praeeunt,
1616 2976 1879 3046 profecto
1897 2974 1971 3030 ad
1987 2989 2125 3047 por-

475 3060 657 3117 tanda
675 3068 1054 3133 peccatorum
1086 3069 1406 3118 curvantur
1431 3079 1616 3120 onera
1636 3064 1738 3134 qui
1771 3069 2120 3134 sequuntur.

1058 3188 1062 3193 ι
1123 3152 1355 3207 CAPUT
1391 3153 1463 3207 ll.

2246 566 2403 621 tibus
2425 566 2615 621 lutum
2637 569 2898 620 sumunt.
2923 563 3070 620 Hinc
3091 580 3327 635 quoque
3357 564 3638 636 scriptum
3674 571 3765 620 est
3783 581 3877 637 per

2244 654 2592 726 prophetam
2611 655 2711 728 :(e)
2738 657 2981 725 Laqueus
3015 655 3190 708 ruinae
3214 654 3415 724 populi
3443 655 3876 723 mei,sacerdotes

2241 745 2375 798 mali
2400 745 2571 815 (Osee,
2595 761 2646 811 v,
2675 748 2732 810 1;
2757 762 2834 809 1x,
2857 744 2933 814 8).
2959 743 3104 797 Hinc
3127 759 3361 797 rursum
3385 743 3456 797 de
3482 743 3878 799 sacerdotibus

2240 831 2527 887 Dominus
2565 849 2672 903 per
2717 831 3067 904 prophetam
3118 831 3296 886 dicit:
3331 833 3488 886 Facti
3534 839 3663 886 sunt
3701 833 3880 886 domui

2238 922 2407 976 Israel
2431 924 2487 976 in
2504 922 2900 992 offendiculum
2914 922 3255 991 iniquitatis.
3282 922 3463 975 Nemo
3485 921 3703 992 quippe
3717 922 3874 989 (Dist.

2238 1010 2325 1071 83,
2351 1026 2399 1065 c.
2422 1011 2589 1065 Nemo
2604 1010 2832 1084 quippe)
2856 1010 3112 1082 amplius
3133 1009 3195 1063 in
3217 1008 3683 1069 Ecclesianocet,
3703 1024 3873 1079 quam

2238 1096 2337 1167 qui
2360 1112 2632 1168 perverse
2653 1113 2857 1170 agens,
2880 1113 3100 1151 nomen
3129 1095 3220 1151 vel
3254 1095 3522 1152 ordinem
3555 1096 3874 1151 sanctitatis

2235 1184 2429 1240 habet.
2455 1185 2915 1257 Delinquentem
2928 1202 3187 1256 namque
3204 1186 3362 1240 hunc
3385 1184 3738 1258 redarguere
3752 1183 3876 1239 nul-

2237 1273 2327 1329 lus
2340 1275 2677 1346 praesumit;
2694 1275 2824 1329 etin
2839 1273 3173 1345 exemplum
3187 1274 3362 1346 culpa
3373 1275 3757 1330 vehementer
3777 1290 3873 1328 ex-

2239 1363 2521 1430 tenditur,
2539 1363 2774 1434 quando
2787 1380 2894 1435 pro
2908 1364 3239 1418 reverentia
3250 1363 3477 1419 ordinis
3489 1368 3764 1434 peccator
3775 1363 3845 1417 ho
3859 1392 3873 1404 -

2232 1458 2496 1508 noratur.
2515 1453 2957 1525 lndigniautem
2981 1453 3202 1525 quique
3224 1454 3373 1509 tanti
3397 1459 3595 1509 reatus
3618 1451 3875 1524 pondera

2229 1541 2520 1615 fugerent,
2543 1542 2591 1596 si
2605 1543 2866 1598 veritatis
2880 1543 3239 1598 sententiam
3256 1542 3511 1598 sollicita
3532 1542 3726 1597 cordis
3739 1557 3874 1597 aure

2227 1638 2570 1702 pensarent,
2597 1649 2729 1704 quae
2751 1633 2864 1688 ait:
2889 1635 2995 1699 Qui
3010 1634 3467 1689 scandalizaverit
3489 1649 3655 1688 unum
3687 1633 3753 1687 de
3770 1649 3876 1703 pu-

2225 1722 2363 1776 sillis
2377 1722 2495 1777 istis
2514 1722 2685 1792 quiin
2719 1740 2802 1777 me
2831 1724 3084 1792 credant,
3111 1725 3180 1794 (fj
3202 1724 3425 1794 expedit
3442 1725 3493 1778 ei
3510 1731 3571 1778 ut
3588 1724 3876 1793 suspenda-

2228 1818 2318 1867 tur
2337 1812 2484 1867 mola
2514 1815 2767 1868 asinaria
2798 1816 2855 1868 in
2887 1815 3026 1869 collo
3055 1817 3191 1886 ejus,
3220 1822 3271 1870 et
3303 1817 3654 1885 demergatur
3670 1818 3724 1869 in
3744 1831 3874 1885 pro-

2223 1902 2464 1976 fundum
2495 1905 2667 1958 maris
2697 1904 2917 1972 (Matth.
2951 1921 3110 1966 xvm,
3144 1906 3219 1976 6).
3252 1906 3363 1959 Per
3393 1904 3608 1959 molam
3658 1903 3871 1974 quippe

2226 1990 2565 2055 asinariam,
2591 1992 2879 2048 secularis
2892 1993 3021 2047 vitae
3036 1994 3319 2048 circuitus
3332 2010 3399 2050 ac
3412 1993 3579 2048 labor
3591 1993 3753 2063 expri
3765 1992 3872 2046 mi-

2228 2084 2342 2148 tur,
2368 2086 2427 2133 et
2446 2095 2553 2150 per
2564 2069 3118 2151 profundummaris
3131 2080 3706 2136 extremadamnatio
3720 2078 3868 2134 desi-

2227 2173 2459 2239 gnatur.
2493 2168 2601 2233 Qui
2635 2184 2770 2241 ergo
2801 2169 2875 2224 ad
2906 2169 3236 2224 sanctitatis
3267 2169 3524 2241 speciem
3556 2168 3865 2234 deductus,

2226 2256 2315 2310 vel
2347 2256 2522 2312 verbo
2571 2264 2818 2314 casteros
2847 2258 3119 2325 destruit,
3158 2257 3250 2312 vel
3298 2256 3606 2328 exemplo;
3657 2256 3869 2311 melius

2225 2347 2489 2417 profecto
2518 2347 2731 2416 fuerat,
2764 2354 2829 2403 ut
2856 2348 3015 2404 hunc
3045 2347 3121 2403 ad
3159 2354 3411 2403 mortem
3453 2347 3562 2404 sub
3595 2346 3870 2402 exteriori

2228 2436 2434 2492 habitu
2478 2442 2713 2493 terrena
2760 2444 2891 2494 acta
2935 2438 3432 2510 constringerent,
3478 2454 3660 2509 quam
3710 2452 3877 2492 sacra

2229 2527 2430 2582 ofﬁcia
2483 2528 2544 2583 in
2592 2528 2768 2599 culpa
2828 2529 3057 2583 caeteris
3105 2528 3455 2584 imitabilem
3507 2527 3877 2583 demonstra-

2238 2620 2394 2680 rent,
2454 2615 2593 2686 quia
2646 2615 2929 2670 nimirum
2979 2615 3027 2669 si
3075 2615 3235 2671 solus
3282 2614 3539 2685 caderet,
3578 2618 3878 2683 utcunque

2236 2705 2396 2761 hunc
2428 2704 2790 2760 tolerabilior
2818 2704 3032 2761 inferni
3065 2721 3240 2776 paena
3269 2704 3581 2760 cruciaret.

2879 2794 3108 2849 CAPUT
3144 2792 3242 2849 Ill.

2244 2887 2321 2940 De
2349 2886 2591 2956 pondere
2618 2883 2946 2954 regiminis;
2975 2890 3027 2939 et
3057 2884 3206 2955 quod
3239 2884 3465 2939 adversa
3505 2898 3734 2956 quaeque
3760 2882 3879 2937 des-

2442 2957 2710 3027 picienda
2739 2963 2888 3025 sunt,
2919 2962 2969 3010 et
2995 2972 3260 3026 prospera
3286 2955 3663 3025 formidanda.

2306 3047 2440 3102 Haec
2461 3046 2661 3117 itaque
2684 3045 2939 3100 breviter
2952 3044 3231 3115 diximus,
3256 3050 3617 3116 utquantum
3640 3043 3880 3115 sitpon-

2234 3134 2344 3191 dus
2363 3134 2667 3208 regiminis
2690 3139 3262 3202 monstraremus,ne
3276 3134 3591 3189 temerarie
3604 3149 3771 3188 sacra
3782 3147 3877 3187 re-

469 3240 555 3296 Ne
585 3239 762 3296 locum
795 3239 1082 3310 regiminis
1123 3242 1374 3303 subeant,
1407 3243 1506 3312 qui
1539 3242 1768 3297 vivendo
1807 3258 1917 3297 non
1949 3241 2119 3312 perfi-

2238 3224 2451 3297 gimina
2463 3223 2736 3295 quisquis
2757 3223 2849 3278 his
2879 3221 3423 3293 imparestaudeat,
3446 3229 3506 3277 et
3524 3239 3631 3294 per
3652 3236 3878 3276 concu-

791 3315 946 3367 ciunt
970 3328 1091 3382 quae
1122 3311 1435 3367 meditando
1468 3313 1805 3369 didicerunt.

537 3401 606 3456 Et
629 3407 769 3456 sunt
794 3400 1067 3456 nonnulli
1095 3401 1196 3472 qui
1236 3400 1438 3457 solerti
1466 3418 1608 3457 cura
1639 3401 1933 3474 spiritalia
1973 3419 2121 3473 prm-

2226 3313 2579 3385 piscentiam
2593 3310 2894 3379 culminis,
2910 3309 3190 3365 ducatum
3206 3309 3878 3383 suscipiatperditionis.

2229 3403 2376 3458 Hinc
2406 3401 2566 3456 enim
2606 3402 2702 3472 pie
2751 3399 3001 3455 Jacobus
3054 3398 3351 3470 prohibet,
3399 3399 3643 3454 dicens:
3702 3397 3881 3453 Nolite

468 3494 1120 3562 ceptaperscrutantur,
1150 3488 1254 3545 sed
1278 3506 1407 3560 quas
1429 3490 1505 3562 (b)
1529 3490 1914 3563 intelligendo
1936 3506 2123 3562 pene-
2221 3493 2414 3563 plures
2447 3492 2706 3562 magistri
2742 3490 2885 3559 ﬁeri,
2933 3492 3138 3557 fratres
3184 3490 3291 3543 mei
3321 3488 3461 3559 (Jac.
3491 3504 3575 3553 ιιι,
3626 3490 3697 3557 1).
3731 3486 3882 3541 Hinc

474 3585 654 3642 trant,
688 3578 928 3633 vivendo
961 3578 1338 3646 conculcant;
1374 3585 1619 3650 repente
1662 3579 1876 3636 docent
1907 3584 1956 3636 4
1989 3597 2121 3652 qua)

474 3684 593 3723 non
617 3683 815 3737 opere,
832 3667 935 3721 sed
950 3666 1333 3722 meditatione
1348 3666 1714 3735 didicerunt;
1731 3675 1787 3723 et
1811 3669 1968 3740 quod
1990 3686 2120 3724 ver-

476 3755 571 3811 bis
590 3754 934 3827 przepicant,
960 3754 1224 3811 moribus
1246 3756 1611 3827 impugnant.
1639 3758 1801 3813 Unde
1830 3760 1892 3812 fit
1912 3765 2123 3819 utcum

479 3845 688 3899 Pastor
718 3860 824 3914 per
851 3843 1100 3915 abrupta
1133 3844 1419 3916 graditur,
1453 3844 1527 3900 ad
1560 3846 1945 3917 praecipitium
1987 3865 2127 3919 grex

478 3937 778 4003 sequatur.
816 3933 961 3987 Hinc
993 3950 1251 4005 namque
1295 3951 1402 4005 per
1448 3934 1799 4006 prephetam
1843 3938 2126 3994 Dominus

480 4028 688 4077 contra
705 4022 1220 4093 contemptibilem
1254 4024 1562 4081 Pastorum
1588 4025 1898 4081 scientiam
1929 4027 2125 4097 queri-

478 4118 596 4175 tur,
629 4111 862 4167 dicens:
897 4114 1029 4168 Cum
1065 4112 1177 4182 ipsi
1217 4113 1653 4183 limpidissimam
1685 4132 1886 4186 aquam
1918 4118 2126 4171 bibere-

480 4204 568 4259 tis.
584 4203 653 4271 (ε)
671 4192 943 4271 reliquam
960 4204 1197 4272 pedibus
1212 4203 1405 4258 vestris
1427 4203 1733 4259 turbabatis
1744 4223 1765 4269 ;
1786 4212 1835 4259 et
1851 4222 1971 4262 oves
2002 4221 2130 4261 meae

479 4304 602 4360 qua:
615 4291 933 4345 conculcata
959 4292 1193 4361 pedibus
1216 4295 1405 4347 vestris
1429 4296 1675 4361 fuerant,
1698 4295 2131 4363 pascebatur;et

487 4395 610 4449 quae
636 4378 794 4449 pedes
825 4381 990 4434 vestri
1029 4381 1407 4448 turbaverant,
1459 4381 1577 4438 haec
1625 4382 1883 4438 bibebant
1913 4384 2128 4450 (Ezech.

486 4484 672 4529 xxxiv.
692 4469 778 4534 18,
804 4470 912 4539 19).
941 4473 1166 4539 Aquam
1189 4470 1406 4541 quippe
1430 4469 1909 4541 limpidissimam
1929 4473 2133 4528 Pasto-

486 4573 582 4612 res
601 4555 836 4626 bibunt,
861 4573 995 4612 cum
1018 4558 1245 4614 fluenta
1265 4559 1528 4615 veritatis
1550 4564 1707 4615 recte
1737 4560 2137 4633 intelligentes

488 4645 792 4702 hauriunt.
822 4645 934 4701 Sed
956 4646 1228 4702 eamdem
1253 4663 1467 4718 aquam
1497 4646 1748 4720 pedibus
1770 4650 2138 4721 perturbare,

483 4740 574 4789 est
588 4739 808 4791 sancta:
828 4734 1236 4792 meditationis
1251 4736 1446 4793 studia
1461 4736 1613 4793 male
1628 4736 1871 4794 vivendo
1884 4756 2142 4796 corrum-

485 4839 647 4894 pere.
684 4826 912 4894 Aquam
937 4824 1168 4881 scilicet
1189 4842 1395 4881 eorum
1419 4826 1712 4882 turbatam
1735 4826 1982 4898 pedibus
2004 4845 2141 4885 oves

480 4911 717 4979 bibunt,
756 4929 892 4967 cum
930 4914 1183 4985 subjecti
1216 4915 1436 4986 quique
1463 4917 1927 4971 non‘sectantur
1962 4917 2140 4973 verba

485 5018 616 5072 quae
631 5002 901 5063 audiunt.
936 5005 1038 5059 sed
1061 5006 1186 5060 sola
1200 5023 1329 5076 qua:
1362 5007 1445 5077 (ά)
1473 5006 1848 5077 conspiciunt
1868 5006 2138 5080 exempla

482 5091 788 5162 pravitatis
811 5092 1142 5151 imitantur.
1167 5095 1275 5160 Qui
1297 5112 1434 5151 cum
1457 5094 1612 5150 dicta
1631 5096 1861 5162 sitiunt,
1879 5096 2138 5169 quiaper

556 5230 635 5308 (ᾳ)
686 5232 810 5287 Duo
862 5234 1383 5308 prioreeremet"
1428 5232 1724 5290 secundus
1743 5233 1920 5306 Aud.,
1980 5237 2135 5308 Lyr.,

483 5306 812 5375 Rothomag
844 5346 857 5371 ,
891 5307 1172 5375 mysterio.

444 5412 447 5413 ν
485 5447 502 5450 _
553 5377 629 5445 (b)
657 5376 890 5450 Tertius
921 5380 1185 5447 Caruot.,
1218 5377 1591 5450 Rothomag.,
1627 5376 1925 5433 secundus
1956 5380 2133 5450 Aud.,

484 5447 637 5519 l.yr.,
681 5446 913 5519 Δ[ιοῐιςίρ
946 5490 959 5515 ,
1023 5450 1145 5504 Val.
1173 5446 1306 5514 CL,
1369 5446 1617 5516 legendo.
1671 5450 1849 5504 Error
1886 5446 2133 5507 forsitan

483 5516 723 5587 irrepsit
749 5516 837 5571 ex'
857 5516 1030 5574 modo
1062 5519 1361 5576 scribendi
1392 5525 1684 5591 veterum,
1706 5522 1807 5592 qui
1831 5520 2131 5592 dixerunt,

486 5589 867 5647 intelligendo.
900 5597 967 5645 ut
993 5596 1102 5647 ast.
1131 5592 1194 5647 in
1222 5594 1384 5647 Trec.

486 5605 867 5656 mwmgenao,
900 5605 967 5645 ut
993 5605 1102 5647 ast.
1131 5607 1194 5647 in
1223 5605 1384 5647 'l‘rec.

557 5604 867 5656 terrigenae,
900 5604 967 5645 ut
993 5604 1102 5647 ast.
1131 5607 1180 5647 in

557 5658 628 5732 (c)
664 5657 906 5730 Bellov.,
941 5663 1180 5734 reliqua.

2228 3582 2354 3652 ipse
2385 3580 2488 3636 Dei
2522 3579 2950 3648 hominumque
2981 3575 3269 3631 Mediator
3292 3592 3538 3648 regnum
3570 3576 3879 3648 percipere

2228 3669 2430 3725 vitavit
2459 3669 2521 3723 in
2554 3667 2749 3733 terris,
2775 3667 2873 3737 qui
2889 3681 3282 3737 supernorum
3306 3681 3543 3737 quoque
3564 3665 3885 3737 Spirituum

2236 3759 2549 3815 scientiam
2573 3771 2936 3825 sensumque
2950 3755 3401 3825 transcendens,
3418 3761 3554 3812 ante
3566 3755 3778 3811 saecula
3789 3769 3885 3810 re-

2229 3861 2371 3922 gnat
2390 3850 2453 3904 in
2475 3848 2661 3904 caalis.
2690 3847 2986 3919 Scriptum
3010 3846 3231 3919 quippe
3256 3853 3381 3903 est:
3422 3851 3576 3904 Jesus
3613 3864 3741 3918 ergo
3763 3863 3889 3903 cum

2231 3938 2568 4010 cognovisset
2589 3935 2726 4007 quia
2747 3938 2965 3991 venturi
2989 3944 3163 3993 essent
3188 3945 3249 3993 ut
3269 3945 3525 4011 raperent
3547 3954 3695 4006 eum,
3716 3944 3766 3993 et
3794 3939 3887 4006 fa-

2232 4035 2413 4085 cerent
2429 4045 2549 4083 eum
2565 4043 2764 4097 regem.
2789 4026 2868 4098 (g)
2896 4029 3045 4096 fugit
3060 4028 3260 4086 iterum
3287 4031 3344 4082 in
3356 4034 3594 4084 montem
3615 4030 3730 4098 ipse
3739 4028 3889 4082 solus

2234 4120 2414 4185 (Joan.
2439 4135 2510 4178 v1.
2538 4117 2647 4189 15).
2698 4116 2838 4181 Quis
2863 4116 3020 4172 enim
3044 4117 3365 4189 principari
3397 4118 3732 4173 hominibus
3764 4122 3889 4172 tam

2235 4208 2363 4263 sine
2383 4206 2559 4278 culpa
2578 4206 2889 4277 potuisset,
2922 4222 3100 4276 quam
3128 4206 3177 4261 is
3199 4208 3299 4278 qui
3339 4207 3447 4262 hos
3478 4207 3761 4262 nimirum
3794 4220 3891 4259 re-

2235 4302 2417 4371 geret,
2451 4312 2601 4366 quos
2654 4295 2781 4368 ipse
2831 4295 3174 4351 creaverat?
3222 4296 3335 4351 Sed
3382 4296 3522 4369 quia
3568 4296 3792 4352 idcirco
3825 4293 3892 4348 in

2237 4401 2413 4442 carne
2436 4390 2699 4450 venerat,
2723 4389 2787 4439 ut
2811 4401 2930 4440 non
2954 4384 3147 4439 solum
3174 4401 3280 4440 nos
3303 4400 3409 4458 per
3437 4385 3777 4456 passionem
3802 4401 3893 4440 re-

2238 4475 2512 4539 dimeret,
2543 4473 2587 4529 ὅ
2619 4489 2825 4528 verum
2847 4473 3025 4528 etiam
3055 4490 3161 4544 per
3182 4474 3691 4530 conversationem
3724 4473 3900 4528 doce-

2169 4585 2211 4650 ι)
2242 4571 2352 4633 ret,
2387 4563 2727 4635 exemplum
2758 4578 2821 4618 se
2863 4564 3253 4634 sequentibus
3292 4564 3582 4636 praebens,
3626 4579 3727 4618 rex
3757 4561 3895 4617 ﬂeri

2252 4653 2462 4719 noluit,
2488 4652 2561 4709 ad
2592 4652 2785 4708 crucis
2806 4668 2945 4707 vero
2976 4652 3308 4723 patibulum
3342 4657 3551 4725 sponte
3581 4650 3895 4718 convexit;

2247 4742 2506 4799 oblatam
2539 4740 2784 4814 gloriam
2815 4739 3095 4796 culminis
3125 4740 3292 4813 fugit,
3325 4757 3559 4813 pmnam
3589 4738 3896 4811 probrosas

2246 4833 2455 4888 mortis
2476 4830 2758 4903 appetiit;
2780 4834 2846 4885 ut
2863 4828 3134 4886 membra
3155 4830 3283 4901 ejus
3305 4829 3902 4886 videlicetdiscerent

2244 4922 2472 4977 favores
2501 4920 2708 4975 mundi
2734 4918 2955 4991 fugere,
2982 4924 3239 4975 terrores
3263 4919 3506 4975 minime
3526 4919 3756 4985 timere,
3781 4933 3897 4989 pro

2248 5012 2488 5066 veritate
2520 5010 2762 5065 adversa
2788 5008 3050 5079 diligere,
3075 5024 3361 5080 prospera
3388 5007 3762 5064 formidando
3786 5006 3901 5062 de-

2245 5100 2492 5167 clinare,
2525 5099 2664 5168 quia
2693 5103 2752 5153 et
2772 5097 2884 5152 ista
2914 5113 3069 5168 saepe
3101 5115 3208 5170 per
3235 5103 3531 5156 tumorem
3557 5115 3659 5155 cor
3688 5095 3900 5167 inqui-

2317 5242 2396 5315 (d)
2427 5242 2620 5315 Corb.,
2652 5241 2997 5315 conspiciunt
3026 5256 3213 5311 Opera.

2316 5311 2387 5382 (ei
2412 5316 2475 5367 In
2510 5311 2659 5383 plur.
2693 5311 2898 5378 Codd.,
2930 5328 3094 5367 causa
3125 5316 3320 5371 ruinae.

2317 5389 2391 5454 (Γ)
2421 5383 2691 5453 Plerique
2723 5384 2946 5445 Norm..
2976 5386 3173 5441 melius
3197 5394 3315 5441 erat
3345 5386 3416 5443 ei.

2315 5453 2395 5526 (ρ)
2426 5455 2661 5510 Primus
2693 5453 2910 5508 Aud.et
2935 5462 3053 5510 tres
3076 5459 3298 5513 Gemet.
3331 5462 3633 5513 :venerunt
3650 5461 3711 5509 ut
3732 5471 3906 5525 rape-

2246 5536 2369 5583 rent
2398 5543 2540 5594 eum,
2573 5532 2623 5580 et
2648 5526 3038 5581 constituerent
3059 5545 3240 5598 regem
3258 5530 3384 5596 sibi,
3415 5542 3523 5597 quo
3538 5528 3760 5596 cognito
3793 5529 3902 5598 fu:

2247 5600 2331 5725 ﬂii
2356 5601 2554 5654 iterum
2584 5598 2642 5651 in
2672 5606 2908 5653 montem
2946 5600 3063 5670 ipse
3089 5596 3233 5684 solus
3261 5606 3313 5654 et
3342 5596 3626 5681 abscondit
3654 5613 3729 5653 se.
3771 5596 3901 5653 Alii

2299 5686 2474 5725 στω..
2505 5684 2611 5725 auo
2649 5683 2807 5725 cogn.
2836 5671 3009 5725 Jesus.
3042 5673 3195 5725 fuait
3223 5676 3276 5725 et
3302 5668 3585 5725 abscondit
3612 5684 3687 5725 se.

2299 5686 2474 5741 οιῚιι⁸⁷
2505 5684 2611 5739 quo
2649 5683 2807 5737 cogn.
2836 5668 3009 5740 Jesus,
3040 5673 3195 5739 fugit
3223 5676 3276 5726 et
3302 5668 3585 5725 abscondit
3612 5684 3687 5725 se.
