4136 6178
458 343 536 410 19
1656 345 1933 409 SANCTI
1979 339 2348 407 GREGORII
2392 340 2647 402 MAGNI
3774 342 3850 405 20

459 480 518 536 in
549 481 711 537 domo
728 488 856 538 sunt
877 482 1098 549 (Matth.
1122 499 1174 549 v,
1202 483 1464 545 15).Ηίοο
1485 482 1657 537 Petro
1679 481 1795 537 ait:
1819 480 1898 549 (a)
1920 478 2105 533 Simon
2136 483 2180 546 Α
2218 475 2380 530 tinax
2410 492 2530 530 non
2563 476 2879 545 est.l\'eque
2910 474 3066 530 enim
3089 491 3223 530 vere
3243 473 3486 530 humilis
3509 478 3617 542 est,
3641 477 3739 547 qui
3763 494 3854 534 su-

461 572 716 637 Joannis,
740 589 893 628 amas
939 590 1024 628 me
1045 573 1074 628 ‘?
1121 576 1300 643 (Joan.
1351 589 1441 634 xv,
1470 574 1555 638 16,
1617 576 1674 625 ι7
1703 573 1721 641 )
1751 568 1857 634 Qui
1889 583 2023 622 cum
2045 582 2108 621 se

461 676 662 718 amare
685 664 958 733 protinus
980 663 1409 734 respondisset,
1429 660 1689 717 audivit:
1712 661 1774 712 Si
1792 657 1983 725 diligis
2003 672 2107 718 me,

453 766 621 822 pasce
639 769 761 807 oves
780 770 941 809 meas.
969 754 1025 808 Si
1054 769 1191 825 ergo
1222 751 1559 809 dilectionis
1581 756 1671 805 est
1703 746 2107 802 testimonium

467 860 609 900 cura
630 845 946 918 passionis,
974 846 1245 917 quisquis
1275 843 1587 900 virtutibus
1620 840 1846 913 pollens
1873 854 2108 912 gregem

467 933 569 989 Dei
602 935 802 991 renuit
822 951 1086 1005 pascere,
1104 941 1395 1006 pastorem
1419 948 1714 987 summum
1739 930 2112 987 convincitur

463 1041 588 1082 non
621 1042 840 1081 amare.
867 1026 1016 1083 Hinc
1038 1025 1249 1081 Paulus
1270 1024 1413 1079 dicit
1436 1040 1448 1077 :
1473 1024 1532 1078 Si
1553 1023 1798 1080 Christus
1812 1038 1919 1091 pro
1940 1023 2114 1075 omni-

471 1116 569 1170 bus
595 1122 843 1170 mortuus
872 1121 967 1181 est,
999 1130 1126 1184 ergo
1147 1129 1328 1168 omnes
1347 1114 1549 1168 mortui
1576 1118 1722 1168 sunt.
1745 1114 1816 1167 Et
1841 1112 1913 1181 (b)
1942 1112 1990 1166 si
2006 1126 2111 1180 pro

474 1203 725 1259 omnibus
748 1210 992 1258 mortuus
1011 1210 1106 1264 est,
1130 1206 1367 1272 superest
1397 1209 1457 1257 ut
1486 1200 1587 1273 qui
1614 1203 1823 1267 vivunt,
1847 1200 1971 1269 jam
1998 1214 2110 1254 non

466 1291 574 1347 sibi
602 1290 815 1357 vivant,
836 1292 929 1346 sed
955 1290 1009 1346 ei
1037 1292 1136 1361 qui
1155 1307 1262 1360 pro
1291 1292 1425 1361 ipsis
1452 1296 1703 1345 mortuus
1722 1296 1822 1353 est,
1853 1295 1904 1344 et
1931 1304 2112 1343 resur-

463 1381 614 1436 rexit
635 1383 716 1452 (Π
735 1384 861 1436 Cor.
881 1380 1203 1450 v,15).llinc
1225 1382 1450 1452 Moyses
1467 1380 1550 1435 ait
1572 1378 2107 1450 'Deuteron.xxv,5),

467 1474 534 1524 ut
553 1484 799 1524 uxorem
821 1468 1022 1523 fratris
1043 1468 1171 1524 sine
1198 1469 1339 1525 filiis
1361 1468 1647 1535 defuncti,
1673 1473 1972 1540 superstes
1995 1466 2109 1523 fra-

464 1562 557 1613 ter
581 1558 621 1611 7
647 1556 919 1628 accipiat,
942 1562 1118 1628 atque
1141 1556 1215 1613 ad
1239 1574 1458 1614 nomen
1480 1558 1679 1613 fratris
1702 1556 1853 1613 ﬁlios
1873 1557 2104 1630 gignat:

464 1660 643 1717 quam
668 1645 714 1699 si
737 1646 1005 1718 accipere
1026 1646 1179 1702 forte
1203 1646 1493 1713 renuerit,
1512 1646 1651 1702 huic
1673 1647 1734 1701 in
1755 1646 1968 1702 faciem
1991 1661 2109 1700 rru-

462 1734 575 1790 lier
595 1740 1179 1807 exspuat.unumque
1202 1735 1255 1792 ei
1277 1735 1491 1807 pedem
1512 1735 1884 1808 prapinquus
1905 1733 2112 1790 discal-

464 1824 602 1891 ciet,
654 1825 904 1896 ejusque
954 1825 1359 1883 habitaculum
1388 1827 1459 1898 (ε)
1491 1826 1738 1883 domum
1772 1826 2108 1882 discalceati

469 1915 867 1971 vecet.Frater
897 1916 1114 1987 quippe
1148 1915 1462 1971 defunctus
1492 1915 1588 1971 ille
1620 1922 1727 1983 est,
1752 1916 1853 1987 qui
1877 1921 2010 1988 post
2029 1931 2117 1971 re-

474 2003 860 2060 surrectionis
888 2002 1133 2077 gloriam
1156 2020 1473 2077 apparens,
1495 2004 1645 2061 dixit
1669 2005 1979 2071 :Ite,dicite
1995 2006 2118 2073 fra-

473 2092 646 2148 tribus
693 2094 827 2147 meis
854 2093 1078 2161 (Matth.
1127 2111 1319 2163 xxvm,
1356 2096 1462 2164 lO).
1487 2094 1597 2159 Qui
1625 2094 1794 2166 quasi
1827 2094 1953 2148 sine
1984 2092 2121 2149 filiis

467 2179 786 2252 obiit,quia
806 2182 1001 2237 adhuc
1026 2182 1353 2239 electorum
1384 2200 1624 2239 suorum
1658 2199 1975 2238 numerum
1999 2198 2119 2237 non

468 2271 750 2343 implevit.
768 2273 954 2345 Hujus
972 2273 1198 2329 scilicet
1213 2290 1459 2331 uxorem
1479 2280 1780 2345 superstes
1801 2273 1982 2328 frater
2001 2289 2118 2328 sor-

464 2360 566 2417 tiri
596 2361 958 2433 prmcipitur,
993 2364 1134 2434 quia
1164 2362 1411 2437 dignum
1456 2363 1719 2434 profecto
1753 2368 1933 2428 est,ut
1978 2378 2121 2418 cura

466 2453 688 2506 sancta;
720 2449 999 2507 Ecclesiae
1022 2451 1074 2505 ei
1110 2452 1211 2522 qui
1244 2452 1399 2507 hanc
1430 2451 1582 2507 bene
1612 2467 1814 2525 regere
1845 2450 2122 2522 praevalet

474 2537 838 2609 imponatur.
871 2539 972 2593 Cui
1004 2539 1233 2595 nolenti
1281 2541 1345 2596 in
1373 2540 1587 2596 faciem
1627 2540 1838 2596 mulier
1865 2540 2117 2611 exspuit.

469 2626 611 2699 quia
623 2627 891 2699 quisquis
910 2644 979 2683 ex
992 2628 1342 2685 muneribus
1355 2646 1489 2700 qum
1501 2628 2121 2702 perceperitprodesse

472 2715 604 2772 aliis
626 2732 749 2772 non
782 2722 969 2782 curat,
1002 2716 1178 2773 bonis
1204 2734 1439 2789 quoque
1470 2719 1601 2790 ejus
1636 2724 1843 2774 sancta
1862 2717 2125 2773 Ecclesia

473 2803 920 2876 exprobransei
945 2807 1113 2877 quasi
1137 2806 1199 2861 in
1223 2807 1432 2862 faciem
1458 2806 1693 2863 salivam
1710 2808 1899 2877 jactat
1924 2806 2028 2861 Cui
2050 2821 2121 2862 ex

466 2908 587 2952 uno
611 2893 760 2965 pede
783 2892 1251 2952 calceamentum
1279 2895 1528 2963 tollitur,
1548 2902 1617 2952 ut
1644 2895 1982 2951 discalceati
2014 2894 2121 2949 do-

465 3000 600 3041 mus
623 2984 1187 3057 vocetur.Scriptum
1212 2986 1431 3058 quippe
1455 2991 1582 3041 est:
1617 2986 1859 3042 Calceati
1873 2986 2040 3056 pedes
2062 2986 2120 3040 in

461 3071 883 3144 praeparatione
915 3074 1205 3145 Evangelii
1218 3077 1375 3145 pacis
1403 3075 1624 3144 tEphes.
1647 3090 1720 3141 vi,
1755 3074 1863 3145 15).
1894 3074 1950 3129 Si
1983 3089 2118 3146 ergo

467 3165 535 3217 ut
552 3167 844 3231 nostram,
867 3162 953 3219 sic
975 3179 1177 3219 curam
1201 3163 1452 3234 proximi
1485 3163 1769 3237 gerimus,
1797 3168 2118 3233 utrumque

467 3249 680 3323 pedem
704 3267 810 3322 per
830 3250 1301 3311 calceamentum
1326 3226 1765 3316 munituusﬂui
1786 3268 1920 3306 vero
1942 3268 2109 3306 suam
2156 3226 2199 3291 (ἶ

469 3341 736 3416 cogitans
782 3342 1124 3410 utilitatem,
1172 3344 1581 3415 proximorum
1630 3341 1897 3416 negligit,
1943 3340 2113 3412 quasi

468 3429 649 3486 unius
680 3430 852 3501 pedis
885 3430 1358 3488 calceamentum
1390 3448 1522 3487 cum
1551 3431 1841 3487 dedecore
1872 3430 2110 3486 amittit.

470 3517 619 3575 Sunt
640 3518 836 3590 itaque
859 3519 1134 3576 nonnulli
1159 3520 1259 3591 qui
1285 3520 1608 3593 magnisut
1629 3519 2115 3577 diximus.mune-

470 3606 635 3663 ribus
656 3606 823 3664 ditati
835 3607 992 3675 ,dum
1009 3607 1193 3664 solius
1209 3607 1719 3681 contemplationis
1731 3609 1944 3664 studiis
1964 3608 2119 3664 inar-

470 3694 955 3768 descunt,parere
968 3698 1207 3753 utilitati
1224 3698 1679 3769 proximoremin
1694 3698 2116 3770 praedicatione

471 3784 792 3858 refugiunt,
819 3791 1113 3842 secretum
1138 3787 1355 3859 quietis
1376 3787 1648 3861 diligunt,
1672 3803 1970 3843 secessum
1993 3803 2121 3858 spe-

471 3872 791 3930 culationis
813 3881 1122 3947 appetunt.
1150 3880 1225 3930 De
1249 3892 1365 3947 quo
1388 3876 1435 3931 si
1460 3876 1725 3931 districte
1752 3875 2119 3947 judicentur,

472 3978 537 4019 ex
563 3963 741 4018 tantis
761 3964 968 4036 procul
999 3964 1179 4021 dubio
1197 3965 1281 4021 rei
1301 3966 1705 4037 sunt,quantis
1721 3965 2028 4020 venientes
2049 3963 2123 4020 ad

470 4054 778 4124 publicum
807 4055 1090 4127 prodesse
1119 4062 1463 4128 potuerunt.
1488 4058 1613 4122 Qua
1641 4058 1802 4112 enim
1832 4063 2032 4112 mente
2072 4057 2124 4110 is

472 4142 572 4214 qui
595 4143 882 4214 proximis
910 4144 1256 4215 profuturus
1277 4146 1652 4216 enitesceret,
1675 4146 1916 4201 utilitati
1949 4150 2125 4201 crete—

471 4247 676 4287 rorum
736 4236 1033 4287 secretum
1094 4235 1391 4306 praeponit
1446 4250 1642 4301 suum,
1703 4233 1941 4305 quando
2000 4236 2126 4307 ipse

473 4321 691 4376 summi
720 4322 911 4377 Patris
943 4322 1311 4395 unigenitus,
1345 4330 1413 4379 ut
1443 4322 1649 4379 multis
1692 4322 2020 4394 prodesset,
2054 4323 2127 4380 de

472 4409 610 4466 sinu
640 4410 829 4466 Patris
861 4427 1138 4485 egressus
1170 4419 1262 4467 est
1298 4413 1372 4468 ad
1405 4411 1707 4485 publicum
1739 4412 2058 4469 nostrum?

1113 4501 1345 4556 CAPUT
1387 4502 1476 4556 VI.

479 4587 638 4661 Quod
665 4587 725 4642 hi
754 4589 855 4658 qui
877 4590 1094 4660 pondus
1144 4589 1432 4659 regiminis
1474 4606 1582 4661 per
1630 4591 2001 4646 humilitatem
2031 4593 2123 4659 fu-
2157 4584 2201 4648 D

546 4659 730 4730 giunt,
755 4666 883 4734 tunc
913 4676 1037 4715 vere
1064 4668 1196 4716 sunt
1226 4659 1628 4729 humiles,'cum
1667 4663 1873 4719 divinis
1888 4662 2123 4734 judiciis

548 4747 659 4786 non
687 4732 1052 4788 reluctantur.

547 4822 617 4875 Et
637 4826 777 4877 sunt
791 4821 1069 4878 nonnulli
1092 4823 1195 4893 qui
1213 4838 1286 4877 ex
1305 4822 1427 4878 sola
1447 4822 1782 4879 humilitate
1800 4822 2122 4896 refugiunt,

478 4923 554 4964 ne
572 4908 658 4963 eis
671 4909 885 4980 quibus
900 4927 961 4966 se
976 4911 1233 4982 impares
1251 4912 1549 4967 aestimant
1561 4911 2126 4982 przaferanturQuo-

479 5011 609 5052 tum
632 4998 894 5068 proiecto
908 4999 1286 5064 humilitas,si
1308 5000 1537 5056 cmteris
1556 5016 1791 5071 quoque
1808 5000 2124 5055 virtutibus

479 5084 906 5158 cingitur,tunc
927 5092 1065 5142 ante
1096 5088 1197 5143 Dei
1223 5086 1424 5145 oculos
1444 5104 1581 5143 vera
1602 5094 1710 5155 est,
1732 5104 1865 5143 cum
1893 5087 1966 5143 ad
1998 5104 2126 5144 res—

481 5173 785 5246 puendum
810 5174 920 5230 hoc
951 5176 1111 5246 quod
1132 5177 1357 5232 utiliter
1381 5177 1579 5233 subire
1609 5177 1953 5249 prmcipitur
1979 5193 2122 5248 per-

551 5317 629 5382 (a)
661 5317 903 5391 Inpler.
940 5319 1162 5391 Norm,
1212 5319 1392 5388 Petre,
1440 5336 1592 5377 amas
1638 5337 1741 5389 me,
1792 5320 1951 5391 quod
1980 5320 2123 5376 olim

478 5386 701 5444 lectum
734 5386 796 5445 in
826 5390 1125 5445 Trecensi.

554 5459 626 5531 (b)
658 5460 836 5516 Abest
869 5459 1155 5531 particula
1181 5464 1232 5517 si
1260 5478 1296 5519 a
1332 5460 1500 5520 Corb.
1534 5462 1744 5527 tribus,
1795 5463 2020 5522 Gemet.
2068 5466 2124 5531 2,

481 5530 614 5602 Αιιά
671 5538 730 5585 et
761 5530 886 5602 ππ

558 5601 625 5682 (ς)
658 5603 745 5658 lta
773 5601 966 5682 legere
997 5610 1215 5678 cogunt
1242 5607 1387 5682 μεθ.
1422 5623 1651 5682 omnes,
1686 5606 1824 5682 licet
1852 5606 1916 5663 in
1940 5605 2126 5663 Editis

486 5674 709 5744 optimo
740 5674 921 5731 sensu
950 5674 1200 5748 legatur,
1221 5675 1411 5734 domus
1439 5678 1753 5735 discalceati
1778 5684 2016 5735 vocetur.

2218 565 2388 637 perni
2422 573 2601 620 nutus
2620 565 2930 619 arbitrium
2955 571 3019 618 ut
3039 564 3249 619 debeat
3268 565 3346 633 (ἀλ
3366 580 3621 635 prmesse
3647 566 3860 620 intelli-

2217 655 2386 726 git,et
2410 660 2610 709 tamen
2643 670 2896 724 pra-esse
2922 653 3270 708 contemnit.
3296 653 3405 707 Sed
3430 653 3643 707 divinis
3664 655 3865 725 dispo-

2217 743 2535 798 sitionibus
2557 743 2851 808 subditus,
2874 750 3050 812 atque
3072 758 3107 797 a
3128 744 3264 796 vitio
3286 742 3705 796 obstinationis
3726 742 3862 797 alie-

2219 848 2492 895 nus,eum
2526 830 2637 886 sibi
2672 832 2977 902 regiminis
3008 832 3245 886 culmen
3278 832 3627 901 imperatur,
3661 831 3710 884 si
3735 848 3861 899 Jam

2218 922 2391 977 donis
2442 928 2771 992 praeventus
2814 927 2922 986 est,
2956 921 3172 991 quibus
3203 926 3261 974 et
3289 919 3422 974 altis
3461 920 3666 990 prosit,
3702 927 3760 974 et
3789 937 3861 975 ex

2217 1011 2394 1066 corde
2426 1010 2603 1065 debet
2630 1011 2851 1082 fugere,
2874 1016 2936 1065 et
2964 1011 3180 1066 invitus
3209 1008 3470 1064 obedire.

2847 1100 3075 1155 CAPUT
3120 1101 3231 1153 νη.

2217 1186 2370 1255 Quod
2399 1203 2797 1257 nonnunquam
2813 1189 3231 1257 prmdicationis
3254 1187 3502 1256 ofﬁcium
3530 1192 3583 1240 et
3608 1187 3863 1240 nonnulli

2290 1261 2649 1314 laudabiliter
2675 1267 2969 1329 appetunt,
3002 1265 3054 1313 et
3083 1258 3156 1313 ad
3185 1258 3285 1313 hoc
3322 1257 3581 1312 nonnulli
3610 1257 3864 1312 laudabi—

2289 1332 2417 1386 liter
2445 1332 2621 1386 coacti
2643 1330 3068 1401 pertrahuntur.

2286 1422 2559 1487 Quamvis
2590 1438 3023 1493 nonnunquam
3045 1420 3485 1493 praedicationis
3509 1418 3773 1476 ofﬁcium
3804 1424 3865 1474 et

2215 1511 2489 1567 nonnulli
2523 1511 2902 1568 laudabiliter
2933 1515 3310 1583 appetunt,et
3338 1509 3413 1565 ad
3445 1510 3558 1565 hoc
3588 1506 3870 1564 nonnulli

2211 1601 2591 1658 laudabiliter
2614 1602 2798 1658 coacti
2822 1602 3249 1674 pertrahuntur
3280 1616 3293 1655 :
3319 1600 3476 1671 quod
3506 1599 3734 1671 liquido
3767 1616 3869 1656 co-

2214 1692 2611 1764 gnoscimus,si
2625 1691 2877 1747 duorum
2893 1690 3360 1764 prophetantium
3379 1689 3533 1746 facta
3544 1705 3873 1760 pensamus,

2217 1796 2469 1852 quorum
2494 1797 2650 1837 unus
2680 1786 2747 1836 ut
2766 1781 2839 1836 ad
2866 1779 3314 1851 prmdicandum
3363 1778 3518 1834 mitti
3566 1778 3873 1834 debuisset

2150 1858 2195 1924 Β
2225 1877 2434 1943 sponte
2454 1889 2514 1926 se
2534 1871 2883 1943 prmbuit,(e)
2903 1887 3017 1943 quo
3040 1874 3241 1925 tamen
3254 1868 3461 1924 alters
3478 1884 3718 1941 pergere
3731 1885 3867 1924 cum

2230 1978 2442 2034 pavore
2468 1962 2773 2016 recusavit.
2800 1961 2979 2016 Isaias
3026 1959 3245 2031 quippe
3279 1958 3526 2014 Domino
3576 1958 3871 2029 quaerenti

2229 2068 2407 2123 quem
2459 2051 2740 2114 mitteret,
2770 2050 2927 2105 ultro
2956 2065 3020 2104 se
3050 2048 3283 2118 obtulit,
3313 2048 3554 2103 dicens:
3588 2049 3720 2102 Ecce
3748 2063 3871 2116 ego,

2230 2145 2385 2197 mitte
2430 2158 2513 2196 me
2561 2143 2710 2211 (lsai.
2742 2157 2813 2206 vn,
2845 2141 2922 2208 8).
2952 2139 3239 2195 leremias
3268 2143 3467 2193 autem
3501 2137 3775 2204 mittitur,
3815 2140 3874 2190 et

2227 2237 2428 2286 tamen
2451 2245 2526 2284 ne
2547 2230 2702 2284 mitti
2725 2228 2939 2284 debeat
2959 2228 3266 2284 humiliter
3286 2226 3871 2295 reluctatur,dicens:

2228 2320 2292 2385 Α,
2316 2336 2370 2389 a,
2393 2336 2447 2383 a,
2473 2320 2703 2374 Domine
2734 2320 2888 2379 Deus.
2913 2334 3032 2373 ecce
3061 2320 3241 2372 nescio
3272 2317 3443 2387 loqui,
3467 2317 3597 2386 quia
3614 2331 3759 2386 puer
3777 2329 3876 2383 ego

2229 2425 2350 2464 sum
2379 2408 2820 2480 (Jerem.i.6).En
2843 2407 2915 2463 ab
2938 2408 3205 2478 utrisque
3236 2405 3494 2462 exterius
3508 2404 3747 2460 diversa
3767 2419 3876 2460 vox

2228 2498 2579 2570 prodiit.sed
2592 2515 2712 2553 non
2727 2515 2761 2553 a
2777 2498 3006 2553 diverso
3024 2498 3186 2552 fonte
3205 2495 3543 2551 dilectionis
3555 2493 3872 2550 emanavit.

2228 2589 2353 2644 Duo
2376 2588 2594 2661 quippe
2619 2595 2759 2644 sunt
2788 2594 3083 2660 prmcepta
3113 2585 3437 2653 charilatis,
3471 2584 3570 2639 Dei
3601 2583 3878 2638 videlicet

2228 2694 2396 2734 amor
2417 2684 2475 2732 et
2498 2679 2771 2749 proximi.
2790 2680 2900 2732 Per
2920 2676 3169 2732 activam
3194 2674 3372 2748 igitur
3393 2674 3567 2728 vitam
3590 2672 3875 2744 prodesse
3910 2671 3915 2675 ’

2227 2769 2512 2841 proximis
2524 2767 2769 2840 cupiens
2784 2768 2961 2823 Isaias
2974 2766 3234 2822 officium
3252 2764 3877 2837 prmdicationisappe-

2230 2859 2328 2935 tit;
2349 2875 2455 2930 per
2475 2856 2995 2928 contemplativam
3018 2871 3152 2911 vero
3172 2854 3457 2909 Jeremias
3473 2852 3660 2909 amori
3679 2850 3880 2907 condi-

2227 2947 2373 3002 toris
2405 2946 2611 3001 sedulo
2639 2946 2928 3001 inhaerere
2951 2943 3317 3002 desiderans.
3341 2958 3414 2997 ne
3441 2940 3590 2996 mitti
3619 2939 3693 2995 ad
3724 2956 3879 3010 prai-

2228 3034 2548 3091 dicandum
2579 3035 2791 3090 debeat
2811 3031 3187 3089 contradicit.
3211 3031 3377 3097 Quod
3399 3046 3535 3103 ergo
3559 3027 3875 3084 laudabili-

2227 3128 2319 3180 ter
2337 3125 2489 3180 alter
2507 3124 2893 3195 appetiit,hoc
2913 3120 3288 3179 laudabiliter
3307 3120 3460 3175 alter
3480 3118 3740 3189 expavit:
3763 3117 3875 3173 iste

2230 3234 2306 3272 ne
2328 3217 2519 3272 tacitis
2541 3213 3059 3286 contemplationis
3082 3210 3559 3282 lucraloquendo
3582 3208 3880 3281 perderet,

2216 3304 2324 3368 ille
2350 3321 2426 3360 ne
2451 3305 2670 3360 damna
2694 3303 2945 3359 studiosi
2974 3301 3170 3373 operis
3202 3299 3452 3356 tacendo
3485 3299 3749 3357 sentiret.
3767 3295 3880 3352 Sed

2235 3396 2347 3449 hoc
2377 3394 2437 3448 in
2467 3394 2735 3464 utrisque
2759 3398 2847 3446 est
2866 3390 3162 3445 subtiliter
3184 3388 3559 3453 intuendum,
3584 3386 3722 3455 quia
3750 3390 3809 3440 et
3827 3384 3880 3439 is

2228 3484 2329 3555 qui
2365 3480 2856 3552 recusavitplene
2879 3495 2997 3533 non
3031 3476 3282 3544 restitit;
3310 3482 3370 3532 et
3399 3476 3450 3530 is
3480 3473 3579 3545 qui
3605 3473 3757 3528 mitti
3785 3489 3878 3526 vo-

2224 3572 2499 3641 luit,ante
2522 3587 2628 3643 per
2643 3569 2846 3625 altaris
2867 3568 3159 3623 calculum
3184 3582 3245 3621 se
3267 3570 3580 3638 purgatum
3604 3562 3781 3629 vidit;
3806 3578 3884 3617 ne

2224 3667 2327 3717 aut
2346 3678 2465 3716 non
2489 3665 2774 3732 purgatus
2794 3658 2958 3713 adire
2981 3656 3232 3728 quisque
3255 3670 3425 3711 sacra
3447 3654 3516 3724 tl)
3537 3651 3871 3708 ministeria

2229 3750 2575 3818 audeat,aut
2596 3764 2780 3820 quem
2805 3762 3066 3818 superna
3087 3744 3275 3818 gratia
3297 3743 3494 3816 elegit,
3524 3741 3632 3797 sub
3654 3739 3886 3795 humili-

2227 3842 2362 3895 tatis
2393 3838 2589 3911 specie
2618 3835 2871 3910 superhe
2902 3833 3309 3891 contradicat.
3338 3832 3486 3896 Quia
3515 3830 3693 3903 igitur
3720 3827 3885 3883 valde

2227 3928 2471 3985 difficile
2484 3932 2889 4000 estpurgatum
2905 3941 2967 3980 se
2984 3922 3307 3996 quemlibet
3319 3937 3491 3993 posse
3506 3932 3880 3992 cognoscere,

2230 4018 2671 4091 praedicationis
2693 4016 2952 4072 officium
2964 4013 3153 4069 tutius
3173 4010 3504 4067 declinatur
3523 4027 3538 4076 ;
3555 4025 3665 4063 nec
3685 4014 3883 4063 tamen

2231 4108 2515 4164 declinari
2528 4113 2613 4174 ,ut
2632 4102 3303 4175 diximus,pertinaciter
3319 4100 3513 4165 debet,
3538 4114 3669 4153 cum
3690 4097 3763 4152 ad
3779 4112 3882 4151 su-

2234 4195 2608 4268 scipiendum
2633 4195 2743 4250 hoc
2763 4209 3024 4264 superna
3044 4192 3316 4246 voluntas
3333 4189 3693 4262 agnoscitur.
3718 4184 3886 4250 Quod

2233 4288 2459 4358 Moyses
2478 4291 2799 4354 utrumque
2828 4283 2979 4337 miro
3002 4297 3180 4352 opere
3211 4279 3485 4350 explevit,
3510 4277 3609 4347 qui
3635 4290 3892 4347 prmesse

2234 4381 2414 4431 tantm
2425 4372 2772 4429 u.ultitudini
2790 4377 2847 4427 et
2858 4371 3116 4426 noluitet
3128 4365 3714 4437 obedivit.Superbus
3729 4363 3889 4419 enim

2233 4466 2484 4521 fortasse
2502 4462 2733 4531 esset,si
2756 4461 3035 4516 ducatum
3055 4457 3245 4531 plebis
3262 4457 3594 4511 innumera:
3620 4454 3750 4508 sine
3773 4459 3892 4507 tre-

2237 4553 2541 4628 pidatione
2562 4551 2917 4621 susciperet:
2939 4554 2993 4602 et
3012 4563 3246 4602 rursum
3273 4544 3561 4615 superbus
3585 4543 3891 4605 existeret,

2234 4645 2281 4701 si
2297 4641 2557 4699 auctoris
2571 4639 2811 4713 imperio
2826 4637 3065 4694 obedire
3085 4639 3405 4691 recusaret.
3418 4631 3734 4700 Utrobique
3748 4645 3889 4702 ergo

2232 4730 2821 4800 humilis,utrobique
2848 4726 3237 4797 subjectus,et
3256 4738 3513 4795 prazesse
3536 4718 3769 4791 populis
3793 4734 3889 4773 se-

2235 4822 2563 4892 metipsum
2584 4816 2890 4874 metiendo
2918 4813 3197 4879 noluit,et
3215 4817 3414 4867 tamen
3442 4809 3514 4864 de
3542 4806 3895 4879 imperantis

2233 4911 2460 4966 viribus
2485 4905 2901 4981 praesumendo
2922 4900 3403 4959 consensitllinc
3426 4896 3735 4971 ergo,hinc
3759 4896 3896 4967 qui-

2237 5017 2352 5073 que
2370 4996 2707 5072 praccipites
2725 4995 3007 5067 colligant
3026 5009 3161 5047 cum
3180 4995 3404 5061 quanta
3427 4988 3603 5059 culpa
3622 5003 3691 5041 ex
3713 5001 3895 5058 appe-

2235 5091 2347 5146 titu
2370 5087 2610 5161 proprio
2633 5085 2861 5141 caeteris
2882 5082 3144 5155 praeferri
3166 5096 3291 5136 non
3313 5082 3608 5142 metuunt,
3633 5076 3682 5131 si
3702 5074 3893 5131 sancti

2239 5180 2346 5234 viri
2370 5178 2633 5251 plebium
2658 5174 2936 5229 ducatum
2961 5171 3261 5242 suscipere
3285 5169 3403 5225 Deo
3445 5168 3622 5224 etiam
3638 5165 3893 5238 jubente

2316 5322 2398 5389 (d)
2432 5315 2992 5390 Longip._._prqclesse,
3016 5319 3067 5367 et
3088 5317 3270 5369 tamen
3292 5309 3677 5390 prodessellic
3699 5305 3894 5390 quex

2242 5378 2415 5449 aliter
2444 5378 2894 5461 capilladi'vidit,
2926 5400 3105 5455 quam
3138 5378 3340 5440 caeteri
3365 5400 3380 5449 ;
3410 5382 3491 5436 ita
3518 5386 3584 5434 ut
3603 5394 3732 5449 cap.
3756 5381 3788 5433 7
3818 5378 3897 5433 sit

2242 5459 2532 5521 attextum
2563 5459 2793 5530 quinto.
2969 5527 2978 5530 Α
3260 5525 3275 5530 _
3625 5527 3634 5530 Δ
3692 5476 3693 5479 η

2321 5538 2392 5603 (e)
2423 5525 2769 5601 Itothomag.
2796 5533 2862 5604 _et
2891 5527 3121 5604 primus
3151 5525 3325 5604 And,
3351 5537 3583 5604 quorum
3616 5527 3816 5604 tamen.

2311 5593 2388 5678 (θ’
2415 5607 2664 5669 Gemet.,
2683 5593 2836 5678 A'ud.
2868 5593 3190 5667 secundus,
3224 5593 3891 5669 Lyr.'tertius,Carnot.,

2236 5674 2458 5751 Longip
2472 5717 2486 5735 .
2500 5717 2515 5746 ,
2547 5674 2826 5743 mysteria.
