  <div class='ocr_page' id='page_1' title='image "/cluster/home/n/w/nwhite01/storage/ocr_20150623/77/hvd.32044054758818/016.png"; bbox 0 0 4136 6178; ppageno 0'>
   <div class='ocr_carea' id='block_1_1' title="bbox 320 334 3691 409">
    <p class='ocr_par' dir='ltr' id='par_1_1' title="bbox 320 334 3691 409">
     <span class='ocr_line' id='line_1_1' title="bbox 320 334 3691 409; baseline -0.001 0"><span class='ocrx_word' id='word_1_1' title='bbox 320 347 383 409; x_wconf 72' lang='lat' dir='ltr'>2i</span> <span class='ocrx_word' id='word_1_2' title='bbox 1067 341 1408 405; x_wconf 67' lang='lat' dir='ltr'>REGULB</span> <span class='ocrx_word' id='word_1_3' title='bbox 1450 334 1939 403; x_wconf 81' lang='lat' dir='ltr'>PASTORALIS</span> <span class='ocrx_word' id='word_1_4' title='bbox 1981 334 2238 397; x_wconf 82' lang='lat' dir='ltr'>LIBER.</span> <span class='ocrx_word' id='word_1_5' title='bbox 2286 370 2362 384; x_wconf 92' lang='lat'><strong>—</strong></span> <span class='ocrx_word' id='word_1_6' title='bbox 2406 341 2608 402; x_wconf 80' lang='lat' dir='ltr'><strong>PARS</strong></span> <span class='ocrx_word' id='word_1_7' title='bbox 2649 340 2911 403; x_wconf 80' lang='lat' dir='ltr'>PRIMA.</span> <span class='ocrx_word' id='word_1_8' title='bbox 3611 338 3691 405; x_wconf 73' lang='grc'><strong><em>22</em></strong></span> 
     </span>
    </p>
   </div>
   <div class='ocr_carea' id='block_1_2' title="bbox 324 471 3687 547">
    <p class='ocr_par' dir='ltr' id='par_1_2' title="bbox 324 471 3687 547">
     <span class='ocr_line' id='line_1_2' title="bbox 324 471 3687 547; baseline -0.001 -10"><span class='ocrx_word' id='word_1_9' title='bbox 324 479 633 537; x_wconf 85' lang='lat' dir='ltr'>timuerunt.</span> <span class='ocrx_word' id='word_1_10' title='bbox 655 476 878 546; x_wconf 70' lang='lat' dir='ltr'>Moyses</span> <span class='ocrx_word' id='word_1_11' title='bbox 898 475 974 545; x_wconf 88' lang='lat' dir='ltr'>(a)</span> <span class='ocrx_word' id='word_1_12' title='bbox 993 475 1280 531; x_wconf 83' lang='lat' dir='ltr'>suadente</span> <span class='ocrx_word' id='word_1_13' title='bbox 1305 475 1556 531; x_wconf 88' lang='lat' dir='ltr'>Domino</span> <span class='ocrx_word' id='word_1_14' title='bbox 1579 471 1857 545; x_wconf 78' lang='lat' dir='ltr'>trepidat,</span> <span class='ocrx_word' id='word_1_15' title='bbox 1873 473 1932 525; x_wconf 89' lang='lat' dir='ltr'>et</span> <span class='ocrx_word' id='word_1_16' title='bbox 1963 473 2008 537; x_wconf 73' lang='grc' dir='ltr'><strong>Α</strong></span> <span class='ocrx_word' id='word_1_17' title='bbox 2042 473 2265 538; x_wconf 80' lang='lat' dir='ltr'>petant,</span> <span class='ocrx_word' id='word_1_18' title='bbox 2291 478 2634 543; x_wconf 89' lang='lat' dir='ltr'>operaturos</span> <span class='ocrx_word' id='word_1_19' title='bbox 2656 479 2853 529; x_wconf 88' lang='lat' dir='ltr'>tamen</span> <span class='ocrx_word' id='word_1_20' title='bbox 2879 490 2941 529; x_wconf 89' lang='lat' dir='ltr'>se</span> <span class='ocrx_word' id='word_1_21' title='bbox 2963 487 3180 546; x_wconf 89' lang='lat' dir='ltr'>magna</span> <span class='ocrx_word' id='word_1_22' title='bbox 3196 472 3267 547; x_wconf 85' lang='lat' dir='ltr'>(e)</span> <span class='ocrx_word' id='word_1_23' title='bbox 3291 475 3687 545; x_wconf 74' lang='lat' dir='ltr'>pertractant:</span> 
     </span>
    </p>
   </div>
   <div class='ocr_carea' id='block_1_3' title="bbox 328 561 1923 636">
    <p class='ocr_par' dir='ltr' id='par_1_3' title="bbox 328 561 1923 636">
     <span class='ocr_line' id='line_1_3' title="bbox 328 561 1923 636; baseline -0.008 -10"><span class='ocrx_word' id='word_1_24' title='bbox 328 570 566 626; x_wconf 81' lang='lat' dir='ltr'>inﬁmus</span> <span class='ocrx_word' id='word_1_25' title='bbox 580 564 816 636; x_wconf 87' lang='lat' dir='ltr'>quisque</span> <span class='ocrx_word' id='word_1_26' title='bbox 828 569 896 620; x_wconf 89' lang='lat' dir='ltr'>ut</span> <span class='ocrx_word' id='word_1_27' title='bbox 909 564 1155 619; x_wconf 81' lang='lat' dir='ltr'>honoris</span> <span class='ocrx_word' id='word_1_28' title='bbox 1175 581 1333 619; x_wconf 91' lang='lat' dir='ltr'>unus</span> <span class='ocrx_word' id='word_1_29' title='bbox 1347 564 1635 636; x_wconf 81' lang='lat' dir='ltr'>percipiat</span> <span class='ocrx_word' id='word_1_30' title='bbox 1654 561 1923 626; x_wconf 81' lang='lat' dir='ltr'>anhelat;</span> 
     </span>
    </p>
   </div>
   <div class='ocr_carea' id='block_1_4' title="bbox 2036 556 3686 634">
    <p class='ocr_par' dir='ltr' id='par_1_4' title="bbox 2036 556 3686 634">
     <span class='ocr_line' id='line_1_4' title="bbox 2036 556 3686 634; baseline 0.005 -23"><span class='ocrx_word' id='word_1_31' title='bbox 2036 556 2220 627; x_wconf 86' lang='lat' dir='ltr'>ﬁtque</span> <span class='ocrx_word' id='word_1_32' title='bbox 2245 564 2310 612; x_wconf 92' lang='lat' dir='ltr'>ut</span> <span class='ocrx_word' id='word_1_33' title='bbox 2334 560 2496 615; x_wconf 82' lang='lat' dir='ltr'>aliud</span> <span class='ocrx_word' id='word_1_34' title='bbox 2516 563 2587 630; x_wconf 67' lang='grc' dir='ltr'>(Γ)</span> <span class='ocrx_word' id='word_1_35' title='bbox 2609 562 2668 616; x_wconf 92' lang='lat' dir='ltr'>in</span> <span class='ocrx_word' id='word_1_36' title='bbox 2688 562 2822 616; x_wconf 86' lang='lat' dir='ltr'>imis</span> <span class='ocrx_word' id='word_1_37' title='bbox 2859 563 3109 617; x_wconf 83' lang='lat' dir='ltr'>intentio</span> <span class='ocrx_word' id='word_1_38' title='bbox 3139 562 3494 634; x_wconf 83' lang='lat' dir='ltr'>supprimat,</span> <span class='ocrx_word' id='word_1_39' title='bbox 3521 562 3686 619; x_wconf 89' lang='lat' dir='ltr'>aliud</span> 
     </span>
    </p>
   </div>
   <div class='ocr_carea' id='block_1_5' title="bbox 340 649 3676 729">
    <p class='ocr_par' dir='ltr' id='par_1_5' title="bbox 340 649 3676 729">
     <span class='ocr_line' id='line_1_5' title="bbox 340 649 3676 729; baseline -0.003 -14"><span class='ocrx_word' id='word_1_40' title='bbox 340 657 486 729; x_wconf 85' lang='lat' dir='ltr'>etqni</span> <span class='ocrx_word' id='word_1_41' title='bbox 500 655 559 709; x_wconf 85' lang='lat' dir='ltr'>ad</span> <span class='ocrx_word' id='word_1_42' title='bbox 577 669 770 708; x_wconf 85' lang='lat' dir='ltr'>casum</span> <span class='ocrx_word' id='word_1_43' title='bbox 784 652 954 708; x_wconf 84' lang='lat' dir='ltr'>valde</span> <span class='ocrx_word' id='word_1_44' title='bbox 974 652 1587 725; x_wconf 80' lang='lat' dir='ltr'>urge&#39;turexpropriis.</span> <span class='ocrx_word' id='word_1_45' title='bbox 1609 652 1927 706; x_wconf 81' lang='lat' dir='ltr'>humerum</span> <span class='ocrx_word' id='word_1_46' title='bbox 2031 649 2340 703; x_wconf 85' lang='lat' dir='ltr'>tractantis</span> <span class='ocrx_word' id='word_1_47' title='bbox 2368 650 2569 704; x_wconf 89' lang='lat' dir='ltr'>animo</span> <span class='ocrx_word' id='word_1_48' title='bbox 2602 652 2946 721; x_wconf 84' lang='lat' dir='ltr'>superﬁcies</span> <span class='ocrx_word' id='word_1_49' title='bbox 2977 651 3351 722; x_wconf 79' lang='lat' dir='ltr'>cogitationis</span> <span class='ocrx_word' id='word_1_50' title='bbox 3382 650 3676 706; x_wconf 84' lang='lat' dir='ltr'>ostendat.</span> 
     </span>
    </p>
   </div>
   <div class='ocr_carea' id='block_1_6' title="bbox 343 739 1924 813">
    <p class='ocr_par' dir='ltr' id='par_1_6' title="bbox 343 739 1924 813">
     <span class='ocr_line' id='line_1_6' title="bbox 343 739 1924 813; baseline -0.008 -8"><span class='ocrx_word' id='word_1_51' title='bbox 343 740 1353 813; x_wconf 80' lang='lat' dir='ltr'>libenteropprimendusponderibus</span> <span class='ocrx_word' id='word_1_52' title='bbox 1375 739 1924 806; x_wconf 85' lang='lat' dir='ltr'>submittitalienis;</span> 
     </span>
    </p>
   </div>
   <div class='ocr_carea' id='block_1_7' title="bbox 340 829 1819 907">
    <p class='ocr_par' dir='ltr' id='par_1_7' title="bbox 340 829 1819 907">
     <span class='ocr_line' id='line_1_7' title="bbox 340 829 1819 907; baseline -0.005 -17"><span class='ocrx_word' id='word_1_53' title='bbox 340 851 440 907; x_wconf 75' lang='lat' dir='ltr'>qua:</span> <span class='ocrx_word' id='word_1_54' title='bbox 463 832 562 904; x_wconf 79' lang='lat' dir='ltr'>egit</span> <span class='ocrx_word' id='word_1_55' title='bbox 586 831 741 885; x_wconf 86' lang='lat' dir='ltr'>ferre</span> <span class='ocrx_word' id='word_1_56' title='bbox 771 847 892 886; x_wconf 90' lang='lat' dir='ltr'>non</span> <span class='ocrx_word' id='word_1_57' title='bbox 918 833 1094 896; x_wconf 87' lang='lat' dir='ltr'>valet,</span> <span class='ocrx_word' id='word_1_58' title='bbox 1126 837 1186 886; x_wconf 90' lang='lat' dir='ltr'>et</span> <span class='ocrx_word' id='word_1_59' title='bbox 1213 836 1387 903; x_wconf 83' lang='lat' dir='ltr'>auget</span> <span class='ocrx_word' id='word_1_60' title='bbox 1417 829 1574 901; x_wconf 91' lang='lat' dir='ltr'>quod</span> <span class='ocrx_word' id='word_1_61' title='bbox 1604 834 1819 901; x_wconf 83' lang='lat' dir='ltr'>portet.</span> 
     </span>
    </p>
   </div>
   <div class='ocr_carea' id='block_1_8' title="bbox 885 937 1305 994">
    <p class='ocr_par' dir='ltr' id='par_1_8' title="bbox 885 937 1305 994">
     <span class='ocr_line' id='line_1_8' title="bbox 885 937 1305 994; baseline -0.002 -2"><span class='ocrx_word' id='word_1_62' title='bbox 885 937 1123 994; x_wconf 81' lang='lat' dir='ltr'>CAPUT</span> <span class='ocrx_word' id='word_1_63' title='bbox 1158 937 1305 993; x_wconf 85' lang='lat' dir='ltr'><strong>VIII.</strong></span> 
     </span>
    </p>
   </div>
   <div class='ocr_carea' id='block_1_9' title="bbox 324 1024 1931 1098">
    <p class='ocr_par' dir='ltr' id='par_1_9' title="bbox 324 1024 1931 1098">
     <span class='ocr_line' id='line_1_9' title="bbox 324 1024 1931 1098; baseline -0.004 -13"><span class='ocrx_word' id='word_1_64' title='bbox 324 1029 475 1085; x_wconf 68' lang='lat' dir='ltr'>Deliis</span> <span class='ocrx_word' id='word_1_65' title='bbox 497 1030 589 1098; x_wconf 82' lang='lat' dir='ltr'>qui</span> <span class='ocrx_word' id='word_1_66' title='bbox 612 1042 843 1097; x_wconf 69' lang='lat' dir='ltr'>praeesse</span> <span class='ocrx_word' id='word_1_67' title='bbox 871 1029 1287 1097; x_wconf 75' lang='lat' dir='ltr'>concupiscunt.</span> <span class='ocrx_word' id='word_1_68' title='bbox 1311 1032 1364 1081; x_wconf 83' lang='lat' dir='ltr'>et</span> <span class='ocrx_word' id='word_1_69' title='bbox 1383 1026 1458 1081; x_wconf 85' lang='lat' dir='ltr'>ad</span> <span class='ocrx_word' id='word_1_70' title='bbox 1487 1042 1642 1080; x_wconf 82' lang='lat' dir='ltr'>usum</span> <span class='ocrx_word' id='word_1_71' title='bbox 1671 1041 1781 1098; x_wconf 73' lang='lat' dir='ltr'>sua:</span> <span class='ocrx_word' id='word_1_72' title='bbox 1809 1024 1931 1078; x_wconf 82' lang='lat' dir='ltr'>libi-</span> 
     </span>
    </p>
   </div>
   <div class='ocr_carea' id='block_1_10' title="bbox 357 1096 1912 1168">
    <p class='ocr_par' dir='ltr' id='par_1_10' title="bbox 357 1096 1912 1168">
     <span class='ocr_line' id='line_1_10' title="bbox 357 1096 1912 1168; baseline -0.003 -13"><span class='ocrx_word' id='word_1_73' title='bbox 357 1101 485 1155; x_wconf 81' lang='lat' dir='ltr'>dinis</span> <span class='ocrx_word' id='word_1_74' title='bbox 507 1096 931 1154; x_wconf 77' lang='lat' dir='ltr'>inslrumentum</span> <span class='ocrx_word' id='word_1_75' title='bbox 963 1096 1272 1168; x_wconf 78' lang='lat' dir='ltr'>Apostolici</span> <span class='ocrx_word' id='word_1_76' title='bbox 1298 1100 1565 1154; x_wconf 83' lang='lat' dir='ltr'>sermonis</span> <span class='ocrx_word' id='word_1_77' title='bbox 1604 1096 1912 1167; x_wconf 81' lang='lat' dir='ltr'>arripiunt.</span> 
     </span>
    </p>
   </div>
   <div class='ocr_carea' id='block_1_11' title="bbox 383 1182 1932 1259">
    <p class='ocr_par' dir='ltr' id='par_1_11' title="bbox 383 1182 1932 1259">
     <span class='ocr_line' id='line_1_11' title="bbox 383 1182 1932 1259; baseline -0.003 -17"><span class='ocrx_word' id='word_1_78' title='bbox 383 1188 721 1259; x_wconf 85' lang='lat' dir='ltr'>Plerumque</span> <span class='ocrx_word' id='word_1_79' title='bbox 753 1203 891 1244; x_wconf 91' lang='lat' dir='ltr'>vero</span> <span class='ocrx_word' id='word_1_80' title='bbox 924 1187 1025 1258; x_wconf 88' lang='lat' dir='ltr'>qui</span> <span class='ocrx_word' id='word_1_81' title='bbox 1064 1202 1319 1259; x_wconf 68' lang='lat' dir='ltr'>praeesse</span> <span class='ocrx_word' id='word_1_82' title='bbox 1358 1186 1807 1257; x_wconf 90' lang='lat' dir='ltr'>concupiscunt,</span> <span class='ocrx_word' id='word_1_83' title='bbox 1858 1182 1932 1239; x_wconf 89' lang='lat' dir='ltr'>ad</span> 
     </span>
    </p>
   </div>
   <div class='ocr_carea' id='block_1_12' title="bbox 308 1272 1929 1346">
    <p class='ocr_par' dir='ltr' id='par_1_12' title="bbox 308 1272 1929 1346">
     <span class='ocr_line' id='line_1_12' title="bbox 308 1272 1929 1346; baseline -0.002 -14"><span class='ocrx_word' id='word_1_84' title='bbox 308 1291 459 1332; x_wconf 89' lang='lat' dir='ltr'>usum</span> <span class='ocrx_word' id='word_1_85' title='bbox 482 1292 595 1331; x_wconf 67' lang='lat' dir='ltr'>suae</span> <span class='ocrx_word' id='word_1_86' title='bbox 611 1275 882 1331; x_wconf 84' lang='lat' dir='ltr'>libidinis</span> <span class='ocrx_word' id='word_1_87' title='bbox 897 1275 1363 1331; x_wconf 85' lang='lat' dir='ltr'>instrumentum</span> <span class='ocrx_word' id='word_1_88' title='bbox 1378 1272 1693 1346; x_wconf 86' lang='lat' dir='ltr'>Apostolici</span> <span class='ocrx_word' id='word_1_89' title='bbox 1706 1289 1929 1328; x_wconf 90' lang='lat' dir='ltr'>sermo-</span> 
     </span>
    </p>
   </div>
   <div class='ocr_carea' id='block_1_13' title="bbox 310 1362 1933 1437">
    <p class='ocr_par' dir='ltr' id='par_1_13' title="bbox 310 1362 1933 1437">
     <span class='ocr_line' id='line_1_13' title="bbox 310 1362 1933 1437; baseline -0.002 -17"><span class='ocrx_word' id='word_1_90' title='bbox 310 1366 389 1420; x_wconf 85' lang='lat' dir='ltr'>nis</span> <span class='ocrx_word' id='word_1_91' title='bbox 400 1365 825 1437; x_wconf 88' lang='lat' dir='ltr'>arripiunt,quo</span> <span class='ocrx_word' id='word_1_92' title='bbox 838 1365 1146 1435; x_wconf 81' lang='lat' dir='ltr'>ait:Siquis</span> <span class='ocrx_word' id='word_1_93' title='bbox 1155 1366 1527 1435; x_wconf 81' lang='lat' dir='ltr'>episcopatum</span> <span class='ocrx_word' id='word_1_94' title='bbox 1541 1362 1933 1429; x_wconf 84' lang='lat' dir='ltr'>desiderat,bo-</span> 
     </span>
    </p>
   </div>
   <div class='ocr_carea' id='block_1_14' title="bbox 310 1451 1933 1527">
    <p class='ocr_par' dir='ltr' id='par_1_14' title="bbox 310 1451 1933 1527">
     <span class='ocr_line' id='line_1_14' title="bbox 310 1451 1933 1527; baseline -0.004 -16"><span class='ocrx_word' id='word_1_95' title='bbox 310 1471 424 1511; x_wconf 74' lang='lat' dir='ltr'>nam</span> <span class='ocrx_word' id='word_1_96' title='bbox 441 1471 564 1527; x_wconf 86' lang='lat' dir='ltr'>opus</span> <span class='ocrx_word' id='word_1_97' title='bbox 582 1455 865 1511; x_wconf 76' lang='lat' dir='ltr'>desiderat</span> <span class='ocrx_word' id='word_1_98' title='bbox 887 1457 940 1523; x_wconf 87' lang='grc' dir='ltr'>(Ι</span> <span class='ocrx_word' id='word_1_99' title='bbox 960 1456 1100 1510; x_wconf 85' lang='lat' dir='ltr'>Tim.</span> <span class='ocrx_word' id='word_1_100' title='bbox 1136 1468 1220 1523; x_wconf 89' lang='grc' dir='ltr'>ιιι,</span> <span class='ocrx_word' id='word_1_101' title='bbox 1244 1455 1299 1525; x_wconf 77' lang='grc'>4)</span> <span class='ocrx_word' id='word_1_102' title='bbox 1316 1469 1331 1520; x_wconf 89' lang='grc'><strong>;</strong></span> <span class='ocrx_word' id='word_1_103' title='bbox 1347 1452 1447 1525; x_wconf 87' lang='lat' dir='ltr'>qui</span> <span class='ocrx_word' id='word_1_104' title='bbox 1465 1459 1662 1508; x_wconf 90' lang='lat' dir='ltr'>tamen</span> <span class='ocrx_word' id='word_1_105' title='bbox 1686 1451 1933 1507; x_wconf 88' lang='lat' dir='ltr'>laudans</span> 
     </span>
    </p>
   </div>
   <div class='ocr_carea' id='block_1_15' title="bbox 306 1539 1932 1615">
    <p class='ocr_par' dir='ltr' id='par_1_15' title="bbox 306 1539 1932 1615">
     <span class='ocr_line' id='line_1_15' title="bbox 306 1539 1932 1615; baseline -0.002 -17"><span class='ocrx_word' id='word_1_106' title='bbox 306 1543 660 1613; x_wconf 82' lang='lat' dir='ltr'>desiderium,</span> <span class='ocrx_word' id='word_1_107' title='bbox 678 1544 753 1614; x_wconf 60' lang='lat' dir='ltr'>1b)</span> <span class='ocrx_word' id='word_1_108' title='bbox 766 1544 828 1599; x_wconf 93' lang='lat' dir='ltr'>in</span> <span class='ocrx_word' id='word_1_109' title='bbox 840 1559 1119 1615; x_wconf 83' lang='lat' dir='ltr'>pavorem</span> <span class='ocrx_word' id='word_1_110' title='bbox 1140 1543 1317 1599; x_wconf 79' lang='lat' dir='ltr'>vertit</span> <span class='ocrx_word' id='word_1_111' title='bbox 1331 1543 1604 1615; x_wconf 86' lang='lat' dir='ltr'>protinus</span> <span class='ocrx_word' id='word_1_112' title='bbox 1621 1540 1775 1612; x_wconf 92' lang='lat' dir='ltr'>quod</span> <span class='ocrx_word' id='word_1_113' title='bbox 1805 1539 1932 1595; x_wconf 90' lang='lat' dir='ltr'>lau-</span> 
     </span>
    </p>
   </div>
   <div class='ocr_carea' id='block_1_16' title="bbox 304 1632 1931 1705">
    <p class='ocr_par' dir='ltr' id='par_1_16' title="bbox 304 1632 1931 1705">
     <span class='ocr_line' id='line_1_16' title="bbox 304 1632 1931 1705; baseline -0.004 -16"><span class='ocrx_word' id='word_1_114' title='bbox 304 1633 453 1701; x_wconf 90' lang='lat' dir='ltr'>davit,</span> <span class='ocrx_word' id='word_1_115' title='bbox 474 1649 602 1689; x_wconf 91' lang='lat' dir='ltr'>cum</span> <span class='ocrx_word' id='word_1_116' title='bbox 628 1640 883 1705; x_wconf 89' lang='lat' dir='ltr'>repente</span> <span class='ocrx_word' id='word_1_117' title='bbox 914 1632 1249 1705; x_wconf 87' lang='lat' dir='ltr'>subjungit:</span> <span class='ocrx_word' id='word_1_118' title='bbox 1272 1632 1497 1702; x_wconf 79' lang='lat' dir='ltr'>Oportet</span> <span class='ocrx_word' id='word_1_119' title='bbox 1516 1636 1699 1685; x_wconf 85' lang='lat' dir='ltr'>autem</span> <span class='ocrx_word' id='word_1_120' title='bbox 1721 1632 1931 1700; x_wconf 87' lang='lat' dir='ltr'>episco-</span> 
     </span>
    </p>
   </div>
   <div class='ocr_carea' id='block_1_17' title="bbox 296 1719 1931 1794">
    <p class='ocr_par' dir='ltr' id='par_1_17' title="bbox 296 1719 1931 1794">
     <span class='ocr_line' id='line_1_17' title="bbox 296 1719 1931 1794; baseline -0.003 -17"><span class='ocrx_word' id='word_1_121' title='bbox 296 1740 411 1794; x_wconf 83' lang='lat' dir='ltr'>pum</span> <span class='ocrx_word' id='word_1_122' title='bbox 436 1722 967 1792; x_wconf 79' lang='lat' dir='ltr'>irreprehensibilcm</span> <span class='ocrx_word' id='word_1_123' title='bbox 995 1738 1106 1776; x_wconf 62' lang='lat' dir='ltr'>eme</span> <span class='ocrx_word' id='word_1_124' title='bbox 1134 1720 1328 1793; x_wconf 58' lang='lat' dir='ltr'>(Ibid,</span> <span class='ocrx_word' id='word_1_125' title='bbox 1350 1722 1423 1791; x_wconf 84' lang='lat'>2).</span> <span class='ocrx_word' id='word_1_126' title='bbox 1453 1721 1718 1791; x_wconf 89' lang='lat' dir='ltr'>Cumque</span> <span class='ocrx_word' id='word_1_127' title='bbox 1745 1719 1931 1772; x_wconf 90' lang='lat' dir='ltr'>virtu-</span> 
     </span>
    </p>
   </div>
   <div class='ocr_carea' id='block_1_18' title="bbox 2040 736 3680 812">
    <p class='ocr_par' dir='ltr' id='par_1_18' title="bbox 2040 736 3680 812">
     <span class='ocr_line' id='line_1_18' title="bbox 2040 736 3680 812; baseline 0.002 -21"><span class='ocrx_word' id='word_1_128' title='bbox 2040 736 2178 791; x_wconf 79' lang='lat' dir='ltr'>Nam</span> <span class='ocrx_word' id='word_1_129' title='bbox 2203 753 2356 808; x_wconf 61' lang='lat' dir='ltr'>sa‘pe</span> <span class='ocrx_word' id='word_1_130' title='bbox 2380 737 2491 791; x_wconf 90' lang='lat' dir='ltr'>sibi</span> <span class='ocrx_word' id='word_1_131' title='bbox 2514 738 2661 792; x_wconf 86' lang='lat' dir='ltr'>dese</span> <span class='ocrx_word' id='word_1_132' title='bbox 2678 739 2983 809; x_wconf 88' lang='lat' dir='ltr'>mensipsa</span> <span class='ocrx_word' id='word_1_133' title='bbox 3005 740 3308 804; x_wconf 86' lang='lat' dir='ltr'>mentitur,</span> <span class='ocrx_word' id='word_1_134' title='bbox 3339 746 3399 794; x_wconf 90' lang='lat' dir='ltr'>et</span> <span class='ocrx_word' id='word_1_135' title='bbox 3424 739 3592 812; x_wconf 85' lang='lat' dir='ltr'>ﬁngit</span> <span class='ocrx_word' id='word_1_136' title='bbox 3617 756 3680 795; x_wconf 86' lang='lat' dir='ltr'>se</span> 
     </span>
    </p>
   </div>
   <div class='ocr_carea' id='block_1_19' title="bbox 2036 822 3677 897">
    <p class='ocr_par' dir='ltr' id='par_1_19' title="bbox 2036 822 3677 897">
     <span class='ocr_line' id='line_1_19' title="bbox 2036 822 3677 897; baseline 0.004 -19"><span class='ocrx_word' id='word_1_137' title='bbox 2036 822 2108 879; x_wconf 93' lang='lat' dir='ltr'>de</span> <span class='ocrx_word' id='word_1_138' title='bbox 2132 824 2288 881; x_wconf 91' lang='lat' dir='ltr'>bono</span> <span class='ocrx_word' id='word_1_139' title='bbox 2312 842 2489 897; x_wconf 83' lang='lat' dir='ltr'>Opere</span> <span class='ocrx_word' id='word_1_140' title='bbox 2512 843 2711 882; x_wconf 87' lang='lat' dir='ltr'>amare</span> <span class='ocrx_word' id='word_1_141' title='bbox 2735 828 2892 897; x_wconf 89' lang='lat' dir='ltr'>quod</span> <span class='ocrx_word' id='word_1_142' title='bbox 2915 844 3033 882; x_wconf 90' lang='lat' dir='ltr'>non</span> <span class='ocrx_word' id='word_1_143' title='bbox 3055 834 3233 895; x_wconf 89' lang='lat' dir='ltr'>amat,</span> <span class='ocrx_word' id='word_1_144' title='bbox 3257 828 3329 884; x_wconf 90' lang='lat' dir='ltr'>de</span> <span class='ocrx_word' id='word_1_145' title='bbox 3345 829 3548 884; x_wconf 89' lang='lat' dir='ltr'>mundi</span> <span class='ocrx_word' id='word_1_146' title='bbox 3572 846 3677 884; x_wconf 84' lang='lat' dir='ltr'>au-</span> 
     </span>
    </p>
   </div>
   <div class='ocr_carea' id='block_1_20' title="bbox 2036 915 3676 993">
    <p class='ocr_par' dir='ltr' id='par_1_20' title="bbox 2036 915 3676 993">
     <span class='ocr_line' id='line_1_20' title="bbox 2036 915 3676 993; baseline 0 -22"><span class='ocrx_word' id='word_1_147' title='bbox 2036 920 2153 971; x_wconf 88' lang='lat' dir='ltr'>tem</span> <span class='ocrx_word' id='word_1_148' title='bbox 2178 915 2362 986; x_wconf 84' lang='lat' dir='ltr'>gloria</span> <span class='ocrx_word' id='word_1_149' title='bbox 2390 932 2511 969; x_wconf 91' lang='lat' dir='ltr'>non</span> <span class='ocrx_word' id='word_1_150' title='bbox 2541 931 2741 970; x_wconf 91' lang='lat' dir='ltr'>amare</span> <span class='ocrx_word' id='word_1_151' title='bbox 2775 915 2933 993; x_wconf 86' lang='lat' dir='ltr'>quod</span> <span class='ocrx_word' id='word_1_152' title='bbox 2964 922 3162 970; x_wconf 88' lang='lat' dir='ltr'>amat:</span> <span class='ocrx_word' id='word_1_153' title='bbox 3193 933 3325 987; x_wconf 77' lang='lat' dir='ltr'>qum</span> <span class='ocrx_word' id='word_1_154' title='bbox 3355 916 3676 988; x_wconf 89' lang='lat' dir='ltr'>principari</span> 
     </span>
    </p>
   </div>
   <div class='ocr_carea' id='block_1_21' title="bbox 2036 1002 3680 1076">
    <p class='ocr_par' dir='ltr' id='par_1_21' title="bbox 2036 1002 3680 1076">
     <span class='ocr_line' id='line_1_21' title="bbox 2036 1002 3680 1076; baseline 0 -17"><span class='ocrx_word' id='word_1_155' title='bbox 2036 1010 2344 1076; x_wconf 86' lang='lat' dir='ltr'>appetens.</span> <span class='ocrx_word' id='word_1_156' title='bbox 2371 1005 2437 1059; x_wconf 87' lang='lat' dir='ltr'>ﬁt</span> <span class='ocrx_word' id='word_1_157' title='bbox 2459 1004 2531 1059; x_wconf 89' lang='lat' dir='ltr'>ad</span> <span class='ocrx_word' id='word_1_158' title='bbox 2552 1004 2664 1058; x_wconf 90' lang='lat' dir='ltr'>hoc</span> <span class='ocrx_word' id='word_1_159' title='bbox 2686 1002 2895 1074; x_wconf 87' lang='lat' dir='ltr'>pavida</span> <span class='ocrx_word' id='word_1_160' title='bbox 2917 1020 3049 1059; x_wconf 91' lang='lat' dir='ltr'>cum</span> <span class='ocrx_word' id='word_1_161' title='bbox 3073 1005 3305 1074; x_wconf 64' lang='lat' dir='ltr'>quaerit,</span> <span class='ocrx_word' id='word_1_162' title='bbox 3328 1005 3519 1060; x_wconf 86' lang='lat' dir='ltr'>audax</span> <span class='ocrx_word' id='word_1_163' title='bbox 3543 1021 3680 1061; x_wconf 88' lang='lat' dir='ltr'>cum</span> 
     </span>
    </p>
   </div>
   <div class='ocr_carea' id='block_1_22' title="bbox 2036 1092 3685 1166">
    <p class='ocr_par' dir='ltr' id='par_1_22' title="bbox 2036 1092 3685 1166">
     <span class='ocr_line' id='line_1_22' title="bbox 2036 1092 3685 1166; baseline 0 -18"><span class='ocrx_word' id='word_1_164' title='bbox 2036 1094 2391 1166; x_wconf 81' lang='lat' dir='ltr'>pervenerit.</span> <span class='ocrx_word' id='word_1_165' title='bbox 2414 1094 2493 1162; x_wconf 74' lang='grc' dir='ltr'>(ῃ)</span> <span class='ocrx_word' id='word_1_166' title='bbox 2515 1092 2787 1147; x_wconf 86' lang='lat' dir='ltr'>Tendens</span> <span class='ocrx_word' id='word_1_167' title='bbox 2811 1092 2990 1157; x_wconf 91' lang='lat' dir='ltr'>enim,</span> <span class='ocrx_word' id='word_1_168' title='bbox 3011 1107 3086 1147; x_wconf 91' lang='lat' dir='ltr'>ne</span> <span class='ocrx_word' id='word_1_169' title='bbox 3109 1109 3227 1147; x_wconf 86' lang='lat' dir='ltr'>non</span> <span class='ocrx_word' id='word_1_170' title='bbox 3255 1097 3685 1164; x_wconf 68' lang='lat' dir='ltr'>perveniattreo</span> 
     </span>
    </p>
   </div>
   <div class='ocr_carea' id='block_1_23' title="bbox 2036 1179 3687 1255">
    <p class='ocr_par' dir='ltr' id='par_1_23' title="bbox 2036 1179 3687 1255">
     <span class='ocr_line' id='line_1_23' title="bbox 2036 1179 3687 1255; baseline 0.001 -19"><span class='ocrx_word' id='word_1_171' title='bbox 2036 1181 2349 1255; x_wconf 88' lang='lat' dir='ltr'>pidat;sed</span> <span class='ocrx_word' id='word_1_172' title='bbox 2369 1188 2615 1254; x_wconf 89' lang='lat' dir='ltr'>repente</span> <span class='ocrx_word' id='word_1_173' title='bbox 2639 1179 3148 1252; x_wconf 89' lang='lat' dir='ltr'>perveniens.jure</span> <span class='ocrx_word' id='word_1_174' title='bbox 3173 1180 3408 1237; x_wconf 90' lang='lat' dir='ltr'>sibihoc</span> <span class='ocrx_word' id='word_1_175' title='bbox 3421 1181 3687 1237; x_wconf 88' lang='lat' dir='ltr'>debitum</span> 
     </span>
    </p>
   </div>
   <div class='ocr_carea' id='block_1_24' title="bbox 2038 1270 3692 1342">
    <p class='ocr_par' dir='ltr' id='par_1_24' title="bbox 2038 1270 3692 1342">
     <span class='ocr_line' id='line_1_24' title="bbox 2038 1270 3692 1342; baseline -0.002 -15"><span class='ocrx_word' id='word_1_176' title='bbox 2038 1270 2112 1327; x_wconf 90' lang='lat' dir='ltr'>ad</span> <span class='ocrx_word' id='word_1_177' title='bbox 2135 1271 2293 1342; x_wconf 92' lang='lat' dir='ltr'>quod</span> <span class='ocrx_word' id='word_1_178' title='bbox 2318 1271 2650 1342; x_wconf 83' lang='lat' dir='ltr'>pervenerit</span> <span class='ocrx_word' id='word_1_179' title='bbox 2670 1276 2854 1341; x_wconf 85' lang='lat' dir='ltr'>putat.</span> <span class='ocrx_word' id='word_1_180' title='bbox 2886 1272 3151 1339; x_wconf 86' lang='lat' dir='ltr'>Cumque</span> <span class='ocrx_word' id='word_1_181' title='bbox 3182 1271 3444 1341; x_wconf 90' lang='lat' dir='ltr'>percepti</span> <span class='ocrx_word' id='word_1_182' title='bbox 3467 1270 3692 1342; x_wconf 88' lang='lat' dir='ltr'>princi-</span> 
     </span>
    </p>
   </div>
   <div class='ocr_carea' id='block_1_25' title="bbox 2040 1357 3695 1433">
    <p class='ocr_par' dir='ltr' id='par_1_25' title="bbox 2040 1357 3695 1433">
     <span class='ocr_line' id='line_1_25' title="bbox 2040 1357 3695 1433; baseline -0.002 -18"><span class='ocrx_word' id='word_1_183' title='bbox 2040 1365 2212 1433; x_wconf 89' lang='lat' dir='ltr'>patus</span> <span class='ocrx_word' id='word_1_184' title='bbox 2238 1360 2434 1415; x_wconf 86' lang='lat' dir='ltr'>ofﬁcio</span> <span class='ocrx_word' id='word_1_185' title='bbox 2466 1359 2685 1431; x_wconf 80' lang='lat' dir='ltr'>perfrui</span> <span class='ocrx_word' id='word_1_186' title='bbox 2720 1358 3095 1414; x_wconf 74' lang='lat' dir='ltr'>smculariter</span> <span class='ocrx_word' id='word_1_187' title='bbox 3142 1358 3404 1429; x_wconf 65' lang='lat' dir='ltr'>ceperit,</span> <span class='ocrx_word' id='word_1_188' title='bbox 3436 1357 3695 1413; x_wconf 84' lang='lat' dir='ltr'>libenter</span> 
     </span>
    </p>
   </div>
   <div class='ocr_carea' id='block_1_26' title="bbox 2039 1446 3694 1519">
    <p class='ocr_par' dir='ltr' id='par_1_26' title="bbox 2039 1446 3694 1519">
     <span class='ocr_line' id='line_1_26' title="bbox 2039 1446 3694 1519; baseline -0.002 -13"><span class='ocrx_word' id='word_1_189' title='bbox 2039 1448 2409 1506; x_wconf 83' lang='lat' dir='ltr'>obliviscitur</span> <span class='ocrx_word' id='word_1_190' title='bbox 2438 1447 2727 1519; x_wconf 89' lang='lat' dir='ltr'>quidquid</span> <span class='ocrx_word' id='word_1_191' title='bbox 2756 1446 3033 1519; x_wconf 84' lang='lat' dir='ltr'>religiose</span> <span class='ocrx_word' id='word_1_192' title='bbox 3072 1446 3367 1519; x_wconf 81' lang='lat' dir='ltr'>cogitavit.</span> <span class='ocrx_word' id='word_1_193' title='bbox 3396 1446 3559 1501; x_wconf 77' lang='lat' dir='ltr'>[inde</span> <span class='ocrx_word' id='word_1_194' title='bbox 3589 1461 3694 1502; x_wconf 87' lang='lat' dir='ltr'>ne-</span> 
     </span>
    </p>
   </div>
   <div class='ocr_carea' id='block_1_27' title="bbox 2041 1535 3692 1610">
    <p class='ocr_par' dir='ltr' id='par_1_27' title="bbox 2041 1535 3692 1610">
     <span class='ocr_line' id='line_1_27' title="bbox 2041 1535 3692 1610; baseline -0.004 -14"><span class='ocrx_word' id='word_1_195' title='bbox 2041 1555 2204 1596; x_wconf 90' lang='lat' dir='ltr'>cesse</span> <span class='ocrx_word' id='word_1_196' title='bbox 2236 1544 2323 1594; x_wconf 90' lang='lat' dir='ltr'>est</span> <span class='ocrx_word' id='word_1_197' title='bbox 2351 1543 2418 1594; x_wconf 93' lang='lat' dir='ltr'>ut</span> <span class='ocrx_word' id='word_1_198' title='bbox 2437 1554 2573 1593; x_wconf 91' lang='lat' dir='ltr'>cum</span> <span class='ocrx_word' id='word_1_199' title='bbox 2604 1538 2879 1610; x_wconf 82' lang='lat' dir='ltr'>cogitatio</span> <span class='ocrx_word' id='word_1_200' title='bbox 2903 1543 3069 1592; x_wconf 86' lang='lat' dir='ltr'>extra</span> <span class='ocrx_word' id='word_1_201' title='bbox 3090 1552 3266 1593; x_wconf 89' lang='lat' dir='ltr'>usum</span> <span class='ocrx_word' id='word_1_202' title='bbox 3289 1535 3692 1607; x_wconf 81' lang='lat' dir='ltr'>ducitur,pro-</span> 
     </span>
    </p>
   </div>
   <div class='ocr_carea' id='block_1_28' title="bbox 2040 1626 3689 1698">
    <p class='ocr_par' dir='ltr' id='par_1_28' title="bbox 2040 1626 3689 1698">
     <span class='ocr_line' id='line_1_28' title="bbox 2040 1626 3689 1698; baseline -0.003 -14"><span class='ocrx_word' id='word_1_203' title='bbox 2040 1630 2198 1684; x_wconf 90' lang='lat' dir='ltr'>tinus</span> <span class='ocrx_word' id='word_1_204' title='bbox 2228 1628 2447 1683; x_wconf 88' lang='lat' dir='ltr'>mentis</span> <span class='ocrx_word' id='word_1_205' title='bbox 2479 1628 2685 1682; x_wconf 90' lang='lat' dir='ltr'>oculus</span> <span class='ocrx_word' id='word_1_206' title='bbox 2719 1626 2792 1682; x_wconf 91' lang='lat' dir='ltr'>ad</span> <span class='ocrx_word' id='word_1_207' title='bbox 2824 1642 3005 1698; x_wconf 88' lang='lat' dir='ltr'>opera</span> <span class='ocrx_word' id='word_1_208' title='bbox 3025 1630 3325 1682; x_wconf 89' lang='lat' dir='ltr'>transacta</span> <span class='ocrx_word' id='word_1_209' title='bbox 3345 1630 3689 1680; x_wconf 87' lang='lat' dir='ltr'>revocetur:</span> 
     </span>
    </p>
   </div>
   <div class='ocr_carea' id='block_1_29' title="bbox 2040 1715 3692 1789">
    <p class='ocr_par' dir='ltr' id='par_1_29' title="bbox 2040 1715 3692 1789">
     <span class='ocr_line' id='line_1_29' title="bbox 2040 1715 3692 1789; baseline -0.003 -15"><span class='ocrx_word' id='word_1_210' title='bbox 2040 1735 2108 1774; x_wconf 90' lang='lat' dir='ltr'>ac</span> <span class='ocrx_word' id='word_1_211' title='bbox 2138 1724 2347 1789; x_wconf 90' lang='lat' dir='ltr'>penset</span> <span class='ocrx_word' id='word_1_212' title='bbox 2367 1717 2617 1788; x_wconf 83' lang='lat' dir='ltr'>quisque</span> <span class='ocrx_word' id='word_1_213' title='bbox 2642 1715 2783 1787; x_wconf 89' lang='lat' dir='ltr'>quid</span> <span class='ocrx_word' id='word_1_214' title='bbox 2808 1716 3112 1786; x_wconf 79' lang='lat' dir='ltr'>subjectus</span> <span class='ocrx_word' id='word_1_215' title='bbox 3134 1715 3340 1781; x_wconf 74' lang='lat' dir='ltr'>egerit,</span> <span class='ocrx_word' id='word_1_216' title='bbox 3366 1719 3424 1769; x_wconf 82' lang='lat' dir='ltr'>et</span> <span class='ocrx_word' id='word_1_217' title='bbox 3446 1719 3692 1786; x_wconf 89' lang='lat' dir='ltr'>repente</span> 
     </span>
    </p>
   </div>
   <div class='ocr_carea' id='block_1_30' title="bbox 302 1805 3695 1890">
    <p class='ocr_par' dir='ltr' id='par_1_30' title="bbox 302 1805 3695 1890">
     <span class='ocr_line' id='line_1_30' title="bbox 302 1805 3695 1890; baseline -0.002 -23"><span class='ocrx_word' id='word_1_218' title='bbox 302 1818 406 1868; x_wconf 87' lang='lat' dir='ltr'>tum</span> <span class='ocrx_word' id='word_1_219' title='bbox 420 1808 1934 1882; x_wconf 75' lang='lat' dir='ltr'>necessariasubsequenterenumerat,qumsitirre-</span> <span class='ocrx_word' id='word_1_220' title='bbox 1966 1824 2011 1890; x_wconf 79' lang='grc' dir='ltr'>Β</span> <span class='ocrx_word' id='word_1_221' title='bbox 2042 1809 2344 1881; x_wconf 79' lang='lat' dir='ltr'>cognoscit</span> <span class='ocrx_word' id='word_1_222' title='bbox 2374 1807 2421 1863; x_wconf 89' lang='lat' dir='ltr'>si</span> <span class='ocrx_word' id='word_1_223' title='bbox 2453 1809 2732 1881; x_wconf 66' lang='lat' dir='ltr'>praelatus</span> <span class='ocrx_word' id='word_1_224' title='bbox 2763 1806 2917 1862; x_wconf 91' lang='lat' dir='ltr'>bona</span> <span class='ocrx_word' id='word_1_225' title='bbox 2947 1821 3120 1879; x_wconf 87' lang='lat' dir='ltr'>agere</span> <span class='ocrx_word' id='word_1_226' title='bbox 3155 1821 3287 1876; x_wconf 75' lang='lat' dir='ltr'>qum</span> <span class='ocrx_word' id='word_1_227' title='bbox 3318 1805 3695 1877; x_wconf 81' lang='lat' dir='ltr'>preposuerit</span> 
     </span>
    </p>
   </div>
   <div class='ocr_carea' id='block_1_31' title="bbox 304 1895 1929 1974">
    <p class='ocr_par' dir='ltr' id='par_1_31' title="bbox 304 1895 1929 1974">
     <span class='ocr_line' id='line_1_31' title="bbox 304 1895 1929 1974; baseline -0.004 -18"><span class='ocrx_word' id='word_1_228' title='bbox 304 1901 759 1974; x_wconf 78' lang='lat' dir='ltr'>prehensibilitas</span> <span class='ocrx_word' id='word_1_229' title='bbox 781 1901 909 1972; x_wconf 90' lang='lat' dir='ltr'>ipsa</span> <span class='ocrx_word' id='word_1_230' title='bbox 931 1900 1289 1955; x_wconf 75' lang='lat' dir='ltr'>manifestat.</span> <span class='ocrx_word' id='word_1_231' title='bbox 1314 1900 1381 1953; x_wconf 87' lang='lat' dir='ltr'>Et</span> <span class='ocrx_word' id='word_1_232' title='bbox 1402 1899 1555 1954; x_wconf 86' lang='lat' dir='ltr'>favet</span> <span class='ocrx_word' id='word_1_233' title='bbox 1575 1914 1712 1966; x_wconf 69' lang='lat' dir='ltr'>ergo</span> <span class='ocrx_word' id='word_1_234' title='bbox 1735 1913 1806 1951; x_wconf 76' lang='lat' dir='ltr'>ex</span> <span class='ocrx_word' id='word_1_235' title='bbox 1829 1895 1929 1951; x_wconf 88' lang='lat' dir='ltr'>de-</span> 
     </span>
    </p>
   </div>
   <div class='ocr_carea' id='block_1_32' title="bbox 302 1986 1929 2060">
    <p class='ocr_par' dir='ltr' id='par_1_32' title="bbox 302 1986 1929 2060">
     <span class='ocr_line' id='line_1_32' title="bbox 302 1986 1929 2060; baseline -0.002 -17"><span class='ocrx_word' id='word_1_236' title='bbox 302 1988 511 2054; x_wconf 87' lang='lat' dir='ltr'>siderio,</span> <span class='ocrx_word' id='word_1_237' title='bbox 539 1997 597 2044; x_wconf 77' lang='lat' dir='ltr'>et.</span> <span class='ocrx_word' id='word_1_238' title='bbox 629 1994 823 2043; x_wconf 91' lang='lat' dir='ltr'>terret</span> <span class='ocrx_word' id='word_1_239' title='bbox 852 2005 923 2043; x_wconf 84' lang='lat' dir='ltr'>ex</span> <span class='ocrx_word' id='word_1_240' title='bbox 955 1995 1271 2060; x_wconf 64' lang='lat' dir='ltr'>praecepto,</span> <span class='ocrx_word' id='word_1_241' title='bbox 1303 2004 1370 2043; x_wconf 87' lang='lat' dir='ltr'>ac</span> <span class='ocrx_word' id='word_1_242' title='bbox 1399 1988 1447 2041; x_wconf 90' lang='lat' dir='ltr'>si</span> <span class='ocrx_word' id='word_1_243' title='bbox 1497 1993 1700 2056; x_wconf 81' lang='lat' dir='ltr'>aperte</span> <span class='ocrx_word' id='word_1_244' title='bbox 1734 1986 1929 2041; x_wconf 88' lang='lat' dir='ltr'>dicat:</span> 
     </span>
    </p>
   </div>
   <div class='ocr_carea' id='block_1_33' title="bbox 300 2075 1934 2149">
    <p class='ocr_par' dir='ltr' id='par_1_33' title="bbox 300 2075 1934 2149">
     <span class='ocr_line' id='line_1_33' title="bbox 300 2075 1934 2149; baseline -0.002 -16"><span class='ocrx_word' id='word_1_245' title='bbox 300 2077 469 2133; x_wconf 83' lang='lat' dir='ltr'>Laudo</span> <span class='ocrx_word' id='word_1_246' title='bbox 497 2077 659 2149; x_wconf 86' lang='lat' dir='ltr'>quod</span> <span class='ocrx_word' id='word_1_247' title='bbox 691 2077 980 2148; x_wconf 72' lang='lat' dir='ltr'>qumritis,</span> <span class='ocrx_word' id='word_1_248' title='bbox 1004 2077 1110 2132; x_wconf 89' lang='lat' dir='ltr'>sed</span> <span class='ocrx_word' id='word_1_249' title='bbox 1135 2078 1297 2148; x_wconf 83' lang='lat' dir='ltr'>prius</span> <span class='ocrx_word' id='word_1_250' title='bbox 1318 2077 1526 2131; x_wconf 89' lang='lat' dir='ltr'>discite</span> <span class='ocrx_word' id='word_1_251' title='bbox 1548 2075 1690 2147; x_wconf 90' lang='lat' dir='ltr'>quid</span> <span class='ocrx_word' id='word_1_252' title='bbox 1710 2091 1934 2146; x_wconf 77' lang='lat' dir='ltr'>quzPra-</span> 
     </span>
    </p>
   </div>
   <div class='ocr_carea' id='block_1_34' title="bbox 296 2164 1932 2237">
    <p class='ocr_par' dir='ltr' id='par_1_34' title="bbox 296 2164 1932 2237">
     <span class='ocr_line' id='line_1_34' title="bbox 296 2164 1932 2237; baseline -0.002 -15"><span class='ocrx_word' id='word_1_253' title='bbox 296 2168 387 2231; x_wconf 86' lang='lat' dir='ltr'>tis;</span> <span class='ocrx_word' id='word_1_254' title='bbox 409 2183 477 2221; x_wconf 92' lang='lat' dir='ltr'>ne</span> <span class='ocrx_word' id='word_1_255' title='bbox 497 2168 639 2222; x_wconf 90' lang='lat' dir='ltr'>dum</span> <span class='ocrx_word' id='word_1_256' title='bbox 664 2168 1067 2237; x_wconf 84' lang='lat' dir='ltr'>vosmetipsos</span> <span class='ocrx_word' id='word_1_257' title='bbox 1090 2166 1284 2220; x_wconf 86' lang='lat' dir='ltr'>metiri</span> <span class='ocrx_word' id='word_1_258' title='bbox 1301 2164 1617 2237; x_wconf 85' lang='lat' dir='ltr'>negligilis,</span> <span class='ocrx_word' id='word_1_259' title='bbox 1646 2170 1808 2219; x_wconf 89' lang='lat' dir='ltr'>tanto</span> <span class='ocrx_word' id='word_1_260' title='bbox 1831 2164 1932 2219; x_wconf 76' lang='grc' dir='ltr'>Γω-</span> 
     </span>
    </p>
   </div>
   <div class='ocr_carea' id='block_1_35' title="bbox 300 2254 1934 2327">
    <p class='ocr_par' dir='ltr' id='par_1_35' title="bbox 300 2254 1934 2327">
     <span class='ocr_line' id='line_1_35' title="bbox 300 2254 1934 2327; baseline -0.001 -17"><span class='ocrx_word' id='word_1_261' title='bbox 300 2254 413 2310; x_wconf 90' lang='lat' dir='ltr'>dior</span> <span class='ocrx_word' id='word_1_262' title='bbox 437 2263 624 2311; x_wconf 82' lang='lat' dir='ltr'>vestra</span> <span class='ocrx_word' id='word_1_263' title='bbox 657 2254 1216 2327; x_wconf 85' lang='lat' dir='ltr'>reprehensibilitas</span> <span class='ocrx_word' id='word_1_264' title='bbox 1246 2259 1548 2326; x_wconf 86' lang='lat' dir='ltr'>appareat,</span> <span class='ocrx_word' id='word_1_265' title='bbox 1580 2259 1802 2324; x_wconf 87' lang='lat' dir='ltr'>quanto</span> <span class='ocrx_word' id='word_1_266' title='bbox 1822 2258 1879 2307; x_wconf 87' lang='lat' dir='ltr'>et</span> <span class='ocrx_word' id='word_1_267' title='bbox 1900 2270 1934 2308; x_wconf 91' lang='lat' dir='ltr'>a</span> 
     </span>
    </p>
   </div>
   <div class='ocr_carea' id='block_1_36' title="bbox 299 2343 1932 2416">
    <p class='ocr_par' dir='ltr' id='par_1_36' title="bbox 299 2343 1932 2416">
     <span class='ocr_line' id='line_1_36' title="bbox 299 2343 1932 2416; baseline -0.001 -17"><span class='ocrx_word' id='word_1_268' title='bbox 299 2346 501 2399; x_wconf 86' lang='lat' dir='ltr'>cunctis</span> <span class='ocrx_word' id='word_1_269' title='bbox 521 2345 798 2416; x_wconf 88' lang='lat' dir='ltr'>conspici</span> <span class='ocrx_word' id='word_1_270' title='bbox 827 2345 889 2399; x_wconf 89' lang='lat' dir='ltr'>in</span> <span class='ocrx_word' id='word_1_271' title='bbox 911 2344 1154 2399; x_wconf 87' lang='lat' dir='ltr'>honoris</span> <span class='ocrx_word' id='word_1_272' title='bbox 1175 2360 1308 2399; x_wconf 87' lang='lat' dir='ltr'>arce</span> <span class='ocrx_word' id='word_1_273' title='bbox 1331 2344 1592 2398; x_wconf 84' lang='lat' dir='ltr'>festinat.</span> <span class='ocrx_word' id='word_1_274' title='bbox 1618 2343 1667 2396; x_wconf 75' lang='lat'><strong>9</strong></span> <span class='ocrx_word' id='word_1_275' title='bbox 1693 2344 1932 2410; x_wconf 81' lang='lat' dir='ltr'>Magnus</span> 
     </span>
    </p>
   </div>
   <div class='ocr_carea' id='block_1_37' title="bbox 297 2431 1934 2506">
    <p class='ocr_par' dir='ltr' id='par_1_37' title="bbox 297 2431 1934 2506">
     <span class='ocr_line' id='line_1_37' title="bbox 297 2431 1934 2506; baseline -0.002 -17"><span class='ocrx_word' id='word_1_276' title='bbox 297 2434 425 2489; x_wconf 83' lang='lat' dir='ltr'>enim</span> <span class='ocrx_word' id='word_1_277' title='bbox 436 2434 685 2506; x_wconf 84' lang='lat' dir='ltr'>regendi</span> <span class='ocrx_word' id='word_1_278' title='bbox 701 2433 909 2488; x_wconf 81' lang='lat' dir='ltr'>artifex</span> <span class='ocrx_word' id='word_1_279' title='bbox 923 2431 1449 2503; x_wconf 88' lang='lat' dir='ltr'>favoribusimpelli</span> <span class='ocrx_word' id='word_1_280' title='bbox 1460 2438 1497 2499; x_wconf 89' lang='lat' dir='ltr'>t,</span> <span class='ocrx_word' id='word_1_281' title='bbox 1508 2431 1834 2486; x_wconf 88' lang='lat' dir='ltr'>terroribus</span> <span class='ocrx_word' id='word_1_282' title='bbox 1847 2447 1934 2486; x_wconf 90' lang='lat' dir='ltr'>re-</span> 
     </span>
    </p>
   </div>
   <div class='ocr_carea' id='block_1_38' title="bbox 294 2519 1930 2593">
    <p class='ocr_par' dir='ltr' id='par_1_38' title="bbox 294 2519 1930 2593">
     <span class='ocr_line' id='line_1_38' title="bbox 294 2519 1930 2593; baseline -0.002 -16"><span class='ocrx_word' id='word_1_283' title='bbox 294 2524 542 2589; x_wconf 83' lang='lat' dir='ltr'>trahit,ut</span> <span class='ocrx_word' id='word_1_284' title='bbox 552 2523 868 2578; x_wconf 87' lang='lat' dir='ltr'>auditores</span> <span class='ocrx_word' id='word_1_285' title='bbox 882 2538 1020 2577; x_wconf 90' lang='lat' dir='ltr'>suos</span> <span class='ocrx_word' id='word_1_286' title='bbox 1033 2521 1174 2593; x_wconf 88' lang='lat' dir='ltr'>et(c)</span> <span class='ocrx_word' id='word_1_287' title='bbox 1188 2520 1484 2592; x_wconf 90' lang='lat' dir='ltr'>descripto</span> <span class='ocrx_word' id='word_1_288' title='bbox 1499 2519 1930 2591; x_wconf 88' lang='lat' dir='ltr'>irreprehensi-</span> 
     </span>
    </p>
   </div>
   <div class='ocr_carea' id='block_1_39' title="bbox 294 2608 1932 2682">
    <p class='ocr_par' dir='ltr' id='par_1_39' title="bbox 294 2608 1932 2682">
     <span class='ocr_line' id='line_1_39' title="bbox 294 2608 1932 2682; baseline -0.002 -15"><span class='ocrx_word' id='word_1_289' title='bbox 294 2611 516 2667; x_wconf 87' lang='lat' dir='ltr'>bilitatis</span> <span class='ocrx_word' id='word_1_290' title='bbox 543 2612 816 2667; x_wconf 88' lang='lat' dir='ltr'>culmine</span> <span class='ocrx_word' id='word_1_291' title='bbox 846 2610 1165 2680; x_wconf 73' lang='lat' dir='ltr'>restringat</span> <span class='ocrx_word' id='word_1_292' title='bbox 1195 2626 1230 2665; x_wconf 90' lang='lat' dir='ltr'>a</span> <span class='ocrx_word' id='word_1_293' title='bbox 1258 2609 1557 2682; x_wconf 88' lang='lat' dir='ltr'>superbia,</span> <span class='ocrx_word' id='word_1_294' title='bbox 1583 2614 1640 2663; x_wconf 92' lang='lat' dir='ltr'>et</span> <span class='ocrx_word' id='word_1_295' title='bbox 1671 2608 1932 2663; x_wconf 88' lang='lat' dir='ltr'>ofﬁcium</span> 
     </span>
    </p>
   </div>
   <div class='ocr_carea' id='block_1_40' title="bbox 293 2697 1934 2772">
    <p class='ocr_par' dir='ltr' id='par_1_40' title="bbox 293 2697 1934 2772">
     <span class='ocr_line' id='line_1_40' title="bbox 293 2697 1934 2772; baseline -0.002 -17"><span class='ocrx_word' id='word_1_296' title='bbox 293 2699 560 2756; x_wconf 84' lang='lat' dir='ltr'>laudando</span> <span class='ocrx_word' id='word_1_297' title='bbox 582 2699 756 2772; x_wconf 88' lang='lat' dir='ltr'>quod</span> <span class='ocrx_word' id='word_1_298' title='bbox 775 2702 1085 2770; x_wconf 69' lang='lat' dir='ltr'>quarritur,</span> <span class='ocrx_word' id='word_1_299' title='bbox 1100 2697 1503 2770; x_wconf 88' lang='lat' dir='ltr'>componatad</span> <span class='ocrx_word' id='word_1_300' title='bbox 1518 2698 1934 2763; x_wconf 87' lang='lat' dir='ltr'>vitam.Quam-</span> 
     </span>
    </p>
   </div>
   <div class='ocr_carea' id='block_1_41' title="bbox 294 2786 1928 2859">
    <p class='ocr_par' dir='ltr' id='par_1_41' title="bbox 294 2786 1928 2859">
     <span class='ocr_line' id='line_1_41' title="bbox 294 2786 1928 2859; baseline -0.002 -15"><span class='ocrx_word' id='word_1_301' title='bbox 294 2790 366 2845; x_wconf 84' lang='lat' dir='ltr'>vis</span> <span class='ocrx_word' id='word_1_302' title='bbox 384 2789 715 2845; x_wconf 85' lang='lat' dir='ltr'>notandum</span> <span class='ocrx_word' id='word_1_303' title='bbox 741 2787 902 2859; x_wconf 89' lang='lat' dir='ltr'>quod</span> <span class='ocrx_word' id='word_1_304' title='bbox 924 2786 1023 2842; x_wconf 91' lang='lat' dir='ltr'>illo</span> <span class='ocrx_word' id='word_1_305' title='bbox 1047 2787 1107 2842; x_wconf 91' lang='lat' dir='ltr'>in</span> <span class='ocrx_word' id='word_1_306' title='bbox 1128 2792 1395 2859; x_wconf 88' lang='lat' dir='ltr'>tempore</span> <span class='ocrx_word' id='word_1_307' title='bbox 1418 2787 1530 2841; x_wconf 92' lang='lat' dir='ltr'>hoc</span> <span class='ocrx_word' id='word_1_308' title='bbox 1556 2786 1794 2852; x_wconf 89' lang='lat' dir='ltr'>dicitur,</span> <span class='ocrx_word' id='word_1_309' title='bbox 1811 2802 1928 2857; x_wconf 91' lang='lat' dir='ltr'>quo</span> 
     </span>
    </p>
   </div>
   <div class='ocr_carea' id='block_1_42' title="bbox 296 2875 1934 2950">
    <p class='ocr_par' dir='ltr' id='par_1_42' title="bbox 296 2875 1934 2950">
     <span class='ocr_line' id='line_1_42' title="bbox 296 2875 1934 2950; baseline -0.002 -18"><span class='ocrx_word' id='word_1_310' title='bbox 296 2880 540 2950; x_wconf 85' lang='lat' dir='ltr'>quisquis</span> <span class='ocrx_word' id='word_1_311' title='bbox 570 2877 859 2950; x_wconf 84' lang='lat' dir='ltr'>plebibus</span> <span class='ocrx_word' id='word_1_312' title='bbox 882 2882 1155 2947; x_wconf 61' lang='lat' dir='ltr'>praeerat,</span> <span class='ocrx_word' id='word_1_313' title='bbox 1175 2877 1407 2947; x_wconf 87' lang='lat' dir='ltr'>primus</span> <span class='ocrx_word' id='word_1_314' title='bbox 1429 2876 1502 2931; x_wconf 89' lang='lat' dir='ltr'>ad</span> <span class='ocrx_word' id='word_1_315' title='bbox 1521 2875 1787 2947; x_wconf 84' lang='lat' dir='ltr'>martyrii</span> <span class='ocrx_word' id='word_1_316' title='bbox 1812 2880 1934 2930; x_wconf 89' lang='lat' dir='ltr'>tor-</span> 
     </span>
    </p>
   </div>
   <div class='ocr_carea' id='block_1_43' title="bbox 294 2963 1934 3037">
    <p class='ocr_par' dir='ltr' id='par_1_43' title="bbox 294 2963 1934 3037">
     <span class='ocr_line' id='line_1_43' title="bbox 294 2963 1934 3037; baseline -0.002 -15"><span class='ocrx_word' id='word_1_317' title='bbox 294 2966 1011 3022; x_wconf 83' lang='lat' dir='ltr'>mentaducebatur.Tuuc</span> <span class='ocrx_word' id='word_1_318' title='bbox 1032 2982 1167 3037; x_wconf 88' lang='lat' dir='ltr'>ergo</span> <span class='ocrx_word' id='word_1_319' title='bbox 1189 2963 1486 3020; x_wconf 88' lang='lat' dir='ltr'>laudabile</span> <span class='ocrx_word' id='word_1_320' title='bbox 1510 2964 1934 3035; x_wconf 86' lang='lat' dir='ltr'>fuitepiscopa-</span> 
     </span>
    </p>
   </div>
   <div class='ocr_carea' id='block_1_44' title="bbox 296 3052 1933 3126">
    <p class='ocr_par' dir='ltr' id='par_1_44' title="bbox 296 3052 1933 3126">
     <span class='ocr_line' id='line_1_44' title="bbox 296 3052 1933 3126; baseline -0.001 -17"><span class='ocrx_word' id='word_1_321' title='bbox 296 3060 399 3109; x_wconf 83' lang='lat' dir='ltr'>tam</span> <span class='ocrx_word' id='word_1_322' title='bbox 413 3072 538 3126; x_wconf 70' lang='lat' dir='ltr'>quae</span> <span class='ocrx_word' id='word_1_323' title='bbox 546 3052 957 3125; x_wconf 83' lang='lat' dir='ltr'>rere,quando</span> <span class='ocrx_word' id='word_1_324' title='bbox 970 3069 1077 3125; x_wconf 89' lang='lat' dir='ltr'>per</span> <span class='ocrx_word' id='word_1_325' title='bbox 1088 3055 1242 3110; x_wconf 88' lang='lat' dir='ltr'>hunc</span> <span class='ocrx_word' id='word_1_326' title='bbox 1255 3069 1552 3125; x_wconf 83' lang='lat' dir='ltr'>quemque</span> <span class='ocrx_word' id='word_1_327' title='bbox 1566 3052 1794 3108; x_wconf 79' lang='lat' dir='ltr'>dubiun</span> <span class='ocrx_word' id='word_1_328' title='bbox 1812 3067 1933 3108; x_wconf 87' lang='lat' dir='ltr'>non</span> 
     </span>
    </p>
   </div>
   <div class='ocr_carea' id='block_1_45' title="bbox 300 3141 1932 3215">
    <p class='ocr_par' dir='ltr' id='par_1_45' title="bbox 300 3141 1932 3215">
     <span class='ocr_line' id='line_1_45' title="bbox 300 3141 1932 3215; baseline -0.001 -17"><span class='ocrx_word' id='word_1_329' title='bbox 300 3144 502 3199; x_wconf 82' lang='lat' dir='ltr'>eratad</span> <span class='ocrx_word' id='word_1_330' title='bbox 531 3142 843 3215; x_wconf 85' lang='lat' dir='ltr'>supplicia</span> <span class='ocrx_word' id='word_1_331' title='bbox 869 3143 1135 3215; x_wconf 75' lang='lat' dir='ltr'>graviora</span> <span class='ocrx_word' id='word_1_332' title='bbox 1168 3143 1497 3214; x_wconf 89' lang='lat' dir='ltr'>pervenire.</span> <span class='ocrx_word' id='word_1_333' title='bbox 1535 3141 1698 3198; x_wconf 81' lang='lat' dir='ltr'>Unde</span> <span class='ocrx_word' id='word_1_334' title='bbox 1737 3142 1932 3212; x_wconf 90' lang='lat' dir='ltr'>ipsum</span> 
     </span>
    </p>
   </div>
   <div class='ocr_carea' id='block_1_46' title="bbox 300 3230 1932 3305">
    <p class='ocr_par' dir='ltr' id='par_1_46' title="bbox 300 3230 1932 3305">
     <span class='ocr_line' id='line_1_46' title="bbox 300 3230 1932 3305; baseline -0.002 -17"><span class='ocrx_word' id='word_1_335' title='bbox 300 3249 505 3305; x_wconf 87' lang='lat' dir='ltr'>quoque</span> <span class='ocrx_word' id='word_1_336' title='bbox 518 3234 908 3305; x_wconf 87' lang='lat' dir='ltr'>episcopatus</span> <span class='ocrx_word' id='word_1_337' title='bbox 919 3230 1179 3286; x_wconf 87' lang='lat' dir='ltr'>ofﬁcium</span> <span class='ocrx_word' id='word_1_338' title='bbox 1196 3230 1331 3286; x_wconf 92' lang='lat' dir='ltr'>boni</span> <span class='ocrx_word' id='word_1_339' title='bbox 1347 3230 1932 3302; x_wconf 81' lang='lat' dir='ltr'>operisexpressione</span> 
     </span>
    </p>
   </div>
   <div class='ocr_carea' id='block_1_47' title="bbox 305 3319 1934 3390">
    <p class='ocr_par' dir='ltr' id='par_1_47' title="bbox 305 3319 1934 3390">
     <span class='ocr_line' id='line_1_47' title="bbox 305 3319 1934 3390; baseline -0.002 -14"><span class='ocrx_word' id='word_1_340' title='bbox 305 3320 734 3387; x_wconf 82' lang='lat' dir='ltr'>deﬁnitur,cum</span> <span class='ocrx_word' id='word_1_341' title='bbox 757 3319 1002 3375; x_wconf 89' lang='lat' dir='ltr'>dicitur:</span> <span class='ocrx_word' id='word_1_342' title='bbox 1027 3319 1085 3374; x_wconf 82' lang='lat' dir='ltr'>Si</span> <span class='ocrx_word' id='word_1_343' title='bbox 1108 3320 1232 3390; x_wconf 84' lang='lat' dir='ltr'>quis</span> <span class='ocrx_word' id='word_1_344' title='bbox 1255 3322 1627 3390; x_wconf 82' lang='lat' dir='ltr'>episcopatum</span> <span class='ocrx_word' id='word_1_345' title='bbox 1639 3319 1934 3383; x_wconf 77' lang='lat' dir='ltr'>desiderat,</span> 
     </span>
    </p>
   </div>
   <div class='ocr_carea' id='block_1_48' title="bbox 299 3406 1933 3479">
    <p class='ocr_par' dir='ltr' id='par_1_48' title="bbox 299 3406 1933 3479">
     <span class='ocr_line' id='line_1_48' title="bbox 299 3406 1933 3479; baseline -0.003 -14"><span class='ocrx_word' id='word_1_346' title='bbox 299 3410 472 3465; x_wconf 77' lang='lat' dir='ltr'>bonum</span> <span class='ocrx_word' id='word_1_347' title='bbox 498 3426 645 3479; x_wconf 81' lang='lat' dir='ltr'>opus</span> <span class='ocrx_word' id='word_1_348' title='bbox 678 3408 952 3463; x_wconf 72' lang='lat' dir='ltr'>desiderat</span> <span class='ocrx_word' id='word_1_349' title='bbox 981 3409 1028 3477; x_wconf 87' lang='grc'>(1</span> <span class='ocrx_word' id='word_1_350' title='bbox 1065 3409 1201 3462; x_wconf 83' lang='lat' dir='ltr'>Tim.</span> <span class='ocrx_word' id='word_1_351' title='bbox 1238 3424 1319 3475; x_wconf 86' lang='grc' dir='ltr'>ιιι,</span> <span class='ocrx_word' id='word_1_352' title='bbox 1356 3410 1424 3476; x_wconf 77' lang='lat' dir='ltr'>t).</span> <span class='ocrx_word' id='word_1_353' title='bbox 1477 3407 1604 3478; x_wconf 81' lang='lat' dir='ltr'>ipse</span> <span class='ocrx_word' id='word_1_354' title='bbox 1637 3423 1773 3478; x_wconf 83' lang='lat' dir='ltr'>ergo</span> <span class='ocrx_word' id='word_1_355' title='bbox 1822 3406 1933 3462; x_wconf 88' lang='lat' dir='ltr'>sibi</span> 
     </span>
    </p>
   </div>
   <div class='ocr_carea' id='block_1_49' title="bbox 297 3495 1935 3570">
    <p class='ocr_par' dir='ltr' id='par_1_49' title="bbox 297 3495 1935 3570">
     <span class='ocr_line' id='line_1_49' title="bbox 297 3495 1935 3570; baseline -0.002 -17"><span class='ocrx_word' id='word_1_356' title='bbox 297 3500 443 3554; x_wconf 82' lang='lat' dir='ltr'>testis</span> <span class='ocrx_word' id='word_1_357' title='bbox 462 3504 552 3554; x_wconf 88' lang='lat' dir='ltr'>est</span> <span class='ocrx_word' id='word_1_358' title='bbox 570 3497 727 3570; x_wconf 86' lang='lat' dir='ltr'>quia</span> <span class='ocrx_word' id='word_1_359' title='bbox 746 3497 1156 3568; x_wconf 88' lang='lat' dir='ltr'>episcopatum</span> <span class='ocrx_word' id='word_1_360' title='bbox 1180 3512 1300 3551; x_wconf 89' lang='lat' dir='ltr'>non</span> <span class='ocrx_word' id='word_1_361' title='bbox 1321 3496 1564 3568; x_wconf 89' lang='lat' dir='ltr'>appetit.</span> <span class='ocrx_word' id='word_1_362' title='bbox 1580 3495 1679 3566; x_wconf 93' lang='lat' dir='ltr'>qui</span> <span class='ocrx_word' id='word_1_363' title='bbox 1695 3511 1810 3550; x_wconf 90' lang='lat' dir='ltr'>non</span> <span class='ocrx_word' id='word_1_364' title='bbox 1827 3512 1935 3567; x_wconf 91' lang='lat' dir='ltr'>per</span> 
     </span>
    </p>
   </div>
   <div class='ocr_carea' id='block_1_50' title="bbox 297 3583 1936 3658">
    <p class='ocr_par' dir='ltr' id='par_1_50' title="bbox 297 3583 1936 3658">
     <span class='ocr_line' id='line_1_50' title="bbox 297 3583 1936 3658; baseline -0.002 -16"><span class='ocrx_word' id='word_1_365' title='bbox 297 3585 435 3643; x_wconf 80' lang='lat' dir='ltr'>hanc</span> <span class='ocrx_word' id='word_1_366' title='bbox 454 3587 593 3644; x_wconf 87' lang='lat' dir='ltr'>boni</span> <span class='ocrx_word' id='word_1_367' title='bbox 621 3586 829 3658; x_wconf 89' lang='lat' dir='ltr'>operis</span> <span class='ocrx_word' id='word_1_368' title='bbox 853 3586 1271 3650; x_wconf 84' lang='lat' dir='ltr'>ministerium,</span> <span class='ocrx_word' id='word_1_369' title='bbox 1297 3583 1397 3640; x_wconf 90' lang='lat' dir='ltr'>sed</span> <span class='ocrx_word' id='word_1_370' title='bbox 1422 3584 1665 3639; x_wconf 88' lang='lat' dir='ltr'>honoris</span> <span class='ocrx_word' id='word_1_371' title='bbox 1685 3583 1936 3656; x_wconf 88' lang='lat' dir='ltr'>gloriam</span> 
     </span>
    </p>
   </div>
   <div class='ocr_carea' id='block_1_51' title="bbox 295 3672 1940 3745">
    <p class='ocr_par' dir='ltr' id='par_1_51' title="bbox 295 3672 1940 3745">
     <span class='ocr_line' id='line_1_51' title="bbox 295 3672 1940 3745; baseline -0.002 -16"><span class='ocrx_word' id='word_1_372' title='bbox 295 3677 502 3745; x_wconf 66' lang='lat' dir='ltr'>querit.</span> <span class='ocrx_word' id='word_1_373' title='bbox 525 3677 785 3731; x_wconf 83' lang='lat' dir='ltr'>Sacrum</span> <span class='ocrx_word' id='word_1_374' title='bbox 808 3674 1031 3745; x_wconf 88' lang='lat' dir='ltr'>quippe</span> <span class='ocrx_word' id='word_1_375' title='bbox 1045 3674 1311 3730; x_wconf 87' lang='lat' dir='ltr'>ofﬁcium</span> <span class='ocrx_word' id='word_1_376' title='bbox 1325 3689 1445 3729; x_wconf 89' lang='lat' dir='ltr'>non</span> <span class='ocrx_word' id='word_1_377' title='bbox 1469 3672 1657 3728; x_wconf 89' lang='lat' dir='ltr'>solum</span> <span class='ocrx_word' id='word_1_378' title='bbox 1675 3689 1793 3727; x_wconf 90' lang='lat' dir='ltr'>non</span> <span class='ocrx_word' id='word_1_379' title='bbox 1806 3672 1940 3726; x_wconf 91' lang='lat' dir='ltr'>dili-</span> 
     </span>
    </p>
   </div>
   <div class='ocr_carea' id='block_1_52' title="bbox 292 3764 1938 3838">
    <p class='ocr_par' dir='ltr' id='par_1_52' title="bbox 292 3764 1938 3838">
     <span class='ocr_line' id='line_1_52' title="bbox 292 3764 1938 3838; baseline -0.002 -17"><span class='ocrx_word' id='word_1_380' title='bbox 292 3767 609 3838; x_wconf 83' lang='lat' dir='ltr'>gitomuino</span> <span class='ocrx_word' id='word_1_381' title='bbox 621 3765 752 3826; x_wconf 87' lang='lat' dir='ltr'>.sed</span> <span class='ocrx_word' id='word_1_382' title='bbox 766 3765 1081 3836; x_wconf 88' lang='lat' dir='ltr'>uescit,qui</span> <span class='ocrx_word' id='word_1_383' title='bbox 1095 3765 1170 3821; x_wconf 88' lang='lat' dir='ltr'>ad</span> <span class='ocrx_word' id='word_1_384' title='bbox 1183 3764 1417 3821; x_wconf 89' lang='lat' dir='ltr'>culmen</span> <span class='ocrx_word' id='word_1_385' title='bbox 1432 3764 1551 3836; x_wconf 87' lang='lat' dir='ltr'>regi</span> <span class='ocrx_word' id='word_1_386' title='bbox 1563 3764 1740 3819; x_wconf 89' lang='lat' dir='ltr'>minis</span> <span class='ocrx_word' id='word_1_387' title='bbox 1757 3764 1938 3818; x_wconf 88' lang='lat' dir='ltr'>anhe-</span> 
     </span>
    </p>
   </div>
   <div class='ocr_carea' id='block_1_53' title="bbox 292 3853 1936 3927">
    <p class='ocr_par' dir='ltr' id='par_1_53' title="bbox 292 3853 1936 3927">
     <span class='ocr_line' id='line_1_53' title="bbox 292 3853 1936 3927; baseline -0.002 -17"><span class='ocrx_word' id='word_1_388' title='bbox 292 3855 429 3920; x_wconf 84' lang='lat' dir='ltr'>lans,</span> <span class='ocrx_word' id='word_1_389' title='bbox 450 3858 509 3912; x_wconf 91' lang='lat' dir='ltr'>in</span> <span class='ocrx_word' id='word_1_390' title='bbox 530 3855 777 3912; x_wconf 87' lang='lat' dir='ltr'>occulta</span> <span class='ocrx_word' id='word_1_391' title='bbox 788 3853 1175 3910; x_wconf 89' lang='lat' dir='ltr'>meditatione</span> <span class='ocrx_word' id='word_1_392' title='bbox 1197 3853 1572 3927; x_wconf 85' lang='lat' dir='ltr'>cogitationis</span> <span class='ocrx_word' id='word_1_393' title='bbox 1585 3859 1936 3908; x_wconf 74' lang='lat' dir='ltr'>cmterorum</span> 
     </span>
    </p>
   </div>
   <div class='ocr_carea' id='block_1_54' title="bbox 294 3942 1939 4016">
    <p class='ocr_par' dir='ltr' id='par_1_54' title="bbox 294 3942 1939 4016">
     <span class='ocr_line' id='line_1_54' title="bbox 294 3942 1939 4016; baseline -0.002 -16"><span class='ocrx_word' id='word_1_394' title='bbox 294 3944 654 4016; x_wconf 82' lang='lat' dir='ltr'>subjectione</span> <span class='ocrx_word' id='word_1_395' title='bbox 674 3943 1140 4015; x_wconf 85' lang='lat' dir='ltr'>pascitur,laude</span> <span class='ocrx_word' id='word_1_396' title='bbox 1153 3942 1391 4015; x_wconf 85' lang='lat' dir='ltr'>propria</span> <span class='ocrx_word' id='word_1_397' title='bbox 1405 3942 1739 4007; x_wconf 73' lang='lat' dir='ltr'>laatatur,ad</span> <span class='ocrx_word' id='word_1_398' title='bbox 1754 3943 1939 3998; x_wconf 89' lang='lat' dir='ltr'>hono-</span> 
     </span>
    </p>
   </div>
   <div class='ocr_carea' id='block_1_55' title="bbox 292 4029 1937 4095">
    <p class='ocr_par' dir='ltr' id='par_1_55' title="bbox 292 4029 1937 4095">
     <span class='ocr_line' id='line_1_55' title="bbox 292 4029 1937 4095; baseline -0.002 -7"><span class='ocrx_word' id='word_1_399' title='bbox 292 4048 405 4088; x_wconf 82' lang='lat' dir='ltr'>rem</span> <span class='ocrx_word' id='word_1_400' title='bbox 417 4051 517 4091; x_wconf 83' lang='lat' dir='ltr'>cor</span> <span class='ocrx_word' id='word_1_401' title='bbox 535 4035 964 4095; x_wconf 84' lang='lat' dir='ltr'>elevat.rerum</span> <span class='ocrx_word' id='word_1_402' title='bbox 984 4032 1357 4088; x_wconf 81' lang='lat' dir='ltr'>aftluentium</span> <span class='ocrx_word' id='word_1_403' title='bbox 1372 4030 1739 4087; x_wconf 89' lang='lat' dir='ltr'>abundantia</span> <span class='ocrx_word' id='word_1_404' title='bbox 1751 4029 1937 4086; x_wconf 84' lang='lat' dir='ltr'>exsul-</span> 
     </span>
    </p>
   </div>
   <div class='ocr_carea' id='block_1_56' title="bbox 294 4119 1938 4193">
    <p class='ocr_par' dir='ltr' id='par_1_56' title="bbox 294 4119 1938 4193">
     <span class='ocr_line' id='line_1_56' title="bbox 294 4119 1938 4193; baseline -0.001 -19"><span class='ocrx_word' id='word_1_405' title='bbox 294 4126 390 4178; x_wconf 79' lang='lat' dir='ltr'>tat.</span> <span class='ocrx_word' id='word_1_406' title='bbox 421 4122 626 4178; x_wconf 85' lang='lat' dir='ltr'>Ilundi</span> <span class='ocrx_word' id='word_1_407' title='bbox 658 4137 796 4193; x_wconf 82' lang='lat' dir='ltr'>ergo</span> <span class='ocrx_word' id='word_1_408' title='bbox 828 4120 1063 4176; x_wconf 90' lang='lat' dir='ltr'>lucrum</span> <span class='ocrx_word' id='word_1_409' title='bbox 1093 4121 1381 4192; x_wconf 81' lang='lat' dir='ltr'>quaeritur</span> <span class='ocrx_word' id='word_1_410' title='bbox 1413 4120 1521 4175; x_wconf 90' lang='lat' dir='ltr'>sub</span> <span class='ocrx_word' id='word_1_411' title='bbox 1544 4120 1673 4191; x_wconf 83' lang='lat' dir='ltr'>ejus</span> <span class='ocrx_word' id='word_1_412' title='bbox 1696 4119 1938 4175; x_wconf 88' lang='lat' dir='ltr'>honoris</span> 
     </span>
    </p>
   </div>
   <div class='ocr_carea' id='block_1_57' title="bbox 298 4210 1937 4284">
    <p class='ocr_par' dir='ltr' id='par_1_57' title="bbox 298 4210 1937 4284">
     <span class='ocr_line' id='line_1_57' title="bbox 298 4210 1937 4284; baseline 0 -20"><span class='ocrx_word' id='word_1_413' title='bbox 298 4213 482 4282; x_wconf 78' lang='lat' dir='ltr'>specie</span> <span class='ocrx_word' id='word_1_414' title='bbox 502 4229 629 4284; x_wconf 89' lang='lat' dir='ltr'>quo</span> <span class='ocrx_word' id='word_1_415' title='bbox 649 4210 858 4267; x_wconf 89' lang='lat' dir='ltr'>mundi</span> <span class='ocrx_word' id='word_1_416' title='bbox 878 4211 1105 4267; x_wconf 88' lang='lat' dir='ltr'>destrui</span> <span class='ocrx_word' id='word_1_417' title='bbox 1130 4211 1295 4266; x_wconf 89' lang='lat' dir='ltr'>lucra</span> <span class='ocrx_word' id='word_1_418' title='bbox 1315 4210 1937 4280; x_wconf 89' lang='lat' dir='ltr'>debuerunt.Cumque</span> 
     </span>
    </p>
   </div>
   <div class='ocr_carea' id='block_1_58' title="bbox 296 4298 1938 4368">
    <p class='ocr_par' dir='ltr' id='par_1_58' title="bbox 296 4298 1938 4368">
     <span class='ocr_line' id='line_1_58' title="bbox 296 4298 1938 4368; baseline 0.001 -15"><span class='ocrx_word' id='word_1_419' title='bbox 296 4314 449 4355; x_wconf 84' lang='lat' dir='ltr'>mens</span> <span class='ocrx_word' id='word_1_420' title='bbox 475 4299 836 4357; x_wconf 86' lang='lat' dir='ltr'>humilitatis</span> <span class='ocrx_word' id='word_1_421' title='bbox 857 4316 1075 4355; x_wconf 87' lang='lat' dir='ltr'>cumeu</span> <span class='ocrx_word' id='word_1_422' title='bbox 1112 4299 1374 4368; x_wconf 88' lang='lat' dir='ltr'>arripere</span> <span class='ocrx_word' id='word_1_423' title='bbox 1404 4298 1479 4354; x_wconf 92' lang='lat' dir='ltr'>ad</span> <span class='ocrx_word' id='word_1_424' title='bbox 1510 4298 1826 4354; x_wconf 87' lang='lat' dir='ltr'>elationem</span> <span class='ocrx_word' id='word_1_425' title='bbox 1848 4315 1938 4355; x_wconf 90' lang='lat' dir='ltr'>co-</span> 
     </span>
    </p>
   </div>
   <div class='ocr_carea' id='block_1_59' title="bbox 298 4386 1614 4461">
    <p class='ocr_par' dir='ltr' id='par_1_59' title="bbox 298 4386 1614 4461">
     <span class='ocr_line' id='line_1_59' title="bbox 298 4386 1614 4461; baseline 0 -18"><span class='ocrx_word' id='word_1_426' title='bbox 298 4386 445 4457; x_wconf 77' lang='lat' dir='ltr'>gitat,</span> <span class='ocrx_word' id='word_1_427' title='bbox 476 4387 644 4461; x_wconf 84' lang='lat' dir='ltr'>quod</span> <span class='ocrx_word' id='word_1_428' title='bbox 676 4387 819 4443; x_wconf 90' lang='lat' dir='ltr'>foris</span> <span class='ocrx_word' id='word_1_429' title='bbox 848 4389 1095 4460; x_wconf 86' lang='lat' dir='ltr'>appetit,</span> <span class='ocrx_word' id='word_1_430' title='bbox 1129 4388 1288 4443; x_wconf 90' lang='lat' dir='ltr'>intus</span> <span class='ocrx_word' id='word_1_431' title='bbox 1318 4387 1614 4444; x_wconf 89' lang='lat' dir='ltr'>immutat.</span> 
     </span>
    </p>
   </div>
   <div class='ocr_carea' id='block_1_60' title="bbox 929 4495 1289 4552">
    <p class='ocr_par' dir='ltr' id='par_1_60' title="bbox 929 4495 1289 4552">
     <span class='ocr_line' id='line_1_60' title="bbox 929 4495 1289 4552; baseline 0.006 -2"><span class='ocrx_word' id='word_1_432' title='bbox 929 4495 1159 4551; x_wconf 81' lang='lat' dir='ltr'>CAPUT</span> <span class='ocrx_word' id='word_1_433' title='bbox 1196 4495 1289 4552; x_wconf 83' lang='lat' dir='ltr'>IX.</span> 
     </span>
    </p>
   </div>
   <div class='ocr_carea' id='block_1_61' title="bbox 305 4583 1942 4654">
    <p class='ocr_par' dir='ltr' id='par_1_61' title="bbox 305 4583 1942 4654">
     <span class='ocr_line' id='line_1_61' title="bbox 305 4583 1942 4654; baseline -0.001 -15"><span class='ocrx_word' id='word_1_434' title='bbox 305 4583 450 4648; x_wconf 75' lang='lat' dir='ltr'>Quod</span> <span class='ocrx_word' id='word_1_435' title='bbox 474 4600 632 4639; x_wconf 78' lang='lat' dir='ltr'>mens</span> <span class='ocrx_word' id='word_1_436' title='bbox 655 4598 888 4654; x_wconf 66' lang='lat' dir='ltr'>praesse</span> <span class='ocrx_word' id='word_1_437' title='bbox 915 4584 1215 4639; x_wconf 81' lang='lat' dir='ltr'>volentium</span> <span class='ocrx_word' id='word_1_438' title='bbox 1232 4585 1555 4654; x_wconf 86' lang='lat' dir='ltr'>plerumque</span> <span class='ocrx_word' id='word_1_439' title='bbox 1574 4583 1681 4638; x_wconf 82' lang='lat' dir='ltr'>sibi</span> <span class='ocrx_word' id='word_1_440' title='bbox 1699 4587 1827 4653; x_wconf 80' lang='lat' dir='ltr'>ﬁcta</span> <span class='ocrx_word' id='word_1_441' title='bbox 1852 4583 1942 4638; x_wconf 86' lang='lat' dir='ltr'>bo-</span> 
     </span>
    </p>
   </div>
   <div class='ocr_carea' id='block_1_62' title="bbox 518 4655 1708 4726">
    <p class='ocr_par' dir='ltr' id='par_1_62' title="bbox 518 4655 1708 4726">
     <span class='ocr_line' id='line_1_62' title="bbox 518 4655 1708 4726; baseline 0.002 -17"><span class='ocrx_word' id='word_1_442' title='bbox 518 4671 725 4711; x_wconf 84' lang='lat' dir='ltr'>norum</span> <span class='ocrx_word' id='word_1_443' title='bbox 754 4671 984 4725; x_wconf 88' lang='lat' dir='ltr'>operum</span> <span class='ocrx_word' id='word_1_444' title='bbox 1003 4658 1367 4726; x_wconf 82' lang='lat' dir='ltr'>promissione</span> <span class='ocrx_word' id='word_1_445' title='bbox 1398 4655 1708 4711; x_wconf 80' lang='lat' dir='ltr'>blanditur.</span> 
     </span>
    </p>
   </div>
   <div class='ocr_carea' id='block_1_63' title="bbox 356 4743 1943 4816">
    <p class='ocr_par' dir='ltr' id='par_1_63' title="bbox 356 4743 1943 4816">
     <span class='ocr_line' id='line_1_63' title="bbox 356 4743 1943 4816; baseline 0.001 -17"><span class='ocrx_word' id='word_1_446' title='bbox 356 4743 464 4799; x_wconf 86' lang='lat' dir='ltr'>Sed</span> <span class='ocrx_word' id='word_1_447' title='bbox 484 4744 849 4816; x_wconf 88' lang='lat' dir='ltr'>plerumque</span> <span class='ocrx_word' id='word_1_448' title='bbox 870 4743 934 4799; x_wconf 91' lang='lat' dir='ltr'>id</span> <span class='ocrx_word' id='word_1_449' title='bbox 959 4743 1061 4815; x_wconf 85' lang='lat' dir='ltr'>qui</span> <span class='ocrx_word' id='word_1_450' title='bbox 1079 4744 1157 4815; x_wconf 79' lang='grc' dir='ltr'>(ἆ)</span> <span class='ocrx_word' id='word_1_451' title='bbox 1179 4743 1378 4799; x_wconf 87' lang='lat' dir='ltr'>subire</span> <span class='ocrx_word' id='word_1_452' title='bbox 1410 4743 1815 4816; x_wconf 88' lang='lat' dir='ltr'>magisterium</span> <span class='ocrx_word' id='word_1_453' title='bbox 1838 4760 1943 4816; x_wconf 78' lang='lat' dir='ltr'>pa-</span> 
     </span>
    </p>
   </div>
   <div class='ocr_carea' id='block_1_64' title="bbox 300 4830 1942 4905">
    <p class='ocr_par' dir='ltr' id='par_1_64' title="bbox 300 4830 1942 4905">
     <span class='ocr_line' id='line_1_64' title="bbox 300 4830 1942 4905; baseline 0.001 -18"><span class='ocrx_word' id='word_1_454' title='bbox 300 4832 502 4888; x_wconf 80' lang='lat' dir='ltr'>storale</span> <span class='ocrx_word' id='word_1_455' title='bbox 523 4832 1104 4905; x_wconf 88' lang='lat' dir='ltr'>cupiunt,uonnulla</span> <span class='ocrx_word' id='word_1_456' title='bbox 1116 4848 1353 4905; x_wconf 88' lang='lat' dir='ltr'>quoque</span> <span class='ocrx_word' id='word_1_457' title='bbox 1376 4830 1531 4888; x_wconf 91' lang='lat' dir='ltr'>bona</span> <span class='ocrx_word' id='word_1_458' title='bbox 1549 4848 1731 4904; x_wconf 88' lang='lat' dir='ltr'>opera</span> <span class='ocrx_word' id='word_1_459' title='bbox 1741 4833 1942 4889; x_wconf 90' lang='lat' dir='ltr'>animo</span> 
     </span>
    </p>
   </div>
   <div class='ocr_carea' id='block_1_65' title="bbox 301 4922 1944 4995">
    <p class='ocr_par' dir='ltr' id='par_1_65' title="bbox 301 4922 1944 4995">
     <span class='ocr_line' id='line_1_65' title="bbox 301 4922 1944 4995; baseline 0.001 -17"><span class='ocrx_word' id='word_1_460' title='bbox 301 4927 674 4995; x_wconf 80' lang='lat' dir='ltr'>proponunt;</span> <span class='ocrx_word' id='word_1_461' title='bbox 700 4928 761 4977; x_wconf 89' lang='lat' dir='ltr'>et</span> <span class='ocrx_word' id='word_1_462' title='bbox 778 4922 1047 4993; x_wconf 77' lang='lat' dir='ltr'>quamvis</span> <span class='ocrx_word' id='word_1_463' title='bbox 1069 4923 1180 4979; x_wconf 89' lang='lat' dir='ltr'>hoc</span> <span class='ocrx_word' id='word_1_464' title='bbox 1200 4922 1472 4979; x_wconf 86' lang='lat' dir='ltr'>elationis</span> <span class='ocrx_word' id='word_1_465' title='bbox 1493 4923 1824 4979; x_wconf 89' lang='lat' dir='ltr'>intentione</span> <span class='ocrx_word' id='word_1_466' title='bbox 1844 4938 1944 4995; x_wconf 85' lang='lat' dir='ltr'>ap-</span> 
     </span>
    </p>
   </div>
   <div class='ocr_carea' id='block_1_66' title="bbox 361 5067 1335 5139">
    <p class='ocr_par' dir='ltr' id='par_1_66' title="bbox 361 5067 1335 5139">
     <span class='ocr_line' id='line_1_66' title="bbox 361 5067 1335 5139; baseline 0.004 -17"><span class='ocrx_word' id='word_1_467' title='bbox 361 5067 433 5136; x_wconf 74' lang='grc' dir='ltr'>(α)</span> <span class='ocrx_word' id='word_1_468' title='bbox 462 5070 708 5125; x_wconf 86' lang='lat' dir='ltr'>Carnot.</span> <span class='ocrx_word' id='word_1_469' title='bbox 742 5068 1062 5135; x_wconf 87' lang='lat' dir='ltr'>secundus,</span> <span class='ocrx_word' id='word_1_470' title='bbox 1084 5070 1335 5139; x_wconf 82' lang='lat' dir='ltr'>jubente.</span> 
     </span>
    </p>
   </div>
   <div class='ocr_carea' id='block_1_67' title="bbox 388 5139 1514 5210">
    <p class='ocr_par' dir='ltr' id='par_1_67' title="bbox 388 5139 1514 5210">
     <span class='ocr_line' id='line_1_67' title="bbox 388 5139 1514 5210; baseline -0.002 -16"><span class='ocrx_word' id='word_1_471' title='bbox 388 5140 442 5204; x_wconf 74' lang='grc' dir='ltr'><strong>ὁ)</strong></span> <span class='ocrx_word' id='word_1_472' title='bbox 474 5139 627 5195; x_wconf 84' lang='lat' dir='ltr'>And.</span> <span class='ocrx_word' id='word_1_473' title='bbox 659 5139 977 5205; x_wconf 86' lang='lat' dir='ltr'>secundus,</span> <span class='ocrx_word' id='word_1_474' title='bbox 1007 5141 1303 5210; x_wconf 82' lang='lat' dir='ltr'>imperium</span> <span class='ocrx_word' id='word_1_475' title='bbox 1329 5140 1514 5197; x_wconf 79' lang='lat' dir='ltr'>vertit.</span> 
     </span>
    </p>
   </div>
   <div class='ocr_carea' id='block_1_68' title="bbox 383 5210 1941 5279">
    <p class='ocr_par' dir='ltr' id='par_1_68' title="bbox 383 5210 1941 5279">
     <span class='ocr_line' id='line_1_68' title="bbox 383 5210 1941 5279; baseline 0.002 -16"><span class='ocrx_word' id='word_1_476' title='bbox 383 5214 434 5277; x_wconf 87' lang='lat' dir='ltr'>c)</span> <span class='ocrx_word' id='word_1_477' title='bbox 462 5210 667 5279; x_wconf 83' lang='lat' dir='ltr'>Corb.,</span> <span class='ocrx_word' id='word_1_478' title='bbox 711 5211 950 5273; x_wconf 83' lang='lat' dir='ltr'>Bellov..</span> <span class='ocrx_word' id='word_1_479' title='bbox 1010 5212 1244 5268; x_wconf 88' lang='lat' dir='ltr'>Carnot.</span> <span class='ocrx_word' id='word_1_480' title='bbox 1302 5212 1619 5276; x_wconf 86' lang='lat' dir='ltr'>secundus,</span> <span class='ocrx_word' id='word_1_481' title='bbox 1674 5211 1941 5268; x_wconf 80' lang='lat' dir='ltr'>districto.</span> 
     </span>
    </p>
   </div>
   <div class='ocr_carea' id='block_1_69' title="bbox 302 5278 1396 5354">
    <p class='ocr_par' dir='ltr' id='par_1_69' title="bbox 302 5278 1396 5354">
     <span class='ocr_line' id='line_1_69' title="bbox 302 5278 1396 5354; baseline 0.004 -20"><span class='ocrx_word' id='word_1_482' title='bbox 302 5278 429 5354; x_wconf 73' lang='lat' dir='ltr'>Alii,</span> <span class='ocrx_word' id='word_1_483' title='bbox 458 5278 719 5354; x_wconf 77' lang='lat' dir='ltr'>maxime</span> <span class='ocrx_word' id='word_1_484' title='bbox 747 5283 1076 5351; x_wconf 86' lang='lat' dir='ltr'>Trecensis,</span> <span class='ocrx_word' id='word_1_485' title='bbox 1105 5284 1396 5354; x_wconf 83' lang='lat' dir='ltr'>descripto.</span> 
     </span>
    </p>
   </div>
   <div class='ocr_carea' id='block_1_70' title="bbox 366 5352 1941 5424">
    <p class='ocr_par' dir='ltr' id='par_1_70' title="bbox 366 5352 1941 5424">
     <span class='ocr_line' id='line_1_70' title="bbox 366 5352 1941 5424; baseline 0 -15"><span class='ocrx_word' id='word_1_486' title='bbox 366 5352 445 5422; x_wconf 80' lang='lat' dir='ltr'>id)</span> <span class='ocrx_word' id='word_1_487' title='bbox 473 5353 717 5409; x_wconf 88' lang='lat' dir='ltr'>Carnot.</span> <span class='ocrx_word' id='word_1_488' title='bbox 743 5354 1060 5421; x_wconf 83' lang='lat' dir='ltr'>secundus,</span> <span class='ocrx_word' id='word_1_489' title='bbox 1089 5352 1322 5424; x_wconf 79' lang='lat' dir='ltr'>sumere,</span> <span class='ocrx_word' id='word_1_490' title='bbox 1350 5360 1413 5411; x_wconf 89' lang='lat' dir='ltr'>et</span> <span class='ocrx_word' id='word_1_491' title='bbox 1442 5354 1588 5412; x_wconf 83' lang='lat' dir='ltr'>And.</span> <span class='ocrx_word' id='word_1_492' title='bbox 1624 5353 1941 5420; x_wconf 84' lang='lat' dir='ltr'>secundus,</span> 
     </span>
    </p>
   </div>
   <div class='ocr_carea' id='block_1_71' title="bbox 303 5423 1061 5497">
    <p class='ocr_par' dir='ltr' id='par_1_71' title="bbox 303 5423 1061 5497">
     <span class='ocr_line' id='line_1_71' title="bbox 303 5423 1061 5497; baseline 0.003 -18"><span class='ocrx_word' id='word_1_493' title='bbox 303 5423 596 5497; x_wconf 53' lang='lat' dir='ltr'>temporale</span> <span class='ocrx_word' id='word_1_494' title='bbox 625 5441 729 5496; x_wconf 88' lang='lat' dir='ltr'>pro</span> <span class='ocrx_word' id='word_1_495' title='bbox 761 5427 1061 5497; x_wconf 76' lang='lat' dir='ltr'>pastorale.</span> 
     </span>
    </p>
   </div>
   <div class='ocr_carea' id='block_1_72' title="bbox 364 5494 1352 5569">
    <p class='ocr_par' dir='ltr' id='par_1_72' title="bbox 364 5494 1352 5569">
     <span class='ocr_line' id='line_1_72' title="bbox 364 5494 1352 5569; baseline -0.015 1"><span class='ocrx_word' id='word_1_496' title='bbox 364 5494 434 5569; x_wconf 55' lang='grc' dir='ltr'>(ἔ)</span> <span class='ocrx_word' id='word_1_497' title='bbox 462 5494 701 5569; x_wconf 73' lang='lat' dir='ltr'>Carpat.</span> <span class='ocrx_word' id='word_1_498' title='bbox 733 5494 985 5569; x_wconf 79' lang='lat' dir='ltr'>primus,</span> <span class='ocrx_word' id='word_1_499' title='bbox 1010 5505 1352 5569; x_wconf 85' lang='lat' dir='ltr'>proponunt.</span> 
     </span>
    </p>
   </div>
   <div class='ocr_carea' id='block_1_73' title="bbox 366 5563 1259 5703">
    <p class='ocr_par' dir='ltr' id='par_1_73' title="bbox 366 5563 1259 5703">
     <span class='ocr_line' id='line_1_73' title="bbox 366 5563 1259 5703; baseline 0.006 -82"><span class='ocrx_word' id='word_1_500' title='bbox 366 5563 440 5703; x_wconf 63' lang='lat' dir='ltr'>(fl</span> <span class='ocrx_word' id='word_1_501' title='bbox 470 5566 623 5648; x_wconf 63' lang='lat' dir='ltr'>And.</span> <span class='ocrx_word' id='word_1_502' title='bbox 654 5563 903 5639; x_wconf 84' lang='lat' dir='ltr'>primus,</span> <span class='ocrx_word' id='word_1_503' title='bbox 936 5563 1259 5626; x_wconf 54' lang='lat' dir='ltr'>in&#39;intimis.</span> 
     </span>
     <span class='ocr_line' id='line_1_74' title="bbox 389 5635 1259 5703; baseline 0.005 -10"><span class='ocrx_word' id='word_1_504' title='bbox 389 5635 449 5703; x_wconf 72' lang='grc' dir='ltr'>ο)</span> <span class='ocrx_word' id='word_1_505' title='bbox 463 5636 914 5699; x_wconf 80' lang='lat' dir='ltr'>SicCorb.etalii</span> <span class='ocrx_word' id='word_1_506' title='bbox 929 5640 1259 5698; x_wconf 74' lang='lat' dir='ltr'>Mss.Gallic</span> 
     </span>
    </p>
   </div>
   <div class='ocr_carea' id='block_1_74' title="bbox 356 5635 1941 5716">
    <p class='ocr_par' dir='ltr' id='par_1_74' title="bbox 356 5635 1941 5716">
     <span class='ocr_line' id='line_1_75' title="bbox 356 5635 1941 5716; baseline -0.003 -19"><span class='ocrx_word' id='word_1_507' title='bbox 356 5635 449 5716; x_wconf 51' lang='grc'>,(9)</span> <span class='ocrx_word' id='word_1_508' title='bbox 463 5635 914 5716; x_wconf 45' lang='lat' dir='ltr'>Sict-Sorbet</span> <span class='ocrx_word' id='word_1_509' title='bbox 929 5640 1304 5716; x_wconf 65' lang='lat' dir='ltr'>Mss.Gallic.,</span> <span class='ocrx_word' id='word_1_510' title='bbox 1318 5639 1545 5713; x_wconf 84' lang='lat' dir='ltr'>Anglic.</span> <span class='ocrx_word' id='word_1_511' title='bbox 1556 5640 1776 5716; x_wconf 72' lang='lat' dir='ltr'>.Norm.</span> <span class='ocrx_word' id='word_1_512' title='bbox 1787 5680 1802 5705; x_wconf 97' lang='lat'>,</span> <span class='ocrx_word' id='word_1_513' title='bbox 1829 5642 1941 5716; x_wconf 73' lang='lat' dir='ltr'>etc.</span> 
     </span>
    </p>
   </div>
   <div class='ocr_carea' id='block_1_75' title="bbox 309 5701 1944 5783">
    <p class='ocr_par' dir='ltr' id='par_1_75' title="bbox 309 5701 1944 5783">
     <span class='ocr_line' id='line_1_76' title="bbox 309 5701 1944 5783; baseline 0.001 -22"><span class='ocrx_word' id='word_1_514' title='bbox 309 5701 411 5763; x_wconf 67' lang='lat' dir='ltr'>lic</span> <span class='ocrx_word' id='word_1_515' title='bbox 425 5701 670 5768; x_wconf 73' lang='lat' dir='ltr'>mutilus</span> <span class='ocrx_word' id='word_1_516' title='bbox 689 5718 778 5769; x_wconf 84' lang='lat' dir='ltr'>est</span> <span class='ocrx_word' id='word_1_517' title='bbox 792 5712 985 5770; x_wconf 82' lang='lat' dir='ltr'>Codex</span> <span class='ocrx_word' id='word_1_518' title='bbox 1006 5701 1317 5771; x_wconf 77' lang='lat' dir='ltr'>Trecensis</span> <span class='ocrx_word' id='word_1_519' title='bbox 1339 5717 1397 5768; x_wconf 89' lang='lat' dir='ltr'>et</span> <span class='ocrx_word' id='word_1_520' title='bbox 1411 5701 1602 5783; x_wconf 65' lang='lat' dir='ltr'>usque</span> <span class='ocrx_word' id='word_1_521' title='bbox 1626 5708 1702 5766; x_wconf 89' lang='lat' dir='ltr'>ad</span> <span class='ocrx_word' id='word_1_522' title='bbox 1721 5701 1944 5781; x_wconf 62' lang='lat' dir='ltr'>«p.15,</span> 
     </span>
    </p>
   </div>
   <div class='ocr_carea' id='block_1_76' title="bbox 2042 1894 3694 1971">
    <p class='ocr_par' dir='ltr' id='par_1_76' title="bbox 2042 1894 3694 1971">
     <span class='ocr_line' id='line_1_77' title="bbox 2042 1894 3694 1971; baseline -0.002 -19"><span class='ocrx_word' id='word_1_523' title='bbox 2042 1899 2248 1971; x_wconf 86' lang='lat' dir='ltr'>possit,</span> <span class='ocrx_word' id='word_1_524' title='bbox 2277 1900 2415 1970; x_wconf 87' lang='lat' dir='ltr'>quia</span> <span class='ocrx_word' id='word_1_525' title='bbox 2449 1914 2825 1970; x_wconf 80' lang='lat' dir='ltr'>nequaquam</span> <span class='ocrx_word' id='word_1_526' title='bbox 2844 1897 2995 1952; x_wconf 86' lang='lat' dir='ltr'>valet</span> <span class='ocrx_word' id='word_1_527' title='bbox 3017 1897 3077 1953; x_wconf 91' lang='lat' dir='ltr'>in</span> <span class='ocrx_word' id='word_1_528' title='bbox 3102 1896 3365 1952; x_wconf 87' lang='lat' dir='ltr'>culmine</span> <span class='ocrx_word' id='word_1_529' title='bbox 3388 1894 3694 1949; x_wconf 90' lang='lat' dir='ltr'>humilita-</span> 
     </span>
    </p>
   </div>
   <div class='ocr_carea' id='block_1_77' title="bbox 2043 1983 3686 2059">
    <p class='ocr_par' dir='ltr' id='par_1_77' title="bbox 2043 1983 3686 2059">
     <span class='ocr_line' id='line_1_78' title="bbox 2043 1983 3686 2059; baseline -0.004 -16"><span class='ocrx_word' id='word_1_530' title='bbox 2043 1994 2159 2043; x_wconf 89' lang='lat' dir='ltr'>tem</span> <span class='ocrx_word' id='word_1_531' title='bbox 2182 1988 2538 2059; x_wconf 85' lang='lat' dir='ltr'>discere,qui</span> <span class='ocrx_word' id='word_1_532' title='bbox 2556 1989 2615 2043; x_wconf 93' lang='lat' dir='ltr'>in</span> <span class='ocrx_word' id='word_1_533' title='bbox 2638 1989 2772 2043; x_wconf 84' lang='lat' dir='ltr'>imis</span> <span class='ocrx_word' id='word_1_534' title='bbox 2795 1988 3025 2059; x_wconf 88' lang='lat' dir='ltr'>positus</span> <span class='ocrx_word' id='word_1_535' title='bbox 3039 2002 3158 2041; x_wconf 88' lang='lat' dir='ltr'>non</span> <span class='ocrx_word' id='word_1_536' title='bbox 3174 1983 3686 2055; x_wconf 82' lang='lat' dir='ltr'>desiitsuperbire.</span> 
     </span>
    </p>
   </div>
   <div class='ocr_carea' id='block_1_78' title="bbox 2044 2073 3691 2149">
    <p class='ocr_par' dir='ltr' id='par_1_78' title="bbox 2044 2073 3691 2149">
     <span class='ocr_line' id='line_1_79' title="bbox 2044 2073 3691 2149; baseline -0.004 -16"><span class='ocrx_word' id='word_1_537' title='bbox 2044 2078 2241 2133; x_wconf 82' lang='lat' dir='ltr'>Nescit</span> <span class='ocrx_word' id='word_1_538' title='bbox 2269 2076 2501 2133; x_wconf 89' lang='lat' dir='ltr'>laudem</span> <span class='ocrx_word' id='word_1_539' title='bbox 2527 2095 2660 2133; x_wconf 90' lang='lat' dir='ltr'>cum</span> <span class='ocrx_word' id='word_1_540' title='bbox 2684 2078 2947 2149; x_wconf 87' lang='lat' dir='ltr'>suppetit</span> <span class='ocrx_word' id='word_1_541' title='bbox 2968 2077 3188 2142; x_wconf 74' lang='lat' dir='ltr'>fugere,</span> <span class='ocrx_word' id='word_1_542' title='bbox 3213 2076 3313 2146; x_wconf 85' lang='lat' dir='ltr'>qui</span> <span class='ocrx_word' id='word_1_543' title='bbox 3337 2075 3410 2129; x_wconf 93' lang='lat' dir='ltr'>ad</span> <span class='ocrx_word' id='word_1_544' title='bbox 3434 2073 3691 2129; x_wconf 87' lang='lat' dir='ltr'>hancdi-</span> 
     </span>
    </p>
   </div>
   <div class='ocr_carea' id='block_1_79' title="bbox 2043 2165 3692 2236">
    <p class='ocr_par' dir='ltr' id='par_1_79' title="bbox 2043 2165 3692 2236">
     <span class='ocr_line' id='line_1_80' title="bbox 2043 2165 3692 2236; baseline -0.004 -15"><span class='ocrx_word' id='word_1_545' title='bbox 2043 2166 2186 2221; x_wconf 91' lang='lat' dir='ltr'>dicit</span> <span class='ocrx_word' id='word_1_546' title='bbox 2207 2183 2338 2221; x_wconf 92' lang='lat' dir='ltr'>cum</span> <span class='ocrx_word' id='word_1_547' title='bbox 2364 2166 2596 2221; x_wconf 88' lang='lat' dir='ltr'>deesset</span> <span class='ocrx_word' id='word_1_548' title='bbox 2617 2166 3303 2236; x_wconf 78' lang='lat' dir='ltr'>anhelare.Nequaquam</span> <span class='ocrx_word' id='word_1_549' title='bbox 3318 2165 3549 2217; x_wconf 85' lang='lat' dir='ltr'>vincere</span> <span class='ocrx_word' id='word_1_550' title='bbox 3564 2177 3692 2216; x_wconf 81' lang='lat' dir='ltr'>ava-</span> 
     </span>
    </p>
   </div>
   <div class='ocr_carea' id='block_1_80' title="bbox 2043 2250 3690 2326">
    <p class='ocr_par' dir='ltr' id='par_1_80' title="bbox 2043 2250 3690 2326">
     <span class='ocr_line' id='line_1_81' title="bbox 2043 2250 3690 2326; baseline -0.005 -15"><span class='ocrx_word' id='word_1_551' title='bbox 2043 2256 2239 2311; x_wconf 90' lang='lat' dir='ltr'>ritiam</span> <span class='ocrx_word' id='word_1_552' title='bbox 2265 2261 2475 2326; x_wconf 84' lang='lat' dir='ltr'>potest,</span> <span class='ocrx_word' id='word_1_553' title='bbox 2505 2254 2743 2325; x_wconf 90' lang='lat' dir='ltr'>quando</span> <span class='ocrx_word' id='word_1_554' title='bbox 2757 2254 2829 2308; x_wconf 91' lang='lat' dir='ltr'>ad</span> <span class='ocrx_word' id='word_1_555' title='bbox 2853 2253 3173 2309; x_wconf 87' lang='lat' dir='ltr'>multorum</span> <span class='ocrx_word' id='word_1_556' title='bbox 3197 2250 3690 2306; x_wconf 84' lang='lat' dir='ltr'>sustentationem</span> 
     </span>
    </p>
   </div>
   <div class='ocr_carea' id='block_1_81' title="bbox 2044 2339 3689 2414">
    <p class='ocr_par' dir='ltr' id='par_1_81' title="bbox 2044 2339 3689 2414">
     <span class='ocr_line' id='line_1_82' title="bbox 2044 2339 3689 2414; baseline -0.006 -14"><span class='ocrx_word' id='word_1_557' title='bbox 2044 2344 2308 2400; x_wconf 88' lang='lat' dir='ltr'>tenditur</span> <span class='ocrx_word' id='word_1_558' title='bbox 2333 2345 2381 2398; x_wconf 89' lang='lat' dir='ltr'>is</span> <span class='ocrx_word' id='word_1_559' title='bbox 2404 2345 2497 2398; x_wconf 92' lang='lat' dir='ltr'>cui</span> <span class='ocrx_word' id='word_1_560' title='bbox 2527 2344 2801 2399; x_wconf 82' lang='lat' dir='ltr'>sufﬁcere</span> <span class='ocrx_word' id='word_1_561' title='bbox 2828 2343 3067 2414; x_wconf 87' lang='lat' dir='ltr'>propria</span> <span class='ocrx_word' id='word_1_562' title='bbox 3090 2357 3198 2396; x_wconf 91' lang='lat' dir='ltr'>nec</span> <span class='ocrx_word' id='word_1_563' title='bbox 3221 2339 3326 2394; x_wconf 90' lang='lat' dir='ltr'>soli</span> <span class='ocrx_word' id='word_1_564' title='bbox 3350 2342 3689 2410; x_wconf 90' lang='lat' dir='ltr'>potuerunt.</span> 
     </span>
    </p>
   </div>
   <div class='ocr_carea' id='block_1_82' title="bbox 2043 2428 3694 2505">
    <p class='ocr_par' dir='ltr' id='par_1_82' title="bbox 2043 2428 3694 2505">
     <span class='ocr_line' id='line_1_83' title="bbox 2043 2428 3694 2505; baseline -0.005 -16"><span class='ocrx_word' id='word_1_565' title='bbox 2043 2437 2124 2490; x_wconf 81' lang='lat' dir='ltr'>Ex</span> <span class='ocrx_word' id='word_1_566' title='bbox 2145 2439 2417 2489; x_wconf 89' lang='lat' dir='ltr'>anteacta</span> <span class='ocrx_word' id='word_1_567' title='bbox 2436 2449 2572 2505; x_wconf 89' lang='lat' dir='ltr'>ergo</span> <span class='ocrx_word' id='word_1_568' title='bbox 2595 2433 2712 2488; x_wconf 90' lang='lat' dir='ltr'>vita</span> <span class='ocrx_word' id='word_1_569' title='bbox 2735 2449 2797 2487; x_wconf 91' lang='lat' dir='ltr'>se</span> <span class='ocrx_word' id='word_1_570' title='bbox 2820 2432 3070 2503; x_wconf 90' lang='lat' dir='ltr'>quisque</span> <span class='ocrx_word' id='word_1_571' title='bbox 3105 2429 3388 2493; x_wconf 88' lang='lat' dir='ltr'>inveniat,</span> <span class='ocrx_word' id='word_1_572' title='bbox 3410 2444 3486 2482; x_wconf 92' lang='lat' dir='ltr'>ne</span> <span class='ocrx_word' id='word_1_573' title='bbox 3509 2428 3568 2481; x_wconf 90' lang='lat' dir='ltr'>in</span> <span class='ocrx_word' id='word_1_574' title='bbox 3592 2443 3694 2498; x_wconf 87' lang='lat' dir='ltr'>ap-</span> 
     </span>
    </p>
   </div>
   <div class='ocr_carea' id='block_1_83' title="bbox 2044 2517 3697 2595">
    <p class='ocr_par' dir='ltr' id='par_1_83' title="bbox 2044 2517 3697 2595">
     <span class='ocr_line' id='line_1_84' title="bbox 2044 2517 3697 2595; baseline -0.005 -18"><span class='ocrx_word' id='word_1_575' title='bbox 2044 2524 2229 2595; x_wconf 90' lang='lat' dir='ltr'>petitu</span> <span class='ocrx_word' id='word_1_576' title='bbox 2254 2539 2315 2578; x_wconf 90' lang='lat' dir='ltr'>se</span> <span class='ocrx_word' id='word_1_577' title='bbox 2330 2522 2610 2578; x_wconf 88' lang='lat' dir='ltr'>culminis</span> <span class='ocrx_word' id='word_1_578' title='bbox 2636 2523 2829 2594; x_wconf 86' lang='lat' dir='ltr'>imago</span> <span class='ocrx_word' id='word_1_579' title='bbox 2853 2519 3228 2593; x_wconf 88' lang='lat' dir='ltr'>cogitationis</span> <span class='ocrx_word' id='word_1_580' title='bbox 3251 2517 3697 2582; x_wconf 85' lang='lat' dir='ltr'>illudat.Quam-</span> 
     </span>
    </p>
   </div>
   <div class='ocr_carea' id='block_1_84' title="bbox 2044 2605 3699 2683">
    <p class='ocr_par' dir='ltr' id='par_1_84' title="bbox 2044 2605 3699 2683">
     <span class='ocr_line' id='line_1_85' title="bbox 2044 2605 3699 2683; baseline -0.004 -18"><span class='ocrx_word' id='word_1_581' title='bbox 2044 2612 2129 2667; x_wconf 88' lang='lat' dir='ltr'>vis</span> <span class='ocrx_word' id='word_1_582' title='bbox 2151 2611 2507 2683; x_wconf 88' lang='lat' dir='ltr'>plerumque</span> <span class='ocrx_word' id='word_1_583' title='bbox 2531 2612 2592 2666; x_wconf 92' lang='lat' dir='ltr'>in</span> <span class='ocrx_word' id='word_1_584' title='bbox 2606 2610 2995 2683; x_wconf 88' lang='lat' dir='ltr'>occupatione</span> <span class='ocrx_word' id='word_1_585' title='bbox 3008 2605 3404 2681; x_wconf 83' lang='lat' dir='ltr'>regiminis(h)</span> <span class='ocrx_word' id='word_1_586' title='bbox 3418 2606 3545 2677; x_wconf 89' lang='lat' dir='ltr'>ipse</span> <span class='ocrx_word' id='word_1_587' title='bbox 3558 2621 3699 2675; x_wconf 86' lang='lat' dir='ltr'>quo-</span> 
     </span>
    </p>
   </div>
   <div class='ocr_carea' id='block_1_85' title="bbox 2045 2694 3693 2772">
    <p class='ocr_par' dir='ltr' id='par_1_85' title="bbox 2045 2694 3693 2772">
     <span class='ocr_line' id='line_1_86' title="bbox 2045 2694 3693 2772; baseline -0.004 -17"><span class='ocrx_word' id='word_1_588' title='bbox 2045 2716 2160 2772; x_wconf 88' lang='lat' dir='ltr'>que</span> <span class='ocrx_word' id='word_1_589' title='bbox 2191 2700 2329 2755; x_wconf 90' lang='lat' dir='ltr'>boni</span> <span class='ocrx_word' id='word_1_590' title='bbox 2353 2701 2549 2771; x_wconf 90' lang='lat' dir='ltr'>operis</span> <span class='ocrx_word' id='word_1_591' title='bbox 2572 2717 2713 2754; x_wconf 91' lang='lat' dir='ltr'>usus</span> <span class='ocrx_word' id='word_1_592' title='bbox 2735 2698 3024 2770; x_wconf 89' lang='lat' dir='ltr'>perditur,</span> <span class='ocrx_word' id='word_1_593' title='bbox 3049 2697 3148 2768; x_wconf 91' lang='lat' dir='ltr'>qui</span> <span class='ocrx_word' id='word_1_594' title='bbox 3174 2697 3235 2751; x_wconf 90' lang='lat' dir='ltr'>in</span> <span class='ocrx_word' id='word_1_595' title='bbox 3260 2694 3693 2766; x_wconf 88' lang='lat' dir='ltr'>tranquillitate</span> 
     </span>
    </p>
   </div>
   <div class='ocr_carea' id='block_1_86' title="bbox 2044 2783 3693 2860">
    <p class='ocr_par' dir='ltr' id='par_1_86' title="bbox 2044 2783 3693 2860">
     <span class='ocr_line' id='line_1_87' title="bbox 2044 2783 3693 2860; baseline -0.004 -16"><span class='ocrx_word' id='word_1_596' title='bbox 2044 2788 2526 2859; x_wconf 85' lang='lat' dir='ltr'>tenebatur,quia</span> <span class='ocrx_word' id='word_1_597' title='bbox 2539 2788 2736 2860; x_wconf 87' lang='lat' dir='ltr'>quieto</span> <span class='ocrx_word' id='word_1_598' title='bbox 2752 2788 2899 2842; x_wconf 90' lang='lat' dir='ltr'>mari</span> <span class='ocrx_word' id='word_1_599' title='bbox 2916 2792 3072 2842; x_wconf 90' lang='lat' dir='ltr'>recte</span> <span class='ocrx_word' id='word_1_600' title='bbox 3088 2790 3125 2841; x_wconf 87' lang='grc' dir='ltr'><strong>Ι</strong></span> <span class='ocrx_word' id='word_1_601' title='bbox 3138 2788 3188 2840; x_wconf 81' lang='lat'><strong>0</strong></span> <span class='ocrx_word' id='word_1_602' title='bbox 3210 2801 3419 2840; x_wconf 90' lang='lat' dir='ltr'>navem</span> <span class='ocrx_word' id='word_1_603' title='bbox 3433 2783 3693 2853; x_wconf 86' lang='lat' dir='ltr'>etimpe-</span> 
     </span>
    </p>
   </div>
   <div class='ocr_carea' id='block_1_87' title="bbox 2044 2872 3687 2950">
    <p class='ocr_par' dir='ltr' id='par_1_87' title="bbox 2044 2872 3687 2950">
     <span class='ocr_line' id='line_1_88' title="bbox 2044 2872 3687 2950; baseline -0.005 -17"><span class='ocrx_word' id='word_1_604' title='bbox 2044 2878 2193 2934; x_wconf 91' lang='lat' dir='ltr'>ritus</span> <span class='ocrx_word' id='word_1_605' title='bbox 2206 2877 2434 2950; x_wconf 88' lang='lat' dir='ltr'>dirigit;</span> <span class='ocrx_word' id='word_1_606' title='bbox 2460 2877 2519 2950; x_wconf 80' lang='grc' dir='ltr'>(ἰ)</span> <span class='ocrx_word' id='word_1_607' title='bbox 2538 2877 2771 2932; x_wconf 87' lang='lat' dir='ltr'>turbato</span> <span class='ocrx_word' id='word_1_608' title='bbox 2784 2881 2980 2931; x_wconf 87' lang='lat' dir='ltr'>autem</span> <span class='ocrx_word' id='word_1_609' title='bbox 3003 2875 3375 2947; x_wconf 90' lang='lat' dir='ltr'>tempestatis</span> <span class='ocrx_word' id='word_1_610' title='bbox 3388 2872 3687 2935; x_wconf 84' lang='lat' dir='ltr'>ﬂuctibus,</span> 
     </span>
    </p>
   </div>
   <div class='ocr_carea' id='block_1_88' title="bbox 2046 2963 3690 3038">
    <p class='ocr_par' dir='ltr' id='par_1_88' title="bbox 2046 2963 3690 3038">
     <span class='ocr_line' id='line_1_89' title="bbox 2046 2963 3690 3038; baseline -0.004 -16"><span class='ocrx_word' id='word_1_611' title='bbox 2046 2968 2220 3022; x_wconf 91' lang='lat' dir='ltr'>etiam</span> <span class='ocrx_word' id='word_1_612' title='bbox 2254 2966 2479 3038; x_wconf 90' lang='lat' dir='ltr'>peritus</span> <span class='ocrx_word' id='word_1_613' title='bbox 2511 2983 2571 3021; x_wconf 88' lang='lat' dir='ltr'>se</span> <span class='ocrx_word' id='word_1_614' title='bbox 2594 2972 2776 3021; x_wconf 89' lang='lat' dir='ltr'>nauta</span> <span class='ocrx_word' id='word_1_615' title='bbox 2797 2964 3127 3020; x_wconf 81' lang='lat' dir='ltr'>confundit.</span> <span class='ocrx_word' id='word_1_616' title='bbox 3151 2963 3301 3030; x_wconf 86' lang='lat' dir='ltr'>Quid</span> <span class='ocrx_word' id='word_1_617' title='bbox 3324 2977 3582 3033; x_wconf 86' lang='lat' dir='ltr'>namque</span> <span class='ocrx_word' id='word_1_618' title='bbox 3598 2965 3690 3015; x_wconf 82' lang='lat' dir='ltr'>est</span> 
     </span>
    </p>
   </div>
   <div class='ocr_carea' id='block_1_89' title="bbox 2043 3051 3691 3129">
    <p class='ocr_par' dir='ltr' id='par_1_89' title="bbox 2043 3051 3691 3129">
     <span class='ocr_line' id='line_1_90' title="bbox 2043 3051 3691 3129; baseline -0.002 -19"><span class='ocrx_word' id='word_1_619' title='bbox 2043 3062 2305 3129; x_wconf 87' lang='lat' dir='ltr'>potestas</span> <span class='ocrx_word' id='word_1_620' title='bbox 2344 3055 2641 3120; x_wconf 87' lang='lat' dir='ltr'>culminis,</span> <span class='ocrx_word' id='word_1_621' title='bbox 2673 3056 2789 3110; x_wconf 82' lang='lat' dir='ltr'>nisi</span> <span class='ocrx_word' id='word_1_622' title='bbox 2821 3058 3145 3125; x_wconf 90' lang='lat' dir='ltr'>tempestas</span> <span class='ocrx_word' id='word_1_623' title='bbox 3165 3051 3429 3108; x_wconf 82' lang='lat' dir='ltr'>mentis?</span> <span class='ocrx_word' id='word_1_624' title='bbox 3458 3052 3523 3105; x_wconf 92' lang='lat' dir='ltr'>ln</span> <span class='ocrx_word' id='word_1_625' title='bbox 3571 3062 3691 3121; x_wconf 81' lang='lat' dir='ltr'>qua</span> 
     </span>
    </p>
   </div>
   <div class='ocr_carea' id='block_1_90' title="bbox 2045 3139 3686 3218">
    <p class='ocr_par' dir='ltr' id='par_1_90' title="bbox 2045 3139 3686 3218">
     <span class='ocr_line' id='line_1_91' title="bbox 2045 3139 3686 3218; baseline -0.005 -17"><span class='ocrx_word' id='word_1_626' title='bbox 2045 3163 2169 3201; x_wconf 90' lang='lat' dir='ltr'>sem</span> <span class='ocrx_word' id='word_1_627' title='bbox 2180 3162 2283 3214; x_wconf 84' lang='lat' dir='ltr'>per</span> <span class='ocrx_word' id='word_1_628' title='bbox 2294 3145 2711 3218; x_wconf 86' lang='lat' dir='ltr'>cogitationum</span> <span class='ocrx_word' id='word_1_629' title='bbox 2729 3144 3005 3216; x_wconf 88' lang='lat' dir='ltr'>procellis</span> <span class='ocrx_word' id='word_1_630' title='bbox 3018 3144 3181 3198; x_wconf 88' lang='lat' dir='ltr'>navis</span> <span class='ocrx_word' id='word_1_631' title='bbox 3194 3142 3388 3197; x_wconf 90' lang='lat' dir='ltr'>cordis</span> <span class='ocrx_word' id='word_1_632' title='bbox 3401 3139 3628 3212; x_wconf 90' lang='lat' dir='ltr'>quatitu</span> <span class='ocrx_word' id='word_1_633' title='bbox 3638 3146 3686 3205; x_wconf 81' lang='lat' dir='ltr'>r‘,</span> 
     </span>
    </p>
   </div>
   <div class='ocr_carea' id='block_1_91' title="bbox 2045 3229 3690 3303">
    <p class='ocr_par' dir='ltr' id='par_1_91' title="bbox 2045 3229 3690 3303">
     <span class='ocr_line' id='line_1_92' title="bbox 2045 3229 3690 3303; baseline -0.004 -14"><span class='ocrx_word' id='word_1_634' title='bbox 2045 3235 2161 3289; x_wconf 91' lang='lat' dir='ltr'>huc</span> <span class='ocrx_word' id='word_1_635' title='bbox 2174 3234 2433 3303; x_wconf 88' lang='lat' dir='ltr'>illucque</span> <span class='ocrx_word' id='word_1_636' title='bbox 2448 3230 3217 3303; x_wconf 83' lang='lat' dir='ltr'>iecessanterimpellitur,ut</span> <span class='ocrx_word' id='word_1_637' title='bbox 3231 3229 3690 3301; x_wconf 84' lang='lat' dir='ltr'>perrepentino&#39;s</span> 
     </span>
    </p>
   </div>
   <div class='ocr_carea' id='block_1_92' title="bbox 2046 3317 3688 3391">
    <p class='ocr_par' dir='ltr' id='par_1_92' title="bbox 2046 3317 3688 3391">
     <span class='ocr_line' id='line_1_93' title="bbox 2046 3317 3688 3391; baseline -0.004 -13"><span class='ocrx_word' id='word_1_638' title='bbox 2046 3337 2322 3378; x_wconf 84' lang='lat' dir='ltr'>excessus</span> <span class='ocrx_word' id='word_1_639' title='bbox 2335 3321 2454 3375; x_wconf 89' lang='lat' dir='ltr'>oris</span> <span class='ocrx_word' id='word_1_640' title='bbox 2467 3321 2731 3391; x_wconf 88' lang='lat' dir='ltr'>etoperis</span> <span class='ocrx_word' id='word_1_641' title='bbox 2744 3321 2910 3391; x_wconf 89' lang='lat' dir='ltr'>quasi</span> <span class='ocrx_word' id='word_1_642' title='bbox 2928 3320 3251 3389; x_wconf 88' lang='lat' dir='ltr'>perobvian</span> <span class='ocrx_word' id='word_1_643' title='bbox 3262 3320 3341 3374; x_wconf 91' lang='lat' dir='ltr'>tia</span> <span class='ocrx_word' id='word_1_644' title='bbox 3363 3332 3505 3373; x_wconf 81' lang='lat' dir='ltr'>saxa</span> <span class='ocrx_word' id='word_1_645' title='bbox 3528 3317 3688 3372; x_wconf 87' lang='lat' dir='ltr'>fran-</span> 
     </span>
    </p>
   </div>
   <div class='ocr_carea' id='block_1_93' title="bbox 2044 3405 3693 3486">
    <p class='ocr_par' dir='ltr' id='par_1_93' title="bbox 2044 3405 3693 3486">
     <span class='ocr_line' id='line_1_94' title="bbox 2044 3405 3693 3486; baseline -0.005 -18"><span class='ocrx_word' id='word_1_646' title='bbox 2044 3418 2231 3486; x_wconf 89' lang='lat' dir='ltr'>gatur.</span> <span class='ocrx_word' id='word_1_647' title='bbox 2264 3412 2426 3468; x_wconf 87' lang='lat' dir='ltr'>Inter</span> <span class='ocrx_word' id='word_1_648' title='bbox 2454 3412 2581 3467; x_wconf 61' lang='lat' dir='ltr'>haec</span> <span class='ocrx_word' id='word_1_649' title='bbox 2612 3413 2808 3481; x_wconf 88' lang='lat' dir='ltr'>itaque</span> <span class='ocrx_word' id='word_1_650' title='bbox 2841 3408 2983 3480; x_wconf 90' lang='lat' dir='ltr'>quid</span> <span class='ocrx_word' id='word_1_651' title='bbox 3013 3407 3381 3479; x_wconf 88' lang='lat' dir='ltr'>sequendum</span> <span class='ocrx_word' id='word_1_652' title='bbox 3405 3411 3514 3470; x_wconf 87' lang='lat' dir='ltr'>est,</span> <span class='ocrx_word' id='word_1_653' title='bbox 3547 3405 3693 3476; x_wconf 88' lang='lat' dir='ltr'>quid</span> 
     </span>
    </p>
   </div>
   <div class='ocr_carea' id='block_1_94' title="bbox 2044 3494 3697 3570">
    <p class='ocr_par' dir='ltr' id='par_1_94' title="bbox 2044 3494 3697 3570">
     <span class='ocr_line' id='line_1_95' title="bbox 2044 3494 3697 3570; baseline -0.005 -13"><span class='ocrx_word' id='word_1_654' title='bbox 2044 3501 2393 3567; x_wconf 83' lang='lat' dir='ltr'>tenendum,</span> <span class='ocrx_word' id='word_1_655' title='bbox 2417 3501 2532 3555; x_wconf 91' lang='lat' dir='ltr'>nisi</span> <span class='ocrx_word' id='word_1_656' title='bbox 2564 3506 2631 3555; x_wconf 92' lang='lat' dir='ltr'>ut</span> <span class='ocrx_word' id='word_1_657' title='bbox 2654 3499 2971 3556; x_wconf 88' lang='lat' dir='ltr'>virtutibus</span> <span class='ocrx_word' id='word_1_658' title='bbox 3003 3496 3232 3570; x_wconf 89' lang='lat' dir='ltr'>pollens</span> <span class='ocrx_word' id='word_1_659' title='bbox 3253 3501 3490 3552; x_wconf 88' lang='lat' dir='ltr'>coactus</span> <span class='ocrx_word' id='word_1_660' title='bbox 3512 3494 3585 3551; x_wconf 89' lang='lat' dir='ltr'>ad</span> <span class='ocrx_word' id='word_1_661' title='bbox 3609 3511 3697 3550; x_wconf 83' lang='lat' dir='ltr'>re-</span> 
     </span>
    </p>
   </div>
   <div class='ocr_carea' id='block_1_95' title="bbox 2043 3582 3698 3659">
    <p class='ocr_par' dir='ltr' id='par_1_95' title="bbox 2043 3582 3698 3659">
     <span class='ocr_line' id='line_1_96' title="bbox 2043 3582 3698 3659; baseline -0.002 -15"><span class='ocrx_word' id='word_1_662' title='bbox 2043 3591 2239 3659; x_wconf 74' lang='lat' dir='ltr'>gimen</span> <span class='ocrx_word' id='word_1_663' title='bbox 2256 3589 2790 3654; x_wconf 83' lang='lat' dir='ltr'>veniat,virtutibus</span> <span class='ocrx_word' id='word_1_664' title='bbox 2803 3605 3021 3644; x_wconf 90' lang='lat' dir='ltr'>vacuus</span> <span class='ocrx_word' id='word_1_665' title='bbox 3038 3602 3147 3643; x_wconf 87' lang='lat' dir='ltr'>nec</span> <span class='ocrx_word' id='word_1_666' title='bbox 3159 3590 3397 3643; x_wconf 84' lang='lat' dir='ltr'>coactus</span> <span class='ocrx_word' id='word_1_667' title='bbox 3409 3582 3698 3641; x_wconf 85' lang='lat' dir='ltr'>accedat?</span> 
     </span>
    </p>
   </div>
   <div class='ocr_carea' id='block_1_96' title="bbox 2043 3679 3701 3746">
    <p class='ocr_par' dir='ltr' id='par_1_96' title="bbox 2043 3679 3701 3746">
     <span class='ocr_line' id='line_1_97' title="bbox 2043 3679 3701 3746; baseline -0.005 -10"><span class='ocrx_word' id='word_1_668' title='bbox 2043 3680 2143 3736; x_wconf 80' lang='lat' dir='ltr'>ille</span> <span class='ocrx_word' id='word_1_669' title='bbox 2175 3681 2221 3735; x_wconf 88' lang='lat' dir='ltr'>si</span> <span class='ocrx_word' id='word_1_670' title='bbox 2253 3680 2497 3734; x_wconf 88' lang='lat' dir='ltr'>omnino</span> <span class='ocrx_word' id='word_1_671' title='bbox 2531 3679 2828 3742; x_wconf 90' lang='lat' dir='ltr'>renititur,</span> <span class='ocrx_word' id='word_1_672' title='bbox 2868 3682 3070 3733; x_wconf 89' lang='lat' dir='ltr'>caveat</span> <span class='ocrx_word' id='word_1_673' title='bbox 3090 3693 3167 3731; x_wconf 89' lang='lat' dir='ltr'>ne</span> <span class='ocrx_word' id='word_1_674' title='bbox 3191 3681 3493 3746; x_wconf 89' lang='lat' dir='ltr'>acceptam</span> <span class='ocrx_word' id='word_1_675' title='bbox 3518 3690 3701 3745; x_wconf 81' lang='lat' dir='ltr'>pecu-</span> 
     </span>
    </p>
   </div>
   <div class='ocr_carea' id='block_1_97' title="bbox 2045 3762 3703 3839">
    <p class='ocr_par' dir='ltr' id='par_1_97' title="bbox 2045 3762 3703 3839">
     <span class='ocr_line' id='line_1_98' title="bbox 2045 3762 3703 3839; baseline -0.004 -14"><span class='ocrx_word' id='word_1_676' title='bbox 2045 3769 2204 3825; x_wconf 90' lang='lat' dir='ltr'>niam</span> <span class='ocrx_word' id='word_1_677' title='bbox 2228 3769 2288 3823; x_wconf 91' lang='lat' dir='ltr'>in</span> <span class='ocrx_word' id='word_1_678' title='bbox 2321 3768 2625 3824; x_wconf 89' lang='lat' dir='ltr'>sudarium</span> <span class='ocrx_word' id='word_1_679' title='bbox 2649 3767 2859 3839; x_wconf 85' lang='lat' dir='ltr'>ligans,</span> <span class='ocrx_word' id='word_1_680' title='bbox 2892 3766 2964 3822; x_wconf 92' lang='lat' dir='ltr'>de</span> <span class='ocrx_word' id='word_1_681' title='bbox 2990 3762 3703 3838; x_wconf 83' lang='lat' dir='ltr'>ejusoccultationejudi-</span> 
     </span>
    </p>
   </div>
   <div class='ocr_carea' id='block_1_98' title="bbox 2044 3852 3697 3926">
    <p class='ocr_par' dir='ltr' id='par_1_98' title="bbox 2044 3852 3697 3926">
     <span class='ocr_line' id='line_1_99' title="bbox 2044 3852 3697 3926; baseline -0.004 -13"><span class='ocrx_word' id='word_1_682' title='bbox 2044 3862 2213 3913; x_wconf 90' lang='lat' dir='ltr'>cetur</span> <span class='ocrx_word' id='word_1_683' title='bbox 2241 3857 2460 3926; x_wconf 81' lang='lat' dir='ltr'>(Matth.</span> <span class='ocrx_word' id='word_1_684' title='bbox 2484 3873 2614 3920; x_wconf 80' lang='lat' dir='ltr'>xxv,</span> <span class='ocrx_word' id='word_1_685' title='bbox 2649 3857 2757 3925; x_wconf 86' lang='grc'>18.)</span> <span class='ocrx_word' id='word_1_686' title='bbox 2781 3856 3100 3911; x_wconf 87' lang='lat' dir='ltr'>Pecuniam</span> <span class='ocrx_word' id='word_1_687' title='bbox 3126 3855 3346 3926; x_wconf 90' lang='lat' dir='ltr'>quippe</span> <span class='ocrx_word' id='word_1_688' title='bbox 3370 3854 3433 3907; x_wconf 91' lang='lat' dir='ltr'>in</span> <span class='ocrx_word' id='word_1_689' title='bbox 3456 3852 3697 3908; x_wconf 90' lang='lat' dir='ltr'>sudario</span> 
     </span>
    </p>
   </div>
   <div class='ocr_carea' id='block_1_99' title="bbox 2045 3940 3699 4018">
    <p class='ocr_par' dir='ltr' id='par_1_99' title="bbox 2045 3940 3699 4018">
     <span class='ocr_line' id='line_1_100' title="bbox 2045 3940 3699 4018; baseline -0.003 -17"><span class='ocrx_word' id='word_1_690' title='bbox 2045 3947 2248 4018; x_wconf 84' lang='lat' dir='ltr'>ligare,</span> <span class='ocrx_word' id='word_1_691' title='bbox 2272 3950 2362 4001; x_wconf 89' lang='lat' dir='ltr'>est</span> <span class='ocrx_word' id='word_1_692' title='bbox 2382 3950 2658 4016; x_wconf 88' lang='lat' dir='ltr'>percepta</span> <span class='ocrx_word' id='word_1_693' title='bbox 2680 3944 2838 4000; x_wconf 90' lang='lat' dir='ltr'>dona</span> <span class='ocrx_word' id='word_1_694' title='bbox 2857 3943 2965 3998; x_wconf 89' lang='lat' dir='ltr'>sub</span> <span class='ocrx_word' id='word_1_695' title='bbox 2990 3945 3111 3999; x_wconf 92' lang='lat' dir='ltr'>otio</span> <span class='ocrx_word' id='word_1_696' title='bbox 3133 3943 3278 3998; x_wconf 86' lang='lat' dir='ltr'>tenti</span> <span class='ocrx_word' id='word_1_697' title='bbox 3298 3940 3699 4013; x_wconf 85' lang='lat' dir='ltr'>torporisabs-</span> 
     </span>
    </p>
   </div>
   <div class='ocr_carea' id='block_1_100' title="bbox 2046 4031 3697 4104">
    <p class='ocr_par' dir='ltr' id='par_1_100' title="bbox 2046 4031 3697 4104">
     <span class='ocr_line' id='line_1_101' title="bbox 2046 4031 3697 4104; baseline -0.005 -11"><span class='ocrx_word' id='word_1_698' title='bbox 2046 4036 2324 4093; x_wconf 89' lang='lat' dir='ltr'>condere.</span> <span class='ocrx_word' id='word_1_699' title='bbox 2356 4038 2430 4091; x_wconf 84' lang='lat' dir='ltr'><strong>At</strong></span> <span class='ocrx_word' id='word_1_700' title='bbox 2458 4040 2684 4100; x_wconf 89' lang='lat' dir='ltr'>contra,</span> <span class='ocrx_word' id='word_1_701' title='bbox 2717 4037 2825 4091; x_wconf 90' lang='lat' dir='ltr'>iste</span> <span class='ocrx_word' id='word_1_702' title='bbox 2871 4051 3005 4090; x_wconf 90' lang='lat' dir='ltr'>cum</span> <span class='ocrx_word' id='word_1_703' title='bbox 3037 4033 3302 4103; x_wconf 78' lang='lat' dir='ltr'>regimen</span> <span class='ocrx_word' id='word_1_704' title='bbox 3333 4031 3579 4104; x_wconf 90' lang='lat' dir='ltr'>appetit,</span> <span class='ocrx_word' id='word_1_705' title='bbox 3611 4036 3697 4086; x_wconf 90' lang='lat' dir='ltr'>at-</span> 
     </span>
    </p>
   </div>
   <div class='ocr_carea' id='block_1_101' title="bbox 2044 4121 3695 4196">
    <p class='ocr_par' dir='ltr' id='par_1_101' title="bbox 2044 4121 3695 4196">
     <span class='ocr_line' id='line_1_102' title="bbox 2044 4121 3695 4196; baseline -0.004 -16"><span class='ocrx_word' id='word_1_706' title='bbox 2044 4126 2253 4181; x_wconf 89' lang='lat' dir='ltr'>tendat</span> <span class='ocrx_word' id='word_1_707' title='bbox 2270 4141 2347 4180; x_wconf 91' lang='lat' dir='ltr'>ne</span> <span class='ocrx_word' id='word_1_708' title='bbox 2369 4142 2477 4196; x_wconf 91' lang='lat' dir='ltr'>per</span> <span class='ocrx_word' id='word_1_709' title='bbox 2497 4125 2832 4196; x_wconf 83' lang='lat' dir='ltr'>exemplum</span> <span class='ocrx_word' id='word_1_710' title='bbox 2856 4125 3016 4196; x_wconf 89' lang='lat' dir='ltr'>pravi</span> <span class='ocrx_word' id='word_1_711' title='bbox 3031 4121 3695 4195; x_wconf 75' lang='lat' dir='ltr'>operis,Pharismorum</span> 
     </span>
    </p>
   </div>
   <div class='ocr_carea' id='block_1_102' title="bbox 2047 4208 3695 4287">
    <p class='ocr_par' dir='ltr' id='par_1_102' title="bbox 2047 4208 3695 4287">
     <span class='ocr_line' id='line_1_103' title="bbox 2047 4208 3695 4287; baseline -0.004 -18"><span class='ocrx_word' id='word_1_712' title='bbox 2047 4230 2232 4279; x_wconf 90' lang='lat' dir='ltr'>more,</span> <span class='ocrx_word' id='word_1_713' title='bbox 2265 4214 2339 4269; x_wconf 91' lang='lat' dir='ltr'>ad</span> <span class='ocrx_word' id='word_1_714' title='bbox 2368 4214 2700 4287; x_wconf 87' lang='lat' dir='ltr'>ingressum</span> <span class='ocrx_word' id='word_1_715' title='bbox 2732 4213 2897 4278; x_wconf 71' lang='lat' dir='ltr'>regni</span> <span class='ocrx_word' id='word_1_716' title='bbox 2922 4212 3302 4267; x_wconf 88' lang='lat' dir='ltr'>tendentibus</span> <span class='ocrx_word' id='word_1_717' title='bbox 3322 4208 3695 4267; x_wconf 89' lang='lat' dir='ltr'>obstaculum</span> 
     </span>
    </p>
   </div>
   <div class='ocr_carea' id='block_1_103' title="bbox 2027 4299 3695 4375">
    <p class='ocr_par' dir='ltr' id='par_1_103' title="bbox 2027 4299 3695 4375">
     <span class='ocr_line' id='line_1_104' title="bbox 2027 4299 3695 4375; baseline -0.003 -17"><span class='ocrx_word' id='word_1_718' title='bbox 2027 4304 2177 4358; x_wconf 83' lang='lat' dir='ltr'>ﬁat:</span> <span class='ocrx_word' id='word_1_719' title='bbox 2203 4302 2488 4373; x_wconf 85' lang='lat' dir='ltr'>quijuxta</span> <span class='ocrx_word' id='word_1_720' title='bbox 2511 4301 2767 4375; x_wconf 82' lang='lat' dir='ltr'>Magistri</span> <span class='ocrx_word' id='word_1_721' title='bbox 2789 4318 2991 4357; x_wconf 90' lang='lat' dir='ltr'>vocem</span> <span class='ocrx_word' id='word_1_722' title='bbox 3022 4300 3238 4372; x_wconf 75' lang='lat' dir='ltr'>(Matth.</span> <span class='ocrx_word' id='word_1_723' title='bbox 3271 4317 3431 4365; x_wconf 66' lang='grc' dir='ltr'>χχιιι,</span> <span class='ocrx_word' id='word_1_724' title='bbox 3464 4299 3552 4369; x_wconf 80' lang='lat' dir='ltr'>t3)</span> <span class='ocrx_word' id='word_1_725' title='bbox 3583 4313 3695 4353; x_wconf 85' lang='lat' dir='ltr'>nec</span> 
     </span>
    </p>
   </div>
   <div class='ocr_carea' id='block_1_104' title="bbox 2046 4387 3699 4464">
    <p class='ocr_par' dir='ltr' id='par_1_104' title="bbox 2046 4387 3699 4464">
     <span class='ocr_line' id='line_1_105' title="bbox 2046 4387 3699 4464; baseline -0.004 -17"><span class='ocrx_word' id='word_1_726' title='bbox 2046 4392 2157 4464; x_wconf 91' lang='lat' dir='ltr'>ipsi</span> <span class='ocrx_word' id='word_1_727' title='bbox 2181 4392 2424 4457; x_wconf 89' lang='lat' dir='ltr'>intrant,</span> <span class='ocrx_word' id='word_1_728' title='bbox 2451 4408 2559 4446; x_wconf 91' lang='lat' dir='ltr'>nec</span> <span class='ocrx_word' id='word_1_729' title='bbox 2581 4390 2726 4446; x_wconf 90' lang='lat' dir='ltr'>alios</span> <span class='ocrx_word' id='word_1_730' title='bbox 2748 4392 2972 4446; x_wconf 88' lang='lat' dir='ltr'>intrare</span> <span class='ocrx_word' id='word_1_731' title='bbox 2998 4388 3479 4462; x_wconf 91' lang='lat' dir='ltr'>permittunt.Cui</span> <span class='ocrx_word' id='word_1_732' title='bbox 3505 4387 3699 4443; x_wconf 90' lang='lat' dir='ltr'>consi-</span> 
     </span>
    </p>
   </div>
   <div class='ocr_carea' id='block_1_105' title="bbox 1970 4475 3696 4578">
    <p class='ocr_par' dir='ltr' id='par_1_105' title="bbox 1970 4475 3696 4578">
     <span class='ocr_line' id='line_1_106' title="bbox 1970 4475 3696 4578; baseline -0.003 -42"><span class='ocrx_word' id='word_1_733' title='bbox 1970 4515 2017 4578; x_wconf 70' lang='grc' dir='ltr'><strong>Β</strong></span> <span class='ocrx_word' id='word_1_734' title='bbox 2045 4480 2375 4536; x_wconf 90' lang='lat' dir='ltr'>derandum</span> <span class='ocrx_word' id='word_1_735' title='bbox 2399 4495 2635 4550; x_wconf 89' lang='lat' dir='ltr'>quoque</span> <span class='ocrx_word' id='word_1_736' title='bbox 2657 4484 2767 4544; x_wconf 89' lang='lat' dir='ltr'>est,</span> <span class='ocrx_word' id='word_1_737' title='bbox 2792 4480 2932 4550; x_wconf 90' lang='lat' dir='ltr'>quia</span> <span class='ocrx_word' id='word_1_738' title='bbox 2951 4482 3025 4550; x_wconf 85' lang='lat' dir='ltr'>(j)</span> <span class='ocrx_word' id='word_1_739' title='bbox 3054 4494 3188 4535; x_wconf 90' lang='lat' dir='ltr'>cum</span> <span class='ocrx_word' id='word_1_740' title='bbox 3220 4493 3459 4533; x_wconf 90' lang='lat' dir='ltr'>causam</span> <span class='ocrx_word' id='word_1_741' title='bbox 3490 4475 3696 4578; x_wconf 76' lang='lat' dir='ltr'>populi</span> 
     </span>
    </p>
   </div>
   <div class='ocr_carea' id='block_1_106' title="bbox 2052 4563 3699 4640">
    <p class='ocr_par' dir='ltr' id='par_1_106' title="bbox 2052 4563 3699 4640">
     <span class='ocr_line' id='line_1_107' title="bbox 2052 4563 3699 4640; baseline -0.004 -14"><span class='ocrx_word' id='word_1_742' title='bbox 2052 4569 2276 4626; x_wconf 91' lang='lat' dir='ltr'>electus</span> <span class='ocrx_word' id='word_1_743' title='bbox 2305 4568 2525 4640; x_wconf 65' lang='lat' dir='ltr'>praesul</span> <span class='ocrx_word' id='word_1_744' title='bbox 2556 4569 2825 4639; x_wconf 88' lang='lat' dir='ltr'>suscipit,</span> <span class='ocrx_word' id='word_1_745' title='bbox 2859 4568 3026 4638; x_wconf 89' lang='lat' dir='ltr'>quasi</span> <span class='ocrx_word' id='word_1_746' title='bbox 3060 4566 3133 4623; x_wconf 90' lang='lat' dir='ltr'>ad</span> <span class='ocrx_word' id='word_1_747' title='bbox 3166 4583 3385 4640; x_wconf 76' lang='lat' dir='ltr'>mgrum</span> <span class='ocrx_word' id='word_1_748' title='bbox 3433 4563 3699 4621; x_wconf 88' lang='lat' dir='ltr'>medicus</span> 
     </span>
    </p>
   </div>
   <div class='ocr_carea' id='block_1_107' title="bbox 2051 4653 3701 4731">
    <p class='ocr_par' dir='ltr' id='par_1_107' title="bbox 2051 4653 3701 4731">
     <span class='ocr_line' id='line_1_108' title="bbox 2051 4653 3701 4731; baseline -0.004 -17"><span class='ocrx_word' id='word_1_749' title='bbox 2051 4658 2299 4715; x_wconf 88' lang='lat' dir='ltr'>accedit.</span> <span class='ocrx_word' id='word_1_750' title='bbox 2333 4658 2390 4713; x_wconf 89' lang='lat' dir='ltr'>Si</span> <span class='ocrx_word' id='word_1_751' title='bbox 2420 4674 2556 4731; x_wconf 90' lang='lat' dir='ltr'>ergo</span> <span class='ocrx_word' id='word_1_752' title='bbox 2587 4657 2779 4712; x_wconf 89' lang='lat' dir='ltr'>adhuc</span> <span class='ocrx_word' id='word_1_753' title='bbox 2809 4657 2870 4711; x_wconf 89' lang='lat' dir='ltr'>in</span> <span class='ocrx_word' id='word_1_754' title='bbox 2903 4657 3031 4727; x_wconf 82' lang='lat' dir='ltr'>ejus</span> <span class='ocrx_word' id='word_1_755' title='bbox 3060 4658 3135 4726; x_wconf 83' lang='lat' dir='ltr'>(k)</span> <span class='ocrx_word' id='word_1_756' title='bbox 3167 4670 3344 4727; x_wconf 90' lang='lat' dir='ltr'>opere</span> <span class='ocrx_word' id='word_1_757' title='bbox 3392 4653 3701 4724; x_wconf 80' lang='lat' dir='ltr'>passiones</span> 
     </span>
    </p>
   </div>
   <div class='ocr_carea' id='block_1_108' title="bbox 2052 4738 3699 4819">
    <p class='ocr_par' dir='ltr' id='par_1_108' title="bbox 2052 4738 3699 4819">
     <span class='ocr_line' id='line_1_109' title="bbox 2052 4738 3699 4819; baseline -0.005 -15"><span class='ocrx_word' id='word_1_758' title='bbox 2052 4749 2271 4813; x_wconf 88' lang='lat' dir='ltr'>vivunt,</span> <span class='ocrx_word' id='word_1_759' title='bbox 2330 4762 2447 4819; x_wconf 90' lang='lat' dir='ltr'>qua</span> <span class='ocrx_word' id='word_1_760' title='bbox 2507 4745 2969 4818; x_wconf 65' lang='lat' dir='ltr'>praesumptione</span> <span class='ocrx_word' id='word_1_761' title='bbox 3051 4757 3399 4816; x_wconf 88' lang='lat' dir='ltr'>percussum</span> <span class='ocrx_word' id='word_1_762' title='bbox 3472 4738 3699 4797; x_wconf 87' lang='lat' dir='ltr'>mederi</span> 
     </span>
    </p>
   </div>
   <div class='ocr_carea' id='block_1_109' title="bbox 2051 4831 3275 4910">
    <p class='ocr_par' dir='ltr' id='par_1_109' title="bbox 2051 4831 3275 4910">
     <span class='ocr_line' id='line_1_110' title="bbox 2051 4831 3275 4910; baseline -0.007 -16"><span class='ocrx_word' id='word_1_763' title='bbox 2051 4841 2350 4910; x_wconf 82' lang='lat' dir='ltr'>praperat,</span> <span class='ocrx_word' id='word_1_764' title='bbox 2382 4836 2483 4908; x_wconf 91' lang='lat' dir='ltr'>qui</span> <span class='ocrx_word' id='word_1_765' title='bbox 2515 4836 2577 4890; x_wconf 90' lang='lat' dir='ltr'>in</span> <span class='ocrx_word' id='word_1_766' title='bbox 2604 4835 2756 4891; x_wconf 82' lang='lat' dir='ltr'>facie</span> <span class='ocrx_word' id='word_1_767' title='bbox 2786 4834 2998 4889; x_wconf 88' lang='lat' dir='ltr'>vulnus</span> <span class='ocrx_word' id='word_1_768' title='bbox 3028 4831 3275 4903; x_wconf 80' lang='lat' dir='ltr'>portat?</span> 
     </span>
    </p>
   </div>
   <div class='ocr_carea' id='block_1_110' title="bbox 2048 5064 3702 5134">
    <p class='ocr_par' dir='ltr' id='par_1_110' title="bbox 2048 5064 3702 5134">
     <span class='ocr_line' id='line_1_111' title="bbox 2048 5064 3702 5134; baseline -0.003 -8"><span class='ocrx_word' id='word_1_769' title='bbox 2048 5074 2124 5126; x_wconf 83' lang='lat' dir='ltr'>sit</span> <span class='ocrx_word' id='word_1_770' title='bbox 2152 5075 2331 5125; x_wconf 83' lang='lat' dir='ltr'>rector</span> <span class='ocrx_word' id='word_1_771' title='bbox 2351 5068 2617 5125; x_wconf 81' lang='lat' dir='ltr'>discretus</span> <span class='ocrx_word' id='word_1_772' title='bbox 2637 5071 2695 5123; x_wconf 84' lang='lat' dir='ltr'>in</span> <span class='ocrx_word' id='word_1_773' title='bbox 2716 5068 3047 5125; x_wconf 71' lang='lat' dir='ltr'>silentioetc</span> <span class='ocrx_word' id='word_1_774' title='bbox 3074 5064 3226 5122; x_wconf 87' lang='lat' dir='ltr'>Editi</span> <span class='ocrx_word' id='word_1_775' title='bbox 3240 5065 3702 5134; x_wconf 80' lang='lat' dir='ltr'>habent,Timens</span> 
     </span>
    </p>
   </div>
   <div class='ocr_carea' id='block_1_111' title="bbox 2050 5139 3696 5213">
    <p class='ocr_par' dir='ltr' id='par_1_111' title="bbox 2050 5139 3696 5213">
     <span class='ocr_line' id='line_1_112' title="bbox 2050 5139 3696 5213; baseline -0.004 -16"><span class='ocrx_word' id='word_1_776' title='bbox 2050 5143 2217 5209; x_wconf 83' lang='lat' dir='ltr'>enim,</span> <span class='ocrx_word' id='word_1_777' title='bbox 2249 5156 2451 5213; x_wconf 78' lang='lat' dir='ltr'>errore</span> <span class='ocrx_word' id='word_1_778' title='bbox 2476 5140 2793 5213; x_wconf 84' lang='lat' dir='ltr'>manifesto</span> <span class='ocrx_word' id='word_1_779' title='bbox 2814 5139 2875 5195; x_wconf 90' lang='lat' dir='ltr'>in</span> <span class='ocrx_word' id='word_1_780' title='bbox 2898 5139 3080 5195; x_wconf 91' lang='lat' dir='ltr'>nullis</span> <span class='ocrx_word' id='word_1_781' title='bbox 3106 5140 3370 5213; x_wconf 87' lang='lat' dir='ltr'>Vulgatis</span> <span class='ocrx_word' id='word_1_782' title='bbox 3393 5139 3696 5210; x_wconf 77' lang='lat' dir='ltr'>castigato.</span> 
     </span>
    </p>
   </div>
   <div class='ocr_carea' id='block_1_112' title="bbox 2119 5211 3107 5284">
    <p class='ocr_par' dir='ltr' id='par_1_112' title="bbox 2119 5211 3107 5284">
     <span class='ocr_line' id='line_1_113' title="bbox 2119 5211 3107 5284; baseline 0 -19"><span class='ocrx_word' id='word_1_783' title='bbox 2119 5214 2199 5281; x_wconf 83' lang='lat' dir='ltr'>(h)</span> <span class='ocrx_word' id='word_1_784' title='bbox 2228 5211 2379 5284; x_wconf 66' lang='lat' dir='ltr'>Aud.</span> <span class='ocrx_word' id='word_1_785' title='bbox 2411 5213 2661 5284; x_wconf 89' lang='lat' dir='ltr'>primus,</span> <span class='ocrx_word' id='word_1_786' title='bbox 2695 5211 2757 5266; x_wconf 82' lang='lat' dir='ltr'>in</span> <span class='ocrx_word' id='word_1_787' title='bbox 2784 5226 3107 5284; x_wconf 77' lang='lat' dir='ltr'>sequoque.</span> 
     </span>
    </p>
   </div>
   <div class='ocr_carea' id='block_1_113' title="bbox 2120 5280 3697 5353">
    <p class='ocr_par' dir='ltr' id='par_1_113' title="bbox 2120 5280 3697 5353">
     <span class='ocr_line' id='line_1_114' title="bbox 2120 5280 3697 5353; baseline -0.003 -15"><span class='ocrx_word' id='word_1_788' title='bbox 2120 5280 2187 5353; x_wconf 74' lang='grc' dir='ltr'>(ἱ)</span> <span class='ocrx_word' id='word_1_789' title='bbox 2210 5283 2381 5339; x_wconf 85' lang='lat' dir='ltr'>Corb.</span> <span class='ocrx_word' id='word_1_790' title='bbox 2412 5280 2472 5338; x_wconf 79' lang='lat' dir='ltr'>et</span> <span class='ocrx_word' id='word_1_791' title='bbox 2495 5288 2731 5340; x_wconf 85' lang='lat' dir='ltr'>Carnot.</span> <span class='ocrx_word' id='word_1_792' title='bbox 2769 5280 3018 5353; x_wconf 58' lang='lat' dir='ltr'>primus}</span> <span class='ocrx_word' id='word_1_793' title='bbox 3053 5283 3326 5345; x_wconf 81' lang='lat' dir='ltr'>turbatus,</span> <span class='ocrx_word' id='word_1_794' title='bbox 3359 5280 3525 5350; x_wconf 88' lang='lat' dir='ltr'>prior</span> <span class='ocrx_word' id='word_1_795' title='bbox 3560 5293 3697 5334; x_wconf 88' lang='lat' dir='ltr'>cum</span> 
     </span>
    </p>
   </div>
   <div class='ocr_carea' id='block_1_114' title="bbox 2049 5355 2574 5419">
    <p class='ocr_par' dir='ltr' id='par_1_114' title="bbox 2049 5355 2574 5419">
     <span class='ocr_line' id='line_1_115' title="bbox 2049 5355 2574 5419; baseline -0.01 -7"><span class='ocrx_word' id='word_1_796' title='bbox 2049 5355 2200 5412; x_wconf 84' lang='lat' dir='ltr'>And.</span> <span class='ocrx_word' id='word_1_797' title='bbox 2235 5358 2287 5419; x_wconf 81' lang='lat' dir='ltr'>l,</span> <span class='ocrx_word' id='word_1_798' title='bbox 2320 5355 2574 5409; x_wconf 82' lang='lat' dir='ltr'>turbatis.</span> 
     </span>
    </p>
   </div>
   <div class='ocr_carea' id='block_1_115' title="bbox 2122 5420 3697 5496">
    <p class='ocr_par' dir='ltr' id='par_1_115' title="bbox 2122 5420 3697 5496">
     <span class='ocr_line' id='line_1_116' title="bbox 2122 5420 3697 5496; baseline -0.006 -14"><span class='ocrx_word' id='word_1_799' title='bbox 2122 5426 2196 5496; x_wconf 87' lang='lat' dir='ltr'>(j)</span> <span class='ocrx_word' id='word_1_800' title='bbox 2224 5424 2397 5482; x_wconf 87' lang='lat' dir='ltr'>Corb.</span> <span class='ocrx_word' id='word_1_801' title='bbox 2434 5425 2557 5481; x_wconf 87' lang='lat' dir='ltr'>Val.</span> <span class='ocrx_word' id='word_1_802' title='bbox 2588 5424 2699 5489; x_wconf 83' lang='lat' dir='ltr'>CL,</span> <span class='ocrx_word' id='word_1_803' title='bbox 2738 5423 2983 5496; x_wconf 86' lang='lat' dir='ltr'>Theod.,</span> <span class='ocrx_word' id='word_1_804' title='bbox 3007 5421 3509 5486; x_wconf 84' lang='lat' dir='ltr'>Carnot.,Norm.,</span> <span class='ocrx_word' id='word_1_805' title='bbox 3549 5420 3697 5496; x_wconf 85' lang='lat' dir='ltr'>Lon-_</span> 
     </span>
    </p>
   </div>
   <div class='ocr_carea' id='block_1_116' title="bbox 2113 5489 3700 5568">
    <p class='ocr_par' dir='ltr' id='par_1_116' title="bbox 2113 5489 3700 5568">
     <span class='ocr_line' id='line_1_117' title="bbox 2113 5489 3700 5568; baseline -0.001 -19"><span class='ocrx_word' id='word_1_806' title='bbox 2113 5489 2196 5568; x_wconf 54' lang='lat' dir='ltr'>p&#39;f,</span> <span class='ocrx_word' id='word_1_807' title='bbox 2250 5495 2453 5563; x_wconf 88' lang='lat' dir='ltr'>Laud.,</span> <span class='ocrx_word' id='word_1_808' title='bbox 2512 5496 2694 5552; x_wconf 88' lang='lat' dir='ltr'>duces</span> <span class='ocrx_word' id='word_1_809' title='bbox 2749 5489 3078 5568; x_wconf 85' lang='lat' dir='ltr'>sequimur,</span> <span class='ocrx_word' id='word_1_810' title='bbox 3134 5509 3255 5549; x_wconf 92' lang='lat' dir='ltr'>non</span> <span class='ocrx_word' id='word_1_811' title='bbox 3303 5507 3551 5548; x_wconf 79' lang='lat' dir='ltr'>excuses</span> <span class='ocrx_word' id='word_1_812' title='bbox 3594 5489 3700 5562; x_wconf 87' lang='lat' dir='ltr'>qui</span> 
     </span>
    </p>
   </div>
   <div class='ocr_carea' id='block_1_117' title="bbox 2093 5567 2687 5625">
    <p class='ocr_par' dir='ltr' id='par_1_117' title="bbox 2093 5567 2687 5625">
     <span class='ocr_line' id='line_1_118' title="bbox 2093 5567 2687 5625; baseline 0 -1"><span class='ocrx_word' id='word_1_813' title='bbox 2093 5567 2295 5625; x_wconf 89' lang='lat' dir='ltr'>abent.</span> <span class='ocrx_word' id='word_1_814' title='bbox 2327 5583 2450 5623; x_wconf 85' lang='lat' dir='ltr'>cum</span> <span class='ocrx_word' id='word_1_815' title='bbox 2477 5584 2687 5624; x_wconf 89' lang='lat' dir='ltr'>curam.</span> 
     </span>
    </p>
   </div>
   <div class='ocr_carea' id='block_1_118' title="bbox 2125 5632 3696 5711">
    <p class='ocr_par' dir='ltr' id='par_1_118' title="bbox 2125 5632 3696 5711">
     <span class='ocr_line' id='line_1_119' title="bbox 2125 5632 3696 5711; baseline -0.006 -15"><span class='ocrx_word' id='word_1_816' title='bbox 2125 5639 2202 5711; x_wconf 67' lang='grc' dir='ltr'>(Β)</span> <span class='ocrx_word' id='word_1_817' title='bbox 2235 5639 2471 5706; x_wconf 80' lang='lat' dir='ltr'>Excusi,</span> <span class='ocrx_word' id='word_1_818' title='bbox 2501 5642 2562 5695; x_wconf 86' lang='lat' dir='ltr'>in</span> <span class='ocrx_word' id='word_1_819' title='bbox 2591 5642 2710 5711; x_wconf 81' lang='lat' dir='ltr'>ejus</span> <span class='ocrx_word' id='word_1_820' title='bbox 2728 5655 2975 5711; x_wconf 87' lang='lat' dir='ltr'>corpore,</span> <span class='ocrx_word' id='word_1_821' title='bbox 2996 5632 3542 5695; x_wconf 84' lang='lat' dir='ltr'>contradicentibus</span> <span class='ocrx_word' id='word_1_822' title='bbox 3562 5633 3696 5688; x_wconf 80' lang='lat' dir='ltr'>Mss.</span> 
     </span>
    </p>
   </div>
   <div class='ocr_carea' id='block_1_119' title="bbox 2058 5711 2529 5784">
    <p class='ocr_par' dir='ltr' id='par_1_119' title="bbox 2058 5711 2529 5784">
     <span class='ocr_line' id='line_1_120' title="bbox 2058 5711 2529 5784; baseline 0.002 -16"><span class='ocrx_word' id='word_1_823' title='bbox 2058 5726 2210 5784; x_wconf 82' lang='lat' dir='ltr'>pone</span> <span class='ocrx_word' id='word_1_824' title='bbox 2234 5711 2529 5769; x_wconf 85' lang='lat' dir='ltr'>omnibus.</span> 
     </span>
    </p>
   </div>
  </div>
