4136 6178
446 338 528 399 13
1646 317 1939 381 SANCTI
1983 310 2352 377 GREGORll
2399 310 2674 372 MAGNI
3776 316 3854 377 24

1107 460 1336 519 CAPUT
1373 459 1442 515 Χ.

636 559 830 626 Qualis
860 556 1093 629 quisque
1121 553 1194 607 ad
1220 552 1466 619 regimen
1495 547 1680 602 venire
1707 543 1918 598 debeat.

525 650 634 707 Ille
654 625 962 722 igitur,i—lle
983 625 1176 699 modis
1188 637 1467 694 omnibus
1480 635 1653 690 debet
1675 630 1748 722 ad
1770 625 2105 722 exemplum

460 718 705 797 vivendi
709 735 995 811 pertrahi,
1018 732 1117 804 qui
1135 728 1365 785 cunctis
1376 725 1571 783 carnis
1592 718 1964 795 passionibus
1976 733 2105 771 mo-

461 833 548 890 rie
560 848 633 887 ns
651 808 780 901 ja—m
795 824 1142 899 spiritaliter
1154 818 1413 888 vivit,qui
1430 828 1711 887 prospera
1725 808 2109 901 mundipost-

462 896 681 994 posuit.
716 896 1015 988 quivnulla
1044 912 1291 966 adversa
1321 901 1705 994 pertimescit,
1739 898 1839 970 qui
1870 896 1994 952 sola
2016 897 2107 950 in-

464 989 640 1064 terna
667 1004 989 1062 desiderat.
1022 1002 1202 1070 Cujus
1230 990 1548 1050 intentioni
1579 989 1735 1044 bene
1756 1000 2108 1058 congruens,

467 1116 580 1155 nec
610 1095 855 1154 omnino
888 1109 993 1165 per
1021 1085 1484 1145 imbecillitatem
1516 1095 1750 1150 corpus,
1782 1092 1892 1132 nec
1944 1072 2110 1129 valde

463 1163 1094 1261 per(a)contumeliam
1115 1177 1399 1261 repugnat
1414 1169 1675 1261 spiritus.
1700 1166 1807 1261 Qui
1830 1163 2113 1261 adﬁaliena

465 1250 841 1346 lb)cupienda
854 1284 973 1323 non
984 1259 1349 1326 ducitur,sed
1363 1256 1602 1346 propria
1615 1250 1992 1346 largitur.Qui
2007 1264 2114 1346 per

471 1337 711 1435 pietatis
728 1359 953 1413 viscera
980 1352 1154 1408 citius
1174 1348 1249 1405 ad
1269 1344 1701 1419 ignoscendum
1723 1337 2113 1435 flectitur,sed

466 1426 775 1521 nunquam
788 1444 922 1515 plus
932 1457 1109 1514 quam
1123 1439 1332 1495 deceat
1354 1437 1689 1510 ignoscens,
1713 1429 1784 1486 ab
1798 1444 1932 1485 arce
1944 1426 2111 1521 rec-ti:

468 1514 694 1595 tudinis
725 1514 1067 1591 inclinatur.
1100 1528 1207 1593 Qui
1234 1524 1399 1582 nulla
1424 1522 1636 1579 illicita
1658 1522 1978 1593 perpetrat,
2007 1514 2113 1570 sed

466 1629 808 1701 perpetrata
835 1620 909 1677 ab
940 1619 1071 1676 aliis
1100 1621 1167 1673 ut
1194 1614 1437 1689 propria
1463 1610 1754 1701 deplorat.
1787 1607 1893 1701 Qui
1929 1622 1999 1660 ex
2025 1604 2114 1701 af-

464 1693 624 1773 fectu
649 1711 845 1770 cordis
867 1710 1076 1765 alienae
1099 1703 1431 1763 inﬁrmitati
1446 1695 2032 1771 compatitur,sicque
2055 1693 2115 1748 in

465 1804 643 1861 bonis
664 1799 917 1876 proximi
942 1798 1095 1854 sicut
1116 1797 1175 1851 in
1200 1794 1324 1851 suis
1344 1789 1716 1866 provectibus
1730 1787 1981 1842 laetatur.
2003 1783 2112 1849 Qui

462 1895 545 1950 ita
558 1909 619 1949 se
632 1874 981 1948 imitabilem
994 1884 1299 1942 cmterisin
1311 1880 1540 1938 cunctis
1553 1895 1682 1950 qua:
1695 1874 2110 1949 agitinsinuat,

466 1989 534 2040 ut
561 1982 718 2038 inter
747 1996 850 2036 eos
879 1994 1000 2034 non
1029 1976 1246 2032 habeat
1273 1970 1431 2044 quod
1456 1968 1669 2026 saltem
1699 1965 1772 2020 de
1796 1961 2111 2018 transactis

467 2072 798 2129 erubescat.
832 2068 941 2134 Qui
973 2066 1059 2122 sic
1105 2062 1305 2120 studet
1339 2061 1551 2123 vivere,
1592 2062 1658 2112 ut
1704 2053 2110 2127 proximorum

466 2177 704 2234 quoque
735 2157 916 2215 corda
939 2154 1171 2211 arentia
1198 2151 1483 2208 doctrina)
1511 2145 1700 2202 valeat
1727 2140 2114 2234 fluentisirri-

460 2229 625 2327 gare:
652 2249 760 2315 Qui
792 2244 1079 2303 orationis
1108 2258 1220 2298 usu
1239 2245 1298 2296 et
1318 2236 1720 2311 experimenta
1734 2232 1858 2304 jam
1881 2229 2109 2327 didicit,

463 2317 624 2413 quod
652 2338 923 2395 obtinere
955 2351 989 2389 a
1018 2331 1271 2389 Domino
1295 2345 1427 2400 quin
1450 2322 1805 2413 poposcerit,
1828 2317 2110 2413 possit,(c)

464 2409 557 2488 cui
579 2446 688 2502 per
705 2429 951 2484 eﬂ’ectus
971 2438 1174 2480 vocem
1179 2420 1306 2492 jam
1329 2416 1496 2488 quasi
1512 2411 1850 2486 specialiter
1861 2409 2108 2502 dicitur:

464 2495 651 2578 Adhuc
683 2517 939 2587 loquente
967 2519 1039 2579 te,
1070 2510 1270 2573 dicam,
1302 2509 1439 2562 Ecce
1464 2504 1652 2559 adium
1674 2501 1826 2571 (lsai.
1858 2514 2008 2587 Lvin,
2030 2495 2112 2587 9).

465 2608 553 2681 (d)
582 2607 640 2662 Si
670 2586 830 2662 enim
861 2602 1112 2659 fortasse
1141 2597 1273 2670 quis
1300 2594 1520 2659 veniat,
1550 2596 1617 2648 ut
1644 2606 1750 2663 pro
1775 2605 1856 2681 se
1906 2586 1980 2681 ad
2022 2586 2113 2641 in-

467 2676 895 2755 tercedendum
916 2707 1026 2747 nos
1046 2687 1201 2760 apud
1224 2688 1526 2759 potentem
1548 2679 1889 2752 quempiam
1901 2676 2112 2739 virum,

470 2788 574 2861 qui
606 2784 719 2841 sibi
752 2784 960 2846 iratus,
1001 2777 1173 2835 nobis
1211 2791 1348 2831 vero
1389 2777 1480 2829 est
1516 2768 1872 2843 incognitus,
1916 2765 2113 2861 ducat,

467 2852 742 2951 protinus
772 2867 1207 2942 respondemus
1236 2881 1249 2919 :
1281 2862 1369 2920 Ad
1399 2856 1887 2917 intercedendum
1916 2852 2116 2951 venire

463 2942 588 3024 non
634 2976 972 3036 possumus,
1023 2956 1163 3028 quia
1207 2948 1628 3010 familiaritatis
1668 2947 1796 3017 ejus
1842 2942 2117 3036 notitiam

464 3071 590 3113 non
622 3032 933 3108 babemus.
958 3047 1014 3105 Si
1039 3060 1175 3118 ergo
1196 3044 1377 3099 homo
1399 3038 1556 3113 apud
1576 3036 1883 3093 hominem
1906 3032 1978 3088 de
1999 3048 2116 3103 quo

467 3144 718 3205 minime
745 3137 1054 3213 prmsumit
1082 3134 1212 3190 fieri
1251 3133 1611 3189 intercessor
1643 3124 1960 3189 erubescit,
2000 3138 2118 3192 qua

2120 449 2171 515 Α
2203 444 2458 501 habuerit
2484 446 2781 520 maculam,
2804 460 2911 499 non
2945 444 3139 514 offeret
3162 461 3334 515 panes
3356 447 3591 503 Domino
3611 449 3716 504 Deo
3743 465 3855 506 suo.

2212 552 2308 590 nec
2338 536 2556 590 accedet
2585 536 2660 590 ad
2687 536 3057 589 ministerium
3086 536 3204 605 ejus
3243 536 3388 606 (Lev.
3432 554 3551 599 χχι,
3600 536 3708 608 l7).
3757 537 3862 593 Ubi

2217 632 2277 681 et
2300 633 2543 698 repente
2568 626 2985 699 subjungitur:
3023 627 3084 681 Si
3109 642 3275 681 ca’cus
3300 629 3497 694 fuerit,
3527 630 3577 681 si
3606 627 3861 697 claudus,

2214 718 2261 770 si
2287 716 2370 770 vel
2392 732 2591 785 parvo,
2616 717 2701 770 vel
2728 715 2933 784 grandi
2962 722 3012 770 et
3053 722 3195 769 torto
3243 733 3396 779 naso,
3427 719 3475 770 si
3500 720 3683 784 fracto
3702 716 3866 787 pede,

2214 807 2263 859 si
2292 822 2480 868 manu,
2511 808 2558 861 si
2587 807 2801 874 gibbus,
2831 808 2879 859 si
2910 805 3111 876 lippus.
3143 807 3193 860 si
3216 806 3526 874 albuginem
3576 807 3776 861 habens
3807 808 3865 860 in

2216 896 2393 964 oculo,
2425 897 2472 950 si
2490 898 2681 966 jugem
2712 895 2966 956 scabiem,
3006 897 3057 948 si
3103 896 3477 965 impetiginem
3507 896 3565 948 in
3615 910 3863 963 corpore,

2215 984 2302 1038 vel
2325 986 2669 1055 ponderosus
2690 985 2835 1049 (Ibid
2864 1027 2877 1046 ,
2912 985 3018 1049 18).
3045 986 3245 1038 Caecus
3268 984 3485 1054 quippe
3509 983 3734 1053 est,qui
3760 999 3862 1037 su-

2215 1090 2416 1145 perna:
2430 1073 2950 1144 contemplationis
2965 1073 3166 1127 lumen
3183 1073 3537 1145 ignorat;qui
3555 1071 3866 1143 praesentis

2215 1163 2343 1217 vitae
2367 1163 2629 1217 tenebris
2652 1179 2913 1234 pressus,
2938 1162 3075 1216 dum
3100 1167 3405 1216 venturam
3430 1161 3621 1216 lucem
3641 1176 3863 1231 nequa-

2218 1267 2397 1322 quam
2415 1250 2712 1324 diligendo
2726 1249 3123 1322 conspicit,(g)
3137 1266 3253 1321 quo
3265 1266 3499 1323 gressus
3520 1248 3717 1321 operis
3737 1264 3867 1319 por-

2219 1341 2369 1413 rigat
2386 1341 2596 1396 nescit.
2622 1340 2769 1395 Hinc
2791 1340 3013 1395 etenim
3028 1338 3419 1411 prophetante
3441 1340 3613 1394 Anna
3629 1336 3865 1402 dicitur,

2218 1430 2386 1486 Pedes
2405 1436 2719 1485 sanctorum
2746 1445 2970 1484 suorum
3000 1430 3260 1498 servabit,
3283 1434 3336 1483 et
3363 1427 3526 1499 impii
3545 1430 3604 1482 in
3635 1427 3867 1482 tenebris

2219 1519 2574 1574 conticescent
2601 1518 2647 1587 (1
2666 1518 2797 1586 Reg.
2831 1534 2887 1582 ιι,
2919 1517 2997 1587 9).
3029 1515 3281 1572 Claudus
3309 1532 3446 1571 vero
3477 1520 3568 1571 est
3597 1514 3700 1586 qui
3731 1513 3867 1586 qui-

2218 1607 2353 1663 dem
2386 1623 2501 1678 quo
2532 1622 2776 1679 pergere
2808 1605 3021 1662 debeat
3041 1606 3273 1678 aspicit,
3298 1605 3401 1661 sed
3424 1621 3530 1677 per
3558 1603 3870 1659 infirmita-

2218 1700 2338 1750 tem
2370 1695 2609 1761 mentis,
2640 1695 2772 1749 vitm
2802 1695 2954 1749 viam
3003 1693 3264 1766 perfecte
3312 1711 3431 1749 non
3470 1693 3624 1749 valet
3664 1697 3869 1747 tenere

2221 1801 2399 1856 quam
2412 1784 2735 1855 videt,quia
2747 1783 2820 1839 ad
2832 1784 3062 1839 virtutis
3075 1788 3294 1839 statum
3307 1783 3388 1855 (h)
3402 1782 3544 1839 dum
3558 1782 3717 1838 ﬂuxa
3729 1798 3869 1837 con-

2221 1890 2325 1928 sue
2335 1872 2473 1928 tudo
2486 1890 2606 1928 non
2620 1872 2883 1945 erigitur,
2900 1888 3016 1942 quo
3029 1871 3392 1927 desiderium
3407 1870 3702 1935 innititur,
3726 1870 3872 1925 illuc

2221 1978 2457 2036 gressus
2481 1963 2675 2034 operis
2690 1961 3012 2017 efﬁcaciter
3029 1977 3152 2016 non
3172 1965 3520 2033 sequuntur.
3540 1960 3685 2015 Hinc
3707 1960 3873 2017 enim

2222 2052 2442 2108 Paulus
2464 2051 2642 2107 dicit:
2671 2053 2944 2107 Remissas
2966 2067 3161 2106 manus
3181 2057 3233 2106 et
3267 2050 3535 2107 dissoluta
3562 2066 3745 2120 genua
3771 2051 3875 2105 eri-

2222 2143 2355 2211 gite,
2387 2148 2436 2196 et
2464 2156 2677 2210 gressus
2720 2146 2894 2195 rectos
2928 2143 3103 2209 facite
3122 2140 3359 2210 pedibus
3403 2141 3616 2205 vestris,
3665 2144 3727 2193 ut
3759 2153 3873 2194 non

2220 2229 2540 2285 claudicans
2560 2230 2683 2299 quis
2703 2235 2867 2296 erret,
2889 2231 3066 2299 magis
3084 2235 3273 2284 autem
3303 2234 3531 2284 sanetur
3560 2227 3718 2301 (Heb.
3769 2244 3870 2294 χιι,

2223 2319 2310 2380 12.
2347 2320 2454 2389 13).
2488 2320 2671 2375 Parvo
2702 2324 2900 2375 autem
2940 2336 3086 2375 naso
3132 2324 3242 2389 est,
3284 2319 3387 2390 qui
3434 2318 3503 2375 ad
3548 2317 3872 2375 tenendam

2223 2424 2565 2464 mensuram
2588 2409 3361 2465 discretionisidoneusnon
3372 2409 3639 2466 est.Naso
3652 2408 3873 2480 quippe

2224 2498 2438 2554 odores
2467 2498 2822 2569 faetoresque
2837 2497 3253 2555 discernimus.
3279 2500 3455 2555 Recte
3477 2514 3615 2571 ergo
3637 2513 3746 2569 per
3766 2512 3879 2552 na-

2223 2603 2353 2642 sum
2387 2587 2664 2643 discretio
2695 2587 3065 2659 exprimitur,
3098 2604 3205 2659 per
3234 2604 3413 2658 quam
3433 2587 3678 2643 virtutes
3709 2585 3878 2659 eligi-

2223 2692 2379 2744 mus,
2412 2675 2631 2732 delicta
2660 2676 3066 2747 reprobamus.
3093 2675 3257 2732 Unde
3278 2682 3336 2731 et
3356 2676 3418 2731 in
3440 2675 3618 2732 laude
3642 2691 3879 2747 sponsa

2224 2765 2482 2821 dicitur:
2517 2767 2687 2821 Nasus
2718 2772 2845 2821 tuus
2883 2768 3025 2821 sicut
3074 2764 3246 2820 turris
3283 2781 3407 2836 qua:
3446 2771 3526 2820 est
3572 2765 3634 2819 in
3672 2762 3887 2820 Libano

2226 2856 2410 2926 (Cant.
2445 2872 2541 2921 vn,
2572 2858 2646 2927 4),
2680 2855 2818 2927 quia
2839 2855 3123 2910 nimirum
3148 2860 3354 2911 sancta
3373 2855 3637 2911 Ecclesia
3658 2870 3789 2925 quas
3812 2870 3886 2909 ex

2228 2946 2423 3002 causis
2454 2945 2704 3019 singulis
2730 2949 3101 3000 tentamenta
3121 2944 3432 3016 prodeant,
3454 2959 3561 3015 per
3580 2942 3883 2999 discretio.

2226 3050 2363 3093 nem
2396 3035 2707 3107 conspicit,
2740 3039 2801 3089 et
2830 3038 3077 3089 ventura
3124 3033 3409 3089 vitiorum
3441 3031 3595 3087 bella
3643 3047 3713 3087 ex
3760 3030 3882 3088 alto

2228 3123 2642 3196 deprehendit.
2674 3123 2788 3177 Sed
2818 3128 2960 3178 sunt
2984 3121 3254 3177 nonnulli
3288 3121 3388 3192 qui
3420 3121 3560 3176 dum
3592 3119 3877 3176 aestimari

1086 3219 1531 3279 intercessionis
1553 3217 1745 3272 locum
1770 3229 1876 3286 pro
1898 3190 2117 3285 populo
2158 3190 2201 3255 (ἶ
2228 3190 2483 3280 hebetes
2502 3209 2734 3275 nolunt,
2757 3224 2913 3281 saepe
2936 3225 2998 3263 se
3018 3208 3080 3263 in
3102 3190 3458 3279 quibusdam
3477 3207 3878 3279 inquisitioni-

468 3320 699 3393 arripit,
731 3301 832 3390 qui
863 3314 1217 3373 familiarem
1243 3327 1304 3367 se
1335 3309 1466 3379 ejus
1493 3305 1695 3381 gratim
1718 3319 1845 3359 esse
1862 3316 1969 3393 per
1987 3301 2118 3356 vitae

470 3392 751 3472 meritum
784 3404 1022 3464 nescit?
1052 3404 1144 3459 11
1176 3404 1292 3457 Aut
1320 3398 1392 3454 ab
1424 3413 1492 3453 eo
1523 3394 1820 3467 quomodo
1858 3392 1991 3448 aliis
2020 3406 2119 3446 ve-

467 3503 631 3560 niam
665 3496 948 3572 postulat,
978 3494 1079 3566 qui
1103 3497 1304 3547 utrum
1328 3487 1440 3543 sibi
1461 3484 1541 3540 sit
1561 3484 1828 3572 placatus
1851 3479 2120 3572 ignorat?

469 3592 593 3656 Qua
624 3568 687 3643 in
717 3603 783 3642 re
812 3584 1004 3640 adhuc
1025 3579 1188 3636 aliud
1209 3582 1298 3633 est
1321 3572 1634 3630 sollicitius
1655 3568 2117 3631 formidandum,

466 3695 543 3737 ne
577 3676 679 3747 qui
709 3674 948 3746 placare
978 3683 1151 3741 posse
1185 3666 1335 3721 iram
1369 3660 1650 3723 creditur,
1694 3659 1849 3714 hanc
1887 3657 2013 3729 ipse
2048 3672 2120 3711 ex

470 3767 715 3842 proprio
746 3766 912 3819 reatu
944 3760 1246 3815 mereatur
1294 3752 1458 3827 (Dist.
1501 3752 1592 3842 49‘,
1631 3747 1830 3842 initio,
1861 3752 1910 3801 et
1945 3763 1994 3842 c.

475 3833 682 3913 Cuncti
713 3851 873 3908 enim
900 3846 1126 3919 liquido
1156 3843 1448 3905 novimus,
1481 3838 1624 3911 quia
1651 3852 1787 3892 cum
1817 3836 1867 3890 is
1889 3835 1991 3906 qui
2012 3833 2125 3890 dis-

475 3945 657 4020 plicet
682 3942 758 3999 ad
788 3933 1277 3997 intercedendum
1309 3930 1582 4020 mittitur,
1615 3924 1846 4020 iratiad
1870 3923 2123 4020 deterio-

476 4013 543 4092 ra
570 4034 944 4106 provocatur.
975 4025 1082 4091 Qui
1117 4039 1254 4097 ergo
1286 4019 1480 4078 adhuc
1518 4014 1829 4072 desideriis
1869 4013 2123 4086 terrenis

475 4102 842 4195 astringitur,
875 4118 1078 4172 caveat
1105 4129 1179 4169 ne
1210 4107 1464 4167 districti
1485 4107 1631 4162 iram
1646 4103 1868 4175 judicis
1889 4102 2124 4195 gravius

476 4189 831 4276 accendens,
864 4206 1004 4263 dum
1038 4204 1169 4260 loco
1201 4199 1532 4257 delectatur
1558 4195 1782 4268 glorias,
1809 4192 1913 4249 fiat
1930 4189 2126 4247 subdi-

481 4300 559 4357 tis
588 4303 797 4357 auctor
824 4296 1030 4352 ruina.

1123 4379 1355 4437 CAPUT
1393 4378 1482 4434 XI.

545 4480 613 4553 (e)
642 4477 835 4545 Qualis
862 4474 1097 4546 quisque
1125 4470 1200 4525 ad
1236 4469 1477 4538 regimen
1505 4466 1690 4520 venire
1719 4479 1828 4553 non
1858 4461 2071 4518 debeat.

2228 3301 2338 3357 bus
2358 3300 2490 3372 plus
2513 3316 2693 3370 quam
2709 3315 2954 3354 necesse
2969 3304 3057 3354 est
3069 3304 3434 3362 exercentes,
3448 3314 3515 3353 ex
3535 3297 3721 3353 nimia
3739 3296 3877 3353 sub-

2227 3390 2440 3445 tilitate
2467 3388 2771 3444 falluntur.
2806 3386 2969 3443 Unde
3002 3387 3098 3442 hic
3147 3402 3384 3456 quoque
3433 3385 3744 3441 subditur:
3784 3386 3882 3440 Vel

2227 3478 2433 3549 grandi
2443 3483 2493 3530 et
2507 3483 2651 3530 torto
2676 3490 2825 3529 naso.
2841 3475 3031 3528 Nasus
3060 3474 3216 3528 enim
3242 3473 3481 3545 grandis
3503 3479 3561 3527 et
3582 3479 3771 3530 tortus
3791 3477 3885 3529 est

2229 3565 2612 3623 discretionis
2641 3563 2940 3619 subtilitas
2971 3563 3383 3629 immoderata,
3415 3579 3546 3634 qum
3578 3562 3718 3618 dum
3749 3562 3883 3634 plus

2231 3671 2413 3728 quam
2447 3654 2619 3710 decet
2648 3653 2989 3717 excreverit,
3022 3652 3275 3707 actionis
3309 3668 3429 3707 sum
3460 3652 3885 3708 rectitudinem

2231 3744 2359 3817 ipsa
2371 3742 2704 3799 confundit.
2731 3742 2936 3796 Fracto
2952 3747 3152 3796 autem
3169 3740 3317 3812 pede
3329 3739 3418 3796 vel
3436 3756 3618 3796 manu
3641 3745 3750 3805 est,
3784 3741 3884 3811 qui

2232 3834 2384 3888 viam
2417 3832 2524 3888 Dei
2560 3847 2808 3904 pergere
2831 3830 3076 3886 omnino
3107 3846 3226 3886 non
3254 3829 3429 3895 valet,
3456 3835 3633 3901 atque
3663 3846 3699 3885 a
3717 3829 3889 3885 bonis

2232 3922 2461 3979 actibus
2484 3921 2755 3977 funditur
2776 3936 2981 3976 exsors
3000 3924 3188 3986 vacat,
3210 3924 3506 3990 quatenus
3526 3920 3651 3975 haec
3676 3935 3796 3974 non
3823 3923 3891 3974 ut

2233 4011 2475 4070 claudus
2508 4011 2717 4067 saltem
2750 4028 2885 4066 cum
2916 4010 3262 4066 infirmitate
3296 4014 3514 4077 teneat,
3550 4010 3655 4064 sed
3683 4009 3757 4065 ab
3790 4009 3886 4066 his

2233 4100 2578 4158 omnimodo
2592 4100 2822 4155 alienus
2835 4100 3068 4156 existat.
3086 4099 3306 4155 Gibbus
3319 4116 3454 4155 vero
3469 4103 3749 4169 estquem
3763 4103 3886 4153 ter-

2232 4208 2393 4248 renae
2412 4188 2832 4246 sollicitudinis
2846 4188 3080 4260 pondus
3101 4188 3452 4259 deprimit,1
3466 4187 3513 4242 2
3528 4201 3603 4241 ne
3616 4200 3881 4256 unquam

2233 4280 2308 4337 ad
2338 4295 2597 4351 superna
2626 4277 2929 4349 respiciat,
2973 4276 3077 4333 sed
3110 4276 3253 4332 solis
3283 4276 3376 4331 his
3407 4293 3537 4347 quas
3570 4276 3633 4330 in
3666 4274 3890 4330 inﬁmis

2234 4369 2537 4426 calcantur
2554 4366 2961 4432 intendat.Qui
2987 4372 3045 4421 et
3064 4366 3112 4420 si
3134 4365 3374 4437 quando
3389 4363 3615 4435 aliquid
3638 4380 3710 4420 ex
3734 4362 3890 4418 bono

2234 4458 2440 4532 patria)
2472 4455 2728 4512 caelestis
2745 4454 3024 4520 audierit,
3049 4453 3125 4508 ad
3157 4454 3271 4509 hoc
3296 4453 3579 4509 nimirum
3600 4467 3891 4523 perversos

557 4538 812 4627 Sblbrter
832 4538 969 4635 ergo
993 4538 1055 4617 se
1077 4559 1330 4631 quisque
1355 4555 1636 4611 metiatur
1655 4569 1729 4608 ne
1751 4552 1950 4607 locum
1971 4549 2119 4623 regi-
2154 4551 2200 4617 D
2232 4545 2679 4606 consuetudinis
2708 4542 2971 4616 pondere
3004 4548 3430 4615 praegravatus,
3464 4540 3658 4597 cordis
3679 4538 3892 4595 faciem

483 4658 664 4716 minis
693 4666 995 4712 assumere
1027 4647 1262 4711 audeat,
1286 4645 1335 4700 si
1355 4644 1552 4700 adhuc
1571 4643 1633 4698 in
1654 4657 1715 4697 se
1737 4640 1941 4696 vitium
1964 4638 2128 4694 dam-

483 4746 762 4807 nabiliter
778 4745 1004 4816 regnat,
1035 4754 1111 4794 ne
1141 4736 1191 4791 is
1216 4750 1396 4807 quem
1426 4732 1653 4789 crimen
1682 4729 1962 4801 depravat
1988 4744 2125 4800 pro-

485 4837 703 4912 prium,
734 4833 1095 4890 intercessor
1113 4825 1242 4882 fieri
1264 4826 1504 4912 appetat
1512 4837 1619 4912 pro
1641 4818 1828 4912 culpis
1844 4817 2126 4912 aliorum.

482 4906 553 4997 if)
569 4925 716 4980 Hinc
728 4920 948 4977 etenim
962 4931 1221 4989 superna
1230 4928 1369 4968 voce
1382 4910 1457 4966 ad
1478 4911 1715 4980 Moysen
1745 4906 1960 4997 dicitur
1982 4921 1995 4960 :
2020 4908 2130 4997 Lo-f

489 4995 655 5088 quere
674 5009 750 5066 ad
767 5010 960 5064 Aaron
984 5022 1003 5061 :
1023 5007 1195 5061 Homo
1216 5002 1283 5057 de
1300 5003 1502 5057 semine
1524 5004 1617 5053 tuo
1638 5012 1746 5067 per
1762 4995 2009 5065 familias
2036 4996 2133 5066 qui

565 5157 644 5230 (α)
675 5153 1008 5230 ῌειιιιεινυῃῑ
1034 5145 1547 5230 Editoressaltem
1576 5140 1958 5205 recentiores,
2000 5154 2134 5195 con-

494 5217 812 5289 tuindciam,
845 5228 1054 5278 contra
1084 5221 1215 5274 Mss.
1250 5217 1451 5273 fidem.

566 5283 642 5367 (bl)
671 5283 923 5361 Gemet.,
953 5289 1285 5349 faventibus
1318 5290 1444 5360 Lyr.
1480 5292 1539 5343 et
1564 5283 1715 5342 Aud.
1741 5284 1794 5350 2,
1827 5283 2013 5339 aliena
2041 5297 2136 5338 ca-

487 5372 718 5446 Piend‘}:

2240 4655 2361 4695 non
2383 4632 3159 4706 attullit,quiacogitationis
3170 4636 3390 4687 statum
3405 4631 3631 4703 erigere
3652 4644 3773 4683 non
3794 4643 3892 4682 va-

2236 4729 2339 4793 let,
2364 4743 2542 4800 quem
2564 4730 2818 4780 terrense
2838 4738 2985 4778 usus
3006 4720 3431 4778 sollicitudinis
3452 4734 3693 4775 curvum
3708 4721 3890 4772 tenet.

2237 4821 2321 4874 Ex
2342 4817 2555 4872 horum
2575 4815 2795 4886 quippe
2819 4811 3015 4884 specie
3037 4809 3352 4866 Psalmista
3373 4809 3544 4865 dicit:
3572 4809 3893 4883 lncurcatus

2235 4925 2355 4964 sum
2383 4906 2502 4978 (i)et
2529 4901 2856 4960 humiliatus
2883 4917 3002 4958 sum
3030 4915 3418 4971 usquequaque
3441 4898 3614 4969 (Psal.
3640 4912 3883 4963 xxxviii,

2242 5001 2296 5064 8,
2319 5013 2424 5055 scc.
2461 4994 2639 5066 LXX).
2672 4994 2934 5060 Quorum
2964 4990 3198 5062 culpam
3220 5004 3457 5061 quoque
3479 5004 3586 5061 per
3613 4986 3897 5058 semetip-

2244 5139 2571 5215 είΡ-μη.

2319 5200 2388 5282 tr)
2419 5207 2508 5282 Ad
2556 5206 2684 5282 bmc
2729 5202 3270 5282 verbajncboatur
3312 5207 3515 5282 caput“
3541 5204 3599 5255 11
3646 5200 3709 5282 in
3759 5198 3895 5254 Mss.

2247 5273 2418 5339 Corb.
2451 5278 2654 5343 duob.,
2689 5276 2872 5347 prior.
2904 5276 3140 5330 Carnot.
3168 5280 3229 5328 et
3259 5273 3445 5329 tribus
3477 5273 3703 5347 Gemet.

2322 5352 2402 5425 (g)
2432 5349 2581 5406 And.
2616 5338 3002 5432 primus,_quo
3037 5348 3378 5416 ingressus...
3417 5359 3645 5416 ponere.
3694 5338 3898 5408 Laud,

567 5423 756 5515 lci-Sic
787 5438 1166 5509 Mss.,magno
1189 5446 1505 5492 consensu.
1529 5429 1801 5496 Editi,cui
1812 5423 2143 5499 prophetica
2251 5423 2369 5515 quia.
2386 5423 2633 5515 pii-essum
2650 5423 2929 5515 ξυμφομὲ

493 5532 622 5572 voce
641 5518 784 5583 jam.

573 5566 790 5658 illic
820 5580 1232 5658 in_cipit_cap_ut
1264 5573 1648 5630 undecimum
1804 5570 1959 5644 plur.
2011 5566 2144 5623 Edi-

503 5644 598 5716 tis‘.
634 5644 1006 5714 Dissentiunt
1032 5644 1275 5705 Codices
1304 5658 1489 5702 manu
1517 5644 1760 5701 exarati.

577 5712 648 5805 (e)
669 5728 790 5786 Hoc
809 5712 984 5797 caput
1004 5721 1262 5796 pertinet
1282 5718 1476 5776 adhuc
1495 5716 1569 5773 ad
1582 5716 1901 5789 septimum
1920 5713 1985 5772 in
2007 5712 2149 5772 Lon-

2324 5481 2417 5565 (Ιιῖ
2436 5491 2610 5558 Editi,
2642 5481 2773 5546 dun?
2812 5493 2970 5561 ﬂuxa
3015 5487 3422 5558 consuetudine,
3476 5481 3903 5542 reluctantibus

2254 5565 2567 5624 universis.

2326 5640 2393 5712 (ἰ)
2432 5637 2613 5693 Abest
2633 5649 2668 5691 a
2695 5632 2894 5703 Corb.,
2926 5639 2979 5691 et
3010 5633 3340 5689 humiliatus
3368 5642 3509 5685 sum.
