4136 6178
325 329 392 386 25
984 312 1324 377 REGULJE
1366 311 1857 374 PASTORALIS
1899 313 2173 375 LIBER.
2221 347 2296 360 —
2339 316 2540 376 PARS
2584 314 2973 378 SECUNDA.
3605 318 3683 379 26

335 473 453 514 sam
481 454 675 510 Veritas
715 449 1064 523 reprobans,
1092 450 1210 506 ait:
1246 447 1436 503 Semen
1469 453 1657 502 autem
1687 446 1834 517 quod
1873 449 1930 502 in
1962 457 2011 522 Α
2047 463 2179 502 cum
2212 448 2477 503 dicebat:
2507 449 2758 505 Tentatio
2779 467 2871 506 vos
2891 467 3002 505 non
3024 451 3422 522 apprehendat,
3446 454 3557 508 nisi
3579 452 3685 509 hu-

341 546 501 617 spiuis
523 542 714 604 cecidit,
743 543 800 594 lii
820 547 948 594 sunt
978 539 1077 610 qui
1105 538 1406 594 audierunt
1434 538 1680 602 verbum,
1703 543 1755 590 et
1777 537 1928 592 τιεοί-

353 630 680 688 litimdmilius
699 636 748 683 et
765 631 980 682 divitiis
1003 635 1054 681 et
1080 629 1448 697 voluptatibus
1474 627 1600 679 vita
1618 632 1802 678 euntes
1820 625 1933 678 sol-

349 727 568 792 focantur,
599 726 646 772 et
673 735 783 771 non
805 721 1054 786 referunt
1083 720 1321 786 frurtum
1346 716 1500 787 (Luc.
1527 731 1642 781 vin,
1671 717 1772 783 14).
1801 713 1857 767 Li
1867 731 1931 784 p-

345 829 430 885 pus
447 827 554 863 rero
573 816 679 874 est,
696 809 863 878 cujus
877 808 1109 878 quidem
1124 807 1426 878 ingenium
1449 804 1933 875 adeognitionem

338 900 550 954 veritatis
576 897 808 958 emicat,
836 897 939 951 sed
961 904 1156 951 tamen
1189 895 1300 950 hoc
1331 894 1591 949 carnalia
1623 909 1800 964 opera
1830 892 1928 946 ob-

329 995 549 1044 scurant.
575 989 636 1041 ln
671 987 848 1059 lippis
871 991 1087 1057 quippe
1119 984 1304 1039 oculis
1336 982 1570 1054 pupillzr
1594 999 1751 1036 same
1773 987 1931 1047 sunt,

323 1080 408 1133 sed
424 1079 648 1133 humore
664 1077 964 1131 detluente
983 1079 1056 1146 (a)
1072 1075 1386 1128 inﬁrmata:
1402 1073 1492 1144 pal
1505 1073 1697 1144 pebrm
1710 1087 1931 1142 grosse-

323 1176 501 1231 scunt;
530 1184 804 1238 quorum,
836 1166 978 1238 quia
1008 1166 1304 1220 infusione
1337 1164 1544 1219 crebro
1575 1168 1930 1230 atteruntur,

311 1259 468 1314 etiam
492 1257 643 1311 acies
662 1256 905 1328 pupilla)
935 1256 1192 1310 vitiatur.
1225 1256 1295 1308 Et
1324 1260 1464 1308 sunt
1493 1250 1764 1306 nonnulli
1783 1268 1930 1321 quo-

315 1363 425 1401 rum
453 1361 684 1400 sensum
718 1344 979 1401 carnalis
1001 1345 1131 1399 vita:
1164 1343 1426 1414 operatio
1452 1343 1698 1405 sauciat,
1732 1339 1832 1410 qui
1850 1340 1932 1393 vi-

311 1433 430 1490 dere
445 1440 592 1488 recta
614 1432 1355 1506 subtiliterperingenium
1377 1434 1671 1502 poterant,
1696 1428 1800 1482 sed
1817 1444 1928 1483 usu

310 1539 587 1594 pravorum
610 1528 854 1578 actuum
877 1521 1149 1594 caligant.
1173 1521 1392 1592 Lippus
1414 1520 1737 1590 itaqueest,
1758 1518 1928 1588 cujus

311 1628 516 1667 sensum
540 1618 756 1666 natura
781 1611 1044 1676 exacuit;
1066 1610 1166 1665 sed
1185 1607 1651 1665 conversationis
1674 1607 1928 1678 pravitas

310 1700 600 1755 confundit.
636 1701 743 1754 Cui
776 1700 928 1755 bene
957 1716 1064 1770 per
1091 1699 1368 1772 angelum
1400 1697 1654 1752 dicitur:
1689 1695 1928 1765 Collyrio

307 1789 483 1860 inunge
505 1791 690 1846 oculos
723 1797 846 1844 tuos
875 1796 936 1844 ut
972 1791 1154 1845 videas
1184 1791 1372 1859 (Apoc.
1419 1803 1498 1852 ιιι,
1535 1785 1641 1856 18).
1676 1784 1926 1856 Collyrio

310 1880 491 1950 quippe
525 1879 732 1936 oculos
765 1885 832 1935 ut
854 1879 1148 1934 videamus
1180 1877 1542 1949 inungimus,
1577 1890 1711 1928 cum
1735 1873 1806 1928 ad
1827 1890 1923 1928 co-

304 1969 666 2038 gnoscendam
682 1970 806 2024 veri
828 1969 1075 2024 luminis
1095 1967 1421 2023 claritatem
1440 1965 1780 2020 intellectus
1798 1981 1929 2018 nos—

303 2059 360 2112 tri
372 2060 542 2113 aciem
562 2057 970 2113 medicamine
985 2057 1154 2112 bona:
1175 2055 1540 2128 operationis
1557 2053 1925 2124 adjuvamus.

302 2146 621 2218 Albuginem
643 2164 786 2202 vero
811 2147 989 2202 habet
1007 2147 1068 2201 in
1091 2145 1284 2209 oculo,
1317 2144 1417 2216 qui
1450 2142 1709 2198 veritatis
1733 2141 1926 2196 lucem

299 2236 470 2292 videre
499 2254 616 2293 non
650 2237 898 2301 sinitur,
932 2237 1071 2308 quia
1103 2233 1438 2308 arrogantia
1472 2231 1783 2304 sapientia)
1823 2247 1928 2285 seu

295 2325 514 2395 justitize
538 2333 822 2382 occatur.
849 2326 1084 2397 Pupilla
1103 2340 1361 2395 namque
1381 2322 1533 2378 oculi
1557 2322 1727 2393 nigra
1746 2320 1924 2386 videt,

298 2415 606 2488 albuginem
632 2415 903 2472 tolerans
924 2415 1009 2471 nil
1041 2414 1218 2483 videt,
1241 2414 1383 2484 quia
1410 2411 1686 2467 videlicet
1715 2426 1926 2465 sensus

299 2505 543 2561 humanae
567 2506 952 2580 cogitationis
985 2506 1032 2560 si
1065 2503 1308 2560 stultum
1338 2519 1400 2558 se
1432 2507 1924 2573 peccatoremque

295 2593 565 2668 intelligit,
591 2595 1002 2668 cognitionem
1026 2593 1252 2648 intime:
1283 2591 1570 2647 claritatis
1592 2587 1923 2661 apprehen-

296 2683 384 2739 dit.
408 2686 458 2739 Si
488 2693 688 2743 autem
723 2686 1045 2742 candorem
1069 2683 1181 2739 sibi
1200 2682 1449 2755 justitim
1481 2697 1587 2736 seu
1617 2677 1923 2751 sapientia)

293 2771 493 2838 tribuit,
515 2789 547 2828 a
562 2774 700 2829 luce
720 2790 786 2830 se
804 2790 1074 2845 supernae
1091 2773 1167 2842 (b)
1183 2769 1539 2843 cognitionis
1561 2766 1850 2834 excludit;
1867 2770 1924 2821 et

289 2876 344 2914 eo
362 2861 682 2921 claritatem
699 2864 824 2918 veri
839 2862 1085 2918 luminis
1097 2876 1476 2933 nequaquam
1495 2861 1788 2932 penetrat,
1803 2871 1921 2928 quo

288 2966 338 3004 se
355 2953 496 3024 apud
513 2970 573 3009 se
595 2971 709 3026 per
728 2953 1128 3026 arrogantiam
1148 2950 1394 3018 exultat;
1417 2949 1572 3005 sicut
1588 2948 1659 3003 de
1677 2946 1920 3018 quibus-

290 3038 399 3094 dam
420 3042 636 3098 dicitur
661 3060 674 3097 :
701 3045 951 3098 Dicente:
973 3043 1116 3096 enim
1140 3058 1194 3097 se
1212 3055 1321 3096 esse
1335 3034 1789 3110 sapientes,stulti
1803 3033 1922 3108 fac-

300 3127 336 3182 ti
352 3137 462 3184 sunt
485 3131 665 3201 (Rom.
701 3148 747 3198 ι,
779 3131 893 3203 22).
915 3133 1119 3204 Jugem
1151 3145 1286 3186 vero
1316 3127 1496 3184 habet
1523 3122 1919 3190 scabiem,cui

2041 554 2206 591 mana
2235 542 2281 607 (l
2313 540 2436 595 Cor.
2460 559 2510 593 x.
2543 543 2628 610 13)
2651 559 2663 607 ;
2683 559 2749 596 ac
2772 543 2820 596 si
2848 549 3046 614 aperte
3071 544 3291 598 diceret
3316 561 3327 597 :
3351 544 3682 600 Humanum

2043 627 2283 696 quidem
2304 635 2393 682 est
2415 631 2802 685 tentationem
2829 631 2887 684 in
2912 633 3086 686 corde
3107 633 3688 704 perpeti,da2monia-

2042 733 2175 771 cum
2203 733 2336 770 vero
2352 725 2439 771 est
2461 719 2518 772 in
2537 720 2881 775 tentationis
2903 722 3223 775 certamine
3244 729 3299 777 et
3322 722 3379 776 in
3401 723 3688 793 operatio-

2042 823 2116 861 ne
2138 809 2422 878 snperari.
2446 809 2852 881 lmpetigiuem
2877 828 3108 881 quoque
3134 813 3310 866 habet
3333 813 3392 867 in
3415 831 3684 884 corpore,

2044 897 2312 967 quisquis
2334 899 2579 952 avaritia
2598 901 2924 953 vastaturiu
2943 907 3139 954 mente
3161 917 3172 955 :
3191 919 3321 970 quae
3339 902 3385 956 si
3414 903 3472 956 in
3494 903 3687 973 parvis

2043 1003 2162 1040 non
2190 989 2604 1058 compescitur,
2631 989 2912 1042 nimirum
2938 990 3064 1043 sine
3086 1007 3364 1044 mensura
3385 992 3683 1047 dilatatur.

2043 1076 2326 1147 Impetigo
2349 1077 2568 1147 quippe
2594 1078 2723 1131 sine
2741 1077 2943 1132 dolore
2968 1095 3180 1148 corpus
3201 1087 3470 1151 occupat,
3496 1086 3553 1134 et
3570 1081 3691 1135 abs-

2043 1180 2158 1232 que
2191 1165 2460 1236 oceupati
2497 1166 2669 1219 tmdio
2703 1181 3051 1220 excrescens
3083 1168 3485 1222 membrorum
3515 1169 3692 1222 deco-

2041 1268 2168 1306 rem
2187 1253 2385 1321 fmdat,
2410 1254 2550 1324 quia
2568 1259 2626 1308 et
2641 1255 2884 1309 avaritia
2902 1255 3053 1326 capti
3075 1255 3338 1309 animum
3359 1256 3498 1311 dum
3519 1257 3688 1328 quasi

2041 1339 2313 1410 delectat,
2339 1344 2665 1409 exulcerat;
2693 1343 2833 1398 dum
2855 1344 3242 1416 adipiscenda
3258 1361 3508 1415 quaeque
3531 1346 3685 1413 cogi-

2039 1430 2248 1486 tationi
2281 1431 2506 1502 objicit,
2530 1433 2602 1487 ad
2636 1433 2980 1488 inimicitias
3000 1433 3292 1499 accendit,
3327 1440 3384 1488 et
3417 1433 3682 1489 dolorem

2039 1519 2101 1574 in
2131 1519 2371 1575 vulnere
2393 1537 2511 1576 non
2533 1522 2693 1590 facit,
2719 1523 2858 1592 quia
2884 1523 3152 1577 aestuanti
3183 1522 3382 1576 animo
3414 1539 3482 1577 ex
3513 1522 3684 1593 culpa

2037 1607 2466 1664 abundantiam
2491 1611 2588 1664 18
2612 1611 2925 1682 promittit.
2947 1611 3058 1667 Sed
3081 1611 3259 1666 decor
3277 1611 3677 1666 membrorum

2037 1697 2292 1768 peditur,
2329 1699 2471 1768 quia
2499 1699 2745 1755 aliarum
2800 1717 3036 1770 quoque
3082 1700 3365 1755 virtutum
3397 1717 3502 1772 per
3534 1700 3683 1756 hanc

2039 1787 2415 1858 pulchritudo
2445 1790 2836 1860 depravatur;
2871 1795 2928 1844 et
2949 1789 3116 1860 quasi
3141 1795 3327 1844 totum
3369 1807 3582 1860 corpus
3613 1789 3684 1861 (ο)

2040 1884 2366 1948 exasperat,
2391 1878 2528 1948 quia
2547 1895 2651 1948 per
2665 1878 2938 1934 universa
2957 1880 3004 1932 vi
3019 1880 3096 1934 tia
3112 1879 3377 1934 animum
3402 1879 3685 1950 supplan-

2040 1969 2143 2032 tat,
2175 1967 2358 2021 Paulo
2381 1972 2698 2022 attestante
2731 1968 2830 2039 qui
2863 1969 2980 2023 ait:
3018 1970 3200 2024 Radix
3229 1970 3472 2022 omnium
3508 1969 3682 2023 malo-

2037 2071 2157 2109 rum
2181 2062 2256 2109 est
2278 2055 2557 2126 cupiditas
2575 2058 2619 2128 (1
2644 2059 2777 2112 Tim.
2799 2075 2870 2126 vr,
2899 2060 3006 2127 10).
3028 2058 3402 2112 Ponderosus
3420 2073 3551 2111 vero
3572 2063 3685 2126 est,

2039 2144 2139 2214 qui
2171 2145 2598 2214 turpitudinem
2631 2163 2750 2201 non
2775 2153 3006 2202 exercet
3035 2164 3234 2218 opere,
3259 2147 3362 2201 sed
3391 2153 3588 2202 tamen
3611 2147 3684 2202 ab

2036 2234 2147 2288 hac
2169 2235 2524 2305 cogitatione
2547 2237 2829 2292 continua
2843 2238 2973 2292 sine
2992 2237 3395 2291 moderamine
3411 2243 3684 2307 gravatur

2037 2323 2099 2377 in
2129 2329 2327 2378 mente
2354 2341 2367 2391 ;
2399 2325 2501 2394 qui
2527 2341 2903 2396 nequaquam
2935 2326 3174 2395 quidem
3209 2341 3394 2395 usque
3429 2325 3502 2379 ad
3535 2341 3684 2396 opus

2038 2412 2332 2467 nefarium
2348 2414 2658 2485 rapiditur,
2676 2415 2778 2470 sed
2801 2417 2929 2485 ejus
2945 2415 3179 2469 animus
3194 2413 3489 2485 voluptate
3511 2413 3680 2469 luxu-

2036 2501 2138 2555 riae
2171 2501 2299 2557 sine
2331 2503 2450 2558 ullo
2484 2504 2563 2575 (ά)
2597 2503 3043 2577 repugnationis
3063 2503 3302 2559 stimulo
3334 2503 3679 2559 delectatur.

2035 2590 2253 2646 Vitium
2268 2593 2485 2664 quippe
2499 2599 2586 2648 est
2600 2594 2901 2666 ponderis,
2923 2609 3056 2650 cum
3071 2595 3283 2648 humor
3294 2594 3581 2649 viscerum
3605 2593 3678 2648 ad

2034 2680 2228 2735 virilia
2247 2681 2483 2753 labitur,
2499 2701 2632 2753 quas
2646 2684 2909 2754 profecto
2924 2700 3058 2738 cum
3088 2683 3356 2738 molestia
3369 2682 3678 2737 dedecoris

2035 2769 2460 2828 intumescunt.
2484 2773 2859 2829 Ponderosus
2881 2789 3018 2845 ergo
3042 2779 3152 2837 est,
3177 2773 3278 2843 qui
3298 2773 3436 2827 totis
3458 2772 3677 2843 cogita-

2034 2858 2296 2914 tionibus
2319 2863 2358 2914 l
2373 2865 2420 2916 4
2437 2861 2511 2916 ad
2534 2862 2832 2917 lasciviam
2852 2861 3142 2929 detluens,
3166 2860 3396 2932 pondus
3423 2860 3644 2932 turpitu
3659 2890 3676 2902 -

2034 2947 2190 3004 dinis
2211 2956 2399 3022 gestat
2419 2951 2568 3023 (e)in
2583 2951 2761 3008 corde
2781 2970 2795 3020 ;
2816 2951 3152 3023 etquamvis
3165 2967 3343 3022 prava
3371 2967 3489 3004 non
3513 2967 3676 3004 exer-

2033 3045 2163 3096 ceat
2192 3057 2389 3114 opere,
2415 3043 2486 3097 ab
2519 3043 2611 3099 his
2645 3049 2841 3099 tamen
2863 3060 2983 3098 non
3015 3043 3287 3098 evellitur
3316 3047 3535 3097 mente.
3561 3042 3676 3096 Nec

2033 3129 2106 3184 ad
2130 3146 2301 3185 usum
2326 3131 2464 3186 boni
2489 3134 2684 3204 operis
2708 3134 2769 3187 in
2791 3138 2994 3204 aperto
3018 3133 3511 3204 valetassurgere,
3536 3130 3677 3200 quia

296 3221 462 3275 carnis
479 3221 820 3292 petulantia
836 3221 964 3276 sine
977 3220 1306 3276 cessatione
1329 3217 1688 3273 dominatur.
1712 3217 1776 3269 In
1793 3228 1919 3267 sca-
1960 3187 2003 3253 (δ
2033 3224 2230 3288 gravat
2260 3218 2419 3273 hunc
2445 3219 2505 3273 in
2527 3220 2744 3274 abditis
2766 3220 2999 3290 pondus
3023 3225 3212 3290 turpe.
3239 3219 3516 3288 Quisquis
3540 3233 3674 3288 ergo

302 3306 378 3361 hic
404 3311 615 3366 etenim
649 3313 850 3366 fervor
865 3311 1155 3366 viscerum
1187 3309 1260 3364 ad
1291 3313 1487 3364 cutem
1519 3305 1789 3366 trahitur,
1814 3317 1922 3374 per

301 3415 449 3470 quam
467 3407 625 3457 recte
644 3400 888 3456 luxuria
904 3400 1269 3471 designatur,
1293 3397 1431 3469 quia
1448 3397 1497 3451 si
1521 3395 1715 3451 cordis
1738 3397 1921 3448 tenta-

293 3488 362 3542 tio
388 3505 566 3562 usque
589 3489 668 3545 ad
695 3489 1108 3562 operationem
1139 3487 1398 3560 prosilit,
1430 3484 1718 3540 nimirum
1741 3483 1934 3538 fervor

294 3576 514 3634 intimus
536 3595 738 3652 usque
760 3579 835 3634 ad
855 3579 1010 3634 cutis
1031 3577 1291 3634 scabiem
1314 3573 1645 3648 prorumpit
1669 3591 1682 3639 ;
1707 3578 1766 3627 et
1785 3571 1929 3630 foris

292 3665 395 3736 jam
419 3684 632 3740 corpus
656 3669 908 3734 sauciat,
932 3667 1075 3739 quia
1100 3666 1240 3723 dum
1264 3667 1324 3721 in
1349 3665 1706 3737 cogitatione
1729 3662 1932 3732 volup-

299 3757 373 3808 tas
385 3771 494 3810 non
510 3755 889 3828 reprimitur,
905 3755 1082 3810 etiam
1098 3755 1157 3809 in
1170 3753 1403 3810 actione
1419 3751 1930 3816 dominatur.Qua-

300 3843 499 3899 sienim
517 3846 674 3900 cutis
692 3845 1062 3917 pruriginem
1081 3841 1296 3899 Paulus
1313 3841 1559 3898 curabat
1570 3840 1928 3912 abstergere,

355 3989 424 4057 (a)
455 3989 556 4044 Hic
587 3989 651 4043 in
685 3989 821 4043 Mss.
849 3988 1000 4043 mira
1018 3987 1291 4042 varietas.
1314 3988 1377 4041 In
1402 3985 1604 4049 Laud.,
1630 3983 1931 4056 inﬁrmita-

296 4063 362 4132 tes
382 4061 682 4132 palpebra.
711 4061 774 4114 ln
806 4059 985 4132 duob.
1008 4076 1096 4131 pr.
1123 4059 1373 4126 Gemet.,
1391 4057 1706 4132 inﬁrmanti
1723 4057 1928 4132 palpe—

293 4128 396 4183 bra.
428 4128 492 4186 lii
521 4133 726 4196 Corb.,
763 4128 1264 4199 Bellov.,'Carnot.
1295 4133 1350 4188 2.
1373 4128 1549 4184 duob.
1573 4128 1816 4194 Theod.,
1842 4132 1929 4184 in-

288 4203 554 4268 ﬁrmant“
576 4203 889 4275 palpebrae.
914 4203 981 4258 In
1011 4203 1194 4274 priori
1215 4202 1387 4256 Carn.
1415 4207 1472 4256 et
1502 4200 1651 4256 Aud.
1687 4205 1736 4256 1.
1771 4202 1930 4272 infir-

290 4281 491 4347 mantia
517 4275 818 4347 palpebra.

353 4346 420 4414 (b)
452 4346 921 4414 Gemeticenses,
954 4346 1322 4416 cogitationis.

352 4421 415 4484 (ο)
447 4419 628 4474 Laud.
641 4463 656 4487 ,
687 4421 987 4475 exulcerat.

2033 3305 2300 3376 quolibet
2342 3307 2554 3361 horum
2587 3307 2726 3361 vitio
2760 3312 2828 3377 (τ’)
2862 3308 3174 3378 subigitur.
3208 3323 3392 3377 panes
3427 3305 3675 3359 Domino

2041 3396 2255 3450 oﬂ‘erre
2286 3396 2653 3468 prohibetur,
2677 3412 2750 3451 ne
2772 3396 3035 3468 profecto
3059 3394 3285 3449 diluere
3315 3393 3511 3448 aliena
3531 3392 3680 3447 deli-

2041 3489 2134 3540 cta
2156 3501 2276 3540 non
2300 3486 2489 3541 valeat
2510 3485 2559 3540 is
2581 3503 2758 3557 quem
2781 3485 2973 3540 adhuc
2995 3483 3235 3557 propria
3253 3484 3331 3553 (g)
3355 3482 3679 3536 devastant.

2040 3575 2188 3640 Quia
2215 3575 2392 3646 igitur
2412 3575 2614 3647 paucis
2633 3575 2706 3629 ad
2729 3573 3018 3647 pastorale
3042 3572 3444 3644 magisterium
3470 3570 3682 3642 dignus

2041 3663 2297 3734 qualiter
2328 3664 2546 3730 veniat,
2579 3669 2757 3734 atque
2785 3663 2895 3718 hoc
2923 3663 3199 3734 indignus
3221 3659 3475 3731 qualiter
3503 3658 3684 3731 perti-

2041 3757 2266 3807 mescat
2297 3753 2690 3821 ostendimus,
2707 3769 2867 3808 nunc
2890 3752 2940 3806 is
2963 3752 3061 3822 qui
3081 3751 3156 3806 ad
3177 3749 3327 3804 illud
3353 3749 3527 3820 digne
3548 3765 3682 3819 per-

2039 3843 2287 3912 venerit,
2306 3844 2367 3898 in
2391 3860 2458 3898 eo
2473 3843 2729 3915 qualiter
2747 3843 2938 3898 vivere
2952 3842 3164 3898 debeat
3183 3841 3682 3896 demonstremus.

2111 3987 2170 4056 (d
2199 3985 2373 4043 Editi.
2407 3986 2827 4056 repugnationis
2871 3983 3182 4047 obstaculo;
3215 3981 3372 4053 quod
3404 3980 3463 4033 in
3503 3979 3687 4035 nullis

2041 4074 2072 4114 e
2104 4058 2325 4113 nostris
2357 4059 2490 4112 Mss.
2521 4057 2756 4128 legitur.
2795 4109 2797 4112 ι

2113 4129 2182 4200 (e)
2214 4131 2450 4184 Carnot.
2486 4123 2712 4202 primus
2743 4132 2804 4184 et
2831 4126 3124 4202 secundus
3153 4124 3337 4202 Aud._._
3351 4123 3411 4177 in
3442 4138 3683 4202 corpore.

2209 4203 2448 4285 tiarnot.
2485 4194 2732 4272 primus.
2786 4199 3168 4269 subjungitur.
3218 4196 3437 4250 Bellov.
3471 4200 3530 4250 et
3558 4194 3683 4264 alii,

2037 4274 2336 4342 subigitur.

2109 4349 2186 4415 (g)
2218 4344 2322 4400 Hic
2352 4341 2676 4398 absolvitur
2705 4345 2880 4414 caput
2921 4341 2981 4395 in
3013 4340 3253 4412 Longip.

312 4509 3672 4540 Μ

1321 4611 2088 4719 SBGUNDA
2173 4610 2652 4714 ιιΑιιε.

1516 4759 1616 4820 DE
1657 4756 1753 4838 (a)
1803 4759 1993 4818 VITA
2037 4757 2442 4819 PASTORIS.

657 4951 891 5011 CAPUT
929 4954 1204 5011 PRIMUM
1244 4953 1360 5027 [Αι.
1391 4953 1538 5024 XII].

291 5043 338 5096 Is
363 5043 462 5112 qui
492 5045 570 5099 ad
602 5047 840 5112 regimen
871 5046 1128 5100 ordinate
1159 5044 1494 5116 pervenerit.
1527 5043 1747 5116 qualem
1787 5059 1842 5099 se
1872 5040 1933 5098 in

643 5119 756 5188 ipso
786 5120 1053 5188 regimine
1080 5118 1273 5173 debeat
1298 5117 1576 5172 exhibere.

355 5216 604 5272 Tantum
638 5217 812 5274 debet
834 5220 1128 5276 actionem
1152 5219 1357 5292 populi
1381 5219 1534 5273 actio
1557 5217 1933 5273 transcende-

293 5318 348 5357 re
396 5303 688 5376 przesulis,
737 5315 1026 5380 quantum
1076 5308 1296 5366 distare
1346 5307 1500 5364 solet
1529 5324 1563 5363 a
1591 5323 1764 5382 grege
1813 5306 1932 5365 vita

356 5443 432 5512 (a)
461 5445 697 5528 "Titulus
726 5448 822 5504 hic
852 5451 921 5528 in_
943 5452 1210 5528 antiquis
1240 5452 1372 5528 Mss.
1408 5451 1788 5528 nonlegitur,
1811 5451 1926 5507 nisi

292 5520 601 5592 recentiori
635 5535 813 5576 manu
852 5520 1146 5592 addictus,
1180 5530 1246 5580 ut
1276 5525 1506 5579 videtur
1537 5524 1595 5577 in
1615 5520 1668 5577 ’2
1699 5524 1923 5579 Gemet.

295 5586 584 5672 Qpntinua
605 5605 736 5672 ergo
754 5594 905 5650 serie
925 5595 985 5650 in
1013 5586 1200 5651 manu
1229 5596 1484 5672 exaratis
1501 5595 1774 5672 sequitur
1794 5612 1920 5668 cap.

304 5661 378 5712 l2.
414 5661 478 5716 ln
512 5659 746 5738 Longip.
781 5672 868 5723 est
897 5673 1132 5726 tantum
1163 5683 1290 5742 cap.
1324 5670 1374 5724 9.
1409 5659 1692 5726 Divisioni
1725 5659 1924 5727 tamén

1964 4947 2007 5011 D
2035 4946 2308 5018 pastoris.
2343 4947 2586 5018 Oportet
2630 4959 2892 5016 namque
2921 4948 2987 5000 ut
3018 4941 3216 4998 metiri
3265 4939 3519 4996 sollicite
3551 4945 3680 4998 stu-

2044 5036 2182 5091 deat
2201 5042 2424 5107 quanta
2446 5035 2716 5092 tenendm
2740 5032 3116 5089 rectitudinis
3138 5031 3492 5086 necessitate
3515 5046 3685 5085 cons-

2045 5125 2342 5195 tringitur,
2378 5125 2485 5181 sub
2513 5127 2684 5195 cujus
2715 5122 3108 5178 mstimatione
3142 5120 3395 5192 populus
3425 5135 3565 5191 grex
3597 5135 3688 5174 vo-

2042 5221 2230 5270 catur.
2267 5215 2351 5270 Sit
2381 5230 2517 5286 ergo
2575 5227 2820 5268 necesse
2851 5217 2940 5266 est
2987 5211 3344 5284 cogitatione
3405 5207 3684 5274 mundus,

2041 5304 2270 5361 actione
2318 5302 2674 5377 praecipuus,
2709 5301 3002 5358 discretus
3032 5301 3093 5358 in
3140 5299 3403 5366 silentio,
3434 5296 3594 5353 utilis
3626 5297 3686 5351 in

2039 5467 2072 5505 a
2104 5453 2306 5505 sancto
2333 5448 2580 5502 Doctore
2630 5446 3149 5518 propositm,4cum
3203 5441 3514 5518 conveniat
3557 5440 3690 5518 haec

2037 5520 2368 5593 inscriptio,
2401 5524 2472 5593 ut_
2497 5511 2656 5593 patet
2688 5511 2760 5572 ex
2799 5514 3205 5593 superioribus
3253 5513 3441 5593 verbis
3473 5511 3689 5582 quibus

2036 5610 2162 5667 cap.
2197 5585 2252 5649 11
2314 5585 2655 5658 absolvitur,
2689 5604 2820 5645 eam
2847 5585 3218 5644 retinendam
3248 5585 3542 5642 duximus.
