4136 6178
309 323 388 387 33
1047 324 1381 388 REGULJE
1420 323 1900 388 PASTORALIS
1942 327 2195 389 LIBER.
2245 365 2322 376 —
2361 333 2568 396 PARS
2613 333 2991 398 SECUNDA.
3651 338 3732 400 34

308 458 567 530 spiritus
593 456 660 513 ad
687 456 813 513 alta
840 458 1109 514 valenter
1135 460 1385 530 rapitur,
1415 464 1475 515 et
1501 460 1721 532 pietate
1750 460 1812 514 in
1840 458 1973 515 aliis
2003 461 2053 525 Α
2086 461 2344 525 Quorum
2373 465 2615 536 quidem
2644 484 2755 523 nos
2802 473 3005 540 aperta
3060 486 3241 543 opera
3268 472 3594 538 cernimus,
3627 471 3733 527 sed

317 548 732 619 aequanimiter
760 547 1287 605 inﬁrmatur.Hinc
1300 548 1521 603 etenim
1545 549 1687 604 dicit
1716 548 1979 615 :Quisin-

321 641 582 706 ﬁrmatur,
640 642 692 691 et
742 653 844 707 ego
884 654 996 692 non
1042 640 1296 707 inﬁrmor
1322 642 1351 694 ?
1382 641 1504 709 quis
1542 638 1974 706 scandalizatur,

332 735 385 782 et
412 743 625 794 egonon
654 744 791 782 uror
821 728 895 798 (Il
925 729 1075 796 Con,
1108 746 1185 795 xi,
1208 728 1300 799 29)
1328 728 1357 782 ‘l
1398 729 1548 783 Hinc
1588 746 1796 784 rursus
1843 729 1926 782 ait
1958 742 1971 781 :

333 817 516 870 Factus
540 832 665 870 sum
694 807 903 872 Iudaeis
933 823 1199 887 tanquam
1236 819 1459 873 Judaeus
1488 820 1537 887 (1
1569 819 1693 874 Cor.
1752 834 1827 885 1x,
1859 818 1971 883 20).

327 903 474 967 Quod
504 904 789 960 videlicet
817 905 1135 961 exhibebat
1164 923 1282 961 non
1313 906 1640 961 amittendo
1662 907 1861 976 fidem,
1894 906 1973 977 (α)

312 992 409 1047 sed
438 995 828 1049 extendendo
858 995 1163 1067 pietatem,
1185 997 1323 1051 utin
1341 1012 1403 1051 se
1422 1014 1738 1068 personam
1762 995 1974 1051 infide-

302 1082 451 1136 lium
482 1084 942 1156 transﬁguraus,
978 1101 1049 1140 ex
1085 1086 1406 1157 semetipso
1437 1085 1691 1141 disceret
1718 1085 1973 1157 qualiter

302 1171 439 1227 aliis
454 1174 727 1229 misereri
752 1174 1073 1243 debuisset,
1090 1182 1385 1246 quatenus
1407 1176 1972 1247 hocillisimpende-

300 1263 584 1334 ret,quod
596 1265 712 1319 sibi
730 1266 931 1336 ipse,si
948 1265 1477 1338 itaesset,impendi
1490 1271 1649 1322 recte
1666 1265 1967 1321 voluisset.

302 1354 454 1407 Hinc
481 1355 702 1408 iterum
725 1354 870 1409 dicit
895 1371 908 1407 :
932 1355 1245 1410 Sivemente
1257 1355 1707 1423 excedimus,Deo
1727 1357 1968 1419 ;siveso-

304 1443 630 1507 briisumus,
648 1444 884 1512 vobis“!
898 1443 1021 1501 Cor.
1038 1462 1089 1513 v,
1112 1445 1199 1515 i3)
1215 1463 1230 1511 ;
1247 1445 1387 1515 quia
1399 1443 1854 1514 etsemetipsum
1868 1459 1973 1498 no-

307 1539 474 1587 verat
519 1531 982 1605 contemplando
1015 1534 1458 1599 transcendere,
1500 1538 1559 1589 et
1597 1533 1871 1588 eumdem
1906 1548 1968 1588 se

307 1621 683 1678 auditoribus
706 1622 1241 1678 condescendendo
1266 1629 1616 1694 temperare.
1632 1621 1965 1677 Hinclacob

310 1711 559 1765 Domino
580 1710 1170 1781 desuperinnitente,
1185 1716 1432 1768 etuncto
1456 1710 1964 1781 deorsumlapide,

313 1797 707 1853 ascendentes
757 1815 826 1854 ac
874 1798 1306 1855 descendentes
1350 1799 1591 1872 angelos
1624 1799 1768 1853 vidit
1806 1800 1960 1869 (Gen.

315 1904 508 1949 xxvin.
542 1889 659 1955 l2);
684 1888 827 1957 quia
857 1888 1085 1943 scilicet
1103 1889 1518 1960 praadicatores
1539 1889 1683 1943 recti
1715 1904 1833 1943 non
1874 1904 1970 1942 so—

312 1976 433 2032 lum
449 1993 687 2031 sursum
703 1983 977 2032 sanctum
992 1984 1171 2049 caput
1189 1977 1765 2041 Ecclesim,videlicet
1778 1976 1972 2031 Domi-

309 2085 475 2135 num,
494 2068 956 2141 contemplando
978 2075 1284 2143 appetunt,
1310 2071 1414 2125 sed
1431 2072 1708 2126 deorsum
1734 2087 1968 2142 quoque

301 2160 373 2215 ad
388 2176 445 2213 m
462 2159 660 2214 embra
674 2158 834 2214 illius
847 2160 1175 2215 miserando
1189 2160 1729 2217 descendunt.Hinc
1744 2161 1969 2231 Moyses

302 2247 515 2303 crebro
537 2247 995 2303 tabernaculum
1018 2250 1203 2304 intrat
1221 2255 1280 2304 et
1304 2250 1458 2317 exit;
1496 2255 1553 2305 et
1583 2250 1683 2319 qui
1716 2248 1875 2303 intus
1906 2248 1968 2304 in

307 2337 881 2407 contemplationem
908 2339 1155 2409 rapitur,
1169 2338 1312 2393 foris
1341 2338 1970 2409 inﬁrmantiumnego-

301 2427 401 2480 tiis
420 2432 694 2498 urgetur.
714 2428 880 2481 Intus
900 2427 1003 2482 Dei
1027 2444 1242 2483 arcana
1258 2426 1766 2491 considerat,foris
1784 2443 1969 2482 onera

297 2516 640 2571 carnalium
674 2523 890 2588 portat.
915 2518 1024 2583 Qui
1047 2517 1118 2572 de
1140 2518 1316 2574 rebus
1334 2535 1569 2590 quoque
1594 2517 1787 2572 dubiis
1810 2534 1966 2572 sem-

293 2621 402 2677 per
414 2604 489 2659 ad
502 2605 959 2661 tabernaculum
984 2606 1461 2673 recurrit,coram
1476 2606 1815 2662 testamenti
1829 2621 1965 2662 arca

297 2694 627 2749 Dominum
650 2695 940 2751 consulit:
959 2695 1301 2768 exemplum
1320 2695 1708 2767 proculdubio
1725 2695 1964 2750 rectori-

294 2781 406 2838 bus
430 2783 806 2855 praebensmt
826 2801 961 2840 cum
982 2785 1126 2840 foris
1144 2784 1449 2858 ambigunt
1464 2784 1607 2857 quid
1621 2784 1961 2856 disponant,

300 2871 371 2927 ad
390 2889 531 2927 men
544 2880 664 2928 tem
690 2890 930 2945 semper
956 2875 1124 2945 quasi
1140 2874 1212 2930 ad
1229 2873 1674 2930 tabernaculum
1694 2873 1961 2941 redeant;

296 2967 352 3016 et
371 2962 534 3017 velut
559 2978 766 3017 coram
780 2964 1118 3018 testamenti
1136 2980 1271 3019 arca
1282 2964 1601 3019 Dominum
1620 2963 1957 3028 consulant,

2083 551 2239 621 apud
2270 553 2603 611 districtum
2644 558 2911 629 judicem
2943 576 3073 630 quas
3114 561 3247 616 illos
3278 560 3573 633 posterius
3604 576 3730 615 ma-

2081 647 2264 695 neant
2292 642 2354 696 in
2386 646 2617 700 occulta
2646 647 3038 703 retributione
3067 650 3504 715 nescimus.Qui
3530 655 3730 705 tamen

2081 745 2215 783 cum
2274 731 2797 790 condescensionis
2857 752 2978 791 suae
3035 738 3380 808 patientiam
3431 736 3728 792 diluendis

2079 818 2483 888 proximorum
2516 823 2989 880 confessionibus
3018 831 3376 897 praeparant,
3407 825 3566 881 velut
3589 831 3728 881 ante

2078 907 2235 962 fores
2257 909 2459 981 templi
2490 910 2742 967 luterem
2775 919 3045 983 portant;
3078 919 3144 969 ut
3192 915 3461 986 quisquis
3503 914 3728 971 intrare

2079 996 2429 1053 aeternitatis
2451 999 2702 1071 januam
2733 1001 2967 1069 nititur,
2999 1003 3359 1058 tentationes
3388 1019 3525 1058 suas
3547 1002 3731 1057 menti

2076 1086 2330 1155 pastoris
2354 1088 2600 1155 indicet,
2622 1095 2682 1145 et
2710 1090 2876 1160 quasi
2911 1090 2973 1145 in
3002 1091 3182 1146 boum
3203 1090 3395 1146 lutere
3425 1090 3732 1159 cogitatio-

2078 1174 2172 1228 nis
2201 1175 2291 1230 vel
2323 1178 2519 1247 operis
2549 1194 2760 1233 manus
2791 1179 3041 1234 lavet.Et
3068 1179 3493 1251 fitplerumque
3511 1179 3731 1234 utdum

2080 1265 2326 1321 rectoris
2358 1268 2591 1323 animus
2602 1268 2799 1324 aliena
2813 1274 3032 1324 tentam
3042 1275 3178 1323 enta
3196 1267 3732 1325 condescendendo

2076 1356 2621 1425 cognoscit,auditis
2646 1359 3073 1414 tentationibus
3087 1358 3263 1413 etiam
3295 1358 3418 1429 ipse
3442 1357 3730 1429 pulsetur,

2076 1441 2175 1510 qui
2209 1448 2265 1497 et
2295 1444 2420 1499 haec
2452 1446 2661 1501 eadem
2688 1463 2794 1518 per
2824 1464 3006 1519 quam
3038 1447 3243 1519 populi
3294 1446 3611 1502 multitudo
3642 1445 3731 1501 di-

2074 1530 2278 1599 luitur,
2314 1549 2469 1605 aqua
2510 1535 2905 1607 proculdubio
2934 1536 3143 1592 luteris
3183 1536 3553 1606 inquinatur.
3585 1537 3731 1591 Nam

2076 1620 2219 1676 dum
2251 1623 2455 1678 sordes
2487 1624 2847 1680 diluentium
2879 1626 3148 1698 suscipit,
3183 1624 3352 1695 quasi
3403 1640 3524 1680 suas
3552 1640 3730 1679 mun-

2072 1707 2234 1763 ditias
2266 1712 2646 1768 serenitatem
2678 1714 2874 1785 perdit
2900 1715 3014 1769 Sed
3042 1715 3169 1769 haec
3200 1728 3581 1793 nequaquam
3602 1728 3732 1783 pas-

1999 1828 2046 1892 Β
2075 1799 2183 1852 tori
2219 1799 2483 1856 timenda
2513 1808 2671 1870 sunt,
2706 1804 2844 1874 quia
2871 1805 2988 1858 Deo
3023 1803 3323 1858 subtiliter
3346 1808 3560 1857 cuncta
3581 1818 3732 1873 pen-

2077 1893 2266 1957 sante,
2297 1895 2461 1944 tanto
2493 1891 2728 1947 facilius
2760 1909 2795 1947 a
2829 1909 2934 1947 sua
2966 1893 3233 1963 eripitur,
3268 1896 3489 1962 quanto
3547 1890 3726 1945 mise-

2076 1976 2367 2033 ricordius
2399 1995 2469 2034 ex
2494 1980 2688 2036 aliena
2716 1981 3044 2037 tentatione
3073 1982 3372 2053 fatigatur.

2535 2087 2765 2143 CAPUT
2796 2090 2863 2141 vx
2897 2088 3015 2160 [AL
3060 2089 3261 2159 XVII].

2082 2174 2148 2229 Ut
2180 2175 2252 2228 sit
2281 2181 2460 2230 rector
2490 2176 2622 2230 bene
2650 2178 2938 2246 agentibus
2961 2194 3067 2247 per
3118 2176 3483 2231 humilitatem
3529 2174 3727 2242 socius,

2134 2251 2325 2300 contra
2340 2247 2590 2317 delinque
2605 2251 2780 2303 ntium
2802 2247 3481 2318 uitiaperzelumjustitiz
3502 2252 3726 2301 erectus.
3811 2253 3815 2256 ’

2145 2335 2231 2390 Sit
2251 2342 2445 2391 rector
2456 2336 2608 2392 bene
2638 2337 2949 2410 agentibus
2964 2354 3071 2409 per
3100 2336 3496 2392 humilitatem
3510 2336 3729 2402 socius,

2074 2431 2283 2482 contra
2296 2427 2768 2498 delinquentium
2791 2427 2930 2483 vitia
2944 2444 3050 2499 per
3061 2426 3232 2482 zelum
3235 2426 3484 2499 justitias
3496 2431 3730 2484 erectus

2070 2519 2135 2570 ut
2148 2515 2390 2572 etbonis
2404 2517 2465 2572 in
2477 2517 2641 2572 nullo
2654 2534 2716 2573 se
2728 2517 3087 2589 praeferat,“
3104 2533 3230 2572 cum
3244 2531 3540 2588 pravorum
3550 2516 3730 2588 culpa

2071 2605 2626 2678 exigit,potestatem
2661 2608 2933 2678 protinus
2949 2607 3038 2663 sui
3053 2608 3120 2677 (ο)
3132 2606 3431 2679 prioratus
3444 2612 3725 2679 agnoscat

2073 2700 2367 2765 quatenus
2390 2702 2449 2751 et
2469 2697 2693 2752 honore
2724 2713 3042 2769 suppresso
3076 2694 3364 2767 aequalem
3398 2712 3460 2751 se
3482 2694 3733 2750 subditis

2071 2783 2221 2839 bene
2240 2784 2571 2841 viventibus
2587 2784 2923 2856 deputet,et
2942 2801 3079 2856 erga
3091 2784 3545 2856 perversosjura
3566 2783 3738 2839 recti-

2067 2873 2291 2929 tudinis
2304 2890 2578 2930 exercere
2592 2891 2713 2930 non
2727 2874 3174 2930 formidet.1\’am
3190 2874 3417 2929 sicutin
3432 2873 3599 2928 libris
3613 2874 3729 2928 Mo-

2069 2962 2296 3018 ralibus
2309 2963 2530 3019 dixisse
2547 2981 2638 3020 me
2652 2964 2897 3020 memini
2914 2964 3057 3036 (Lib.
3074 2981 3192 3030 χχι,
3215 2963 3441 3028 Δηναίη
3472 2979 3594 3034 cap.
3631 2964 3718 3030 10,

302 3052 345 3107 si
366 3052 437 3107 de
456 3051 558 3107 his
599 3051 661 3107 in
687 3053 902 3123 quibus
932 3052 1207 3109 dubitant
1227 3053 1384 3125 apud
1419 3055 1770 3124 semetipsos
1800 3053 1959 3108 intus
2064 3053 2763 3126 nuncn.22),liquetquod
2779 3070 2985 3110 omnes
3003 3055 3279 3110 homines
3296 3058 3720 3124 naturamqua-

307 3142 457 3195 sacri
485 3140 720 3212 eloquii
752 3143 995 3215 paginas
1025 3143 1354 3213 requirant.
1394 3143 1539 3197 Hinc
1570 3143 1695 3215 ipsa
1732 3142 1960 3197 Veritas

302 3231 862 3301 persusceptionem
879 3237 1096 3286 nostra;
1118 3232 1506 3287 humanitatis
1518 3232 1690 3286 nobis
1703 3237 1959 3298 ostensa,

306 3317 365 3371 in
386 3324 587 3374 monte
602 3320 855 3375 orationi
872 3320 1202 3386 inhaeret,m
1213 3320 1436 3376 iracula
1456 3320 1519 3375 in
1531 3318 1776 3375 urbibus
1790 3336 1961 3375 exer-

310 3414 401 3461 cet
442 3410 599 3475 (Luc.
633 3426 707 3476 γι,
747 3410 829 3481 12)
854 3428 867 3477 ;
894 3410 1246 3466 imitationis
1285 3409 1558 3465 videlicet
1587 3410 1740 3465 viam
1788 3408 1962 3464 bonis

305 3497 636 3552 rectoribus
661 3504 976 3568 sternens;
1005 3505 1071 3554 ut
1102 3500 1211 3555 etsi
1248 3500 1377 3571 jam
1426 3515 1659 3554 summa
1702 3504 1962 3553 contem-

302 3584 515 3655 plando
537 3588 1313 3657 appetunt,necessitatibus
1328 3593 1516 3643 tamen
1530 3586 1962 3643 infirmantium

316 3674 734 3746 compatiendo
755 3678 1137 3743 misceantur,
1164 3679 1266 3749 qui
1290 3684 1430 3733 tunc
1460 3678 1533 3733 ad
1564 3677 1684 3733 alta
1706 3676 1963 3731 charitas

306 3763 665 3818 mirabiliter
692 3766 899 3838 surgit,
926 3783 1060 3821 cum
1092 3767 1165 3823 ad
1188 3768 1307 3822 ima
1339 3767 1745 3839 proximorum
1769 3781 1830 3819 se
1851 3763 1960 3819 mi-

311 3852 699 3908 sericorditer
726 3856 1010 3922 attrahit;
1046 3861 1102 3911 et
1131 3873 1247 3927 quo
1279 3857 1533 3927 benigne
1552 3854 1860 3911 descendit
1890 3853 1965 3909 ad

312 3941 573 3997 inﬁrma.
600 3943 869 3998 valenter
897 3945 1152 3999 recurrit
1187 3946 1261 4000 ad
1293 3962 1546 4000 summa.
1578 3945 1748 4000 Tales
1766 3949 1965 3999 autem

308 4046 437 4085 sese
460 4031 563 4102 qui
584 4038 849 4102 prmsunt
878 4032 1213 4099 exhibeant,
1239 4034 1457 4105 quibus
1488 4033 1740 4105 subjecti
1768 4034 1837 4103 (ὸ)
1867 4049 1969 4088 oc-

308 4119 461 4175 culta
489 4137 730 4190 quoque
755 4138 861 4175 sua
898 4123 1148 4193 prodere
1181 4140 1301 4178 non
1331 4124 1725 4190 erubescant;
1749 4128 1812 4177 ut
1834 4137 1968 4178 cum

313 4210 717 4264 tentationum
751 4210 968 4266 ﬂuctus
1000 4212 1225 4282 parvuli
1258 4213 1533 4279 tolerant,
1588 4211 1661 4267 ad
1711 4209 1971 4267 Pastoris

303 4304 574 4354 mentem
602 4300 773 4370 quasi
804 4300 877 4355 ad
921 4302 1126 4357 matris
1165 4302 1359 4357 sinum
1392 4308 1738 4368 recurrant;
1773 4308 1829 4358 et
1858 4303 1971 4357 hoc

311 4390 469 4460 quod
503 4407 569 4444 se
602 4390 906 4461 inquinari
954 4392 1250 4463 pulsantis
1296 4393 1483 4465 culpa:
1514 4393 1787 4449 sordibus
1819 4410 1972 4466 prai—

310 4478 536 4543 vident,
559 4476 993 4535 exhortationis
1026 4479 1154 4551 ejus
1185 4480 1411 4549 solatio,
1446 4498 1514 4537 ac
1535 4481 1813 4553 lacrymis
1842 4498 1970 4537 ora-

2075 3142 2395 3214 lesgenuit,
2420 3144 2522 3198 sed
2538 3144 3154 3200 variantemeritorum
3179 3143 3388 3199 ordine
3409 3142 3558 3198 alios
3586 3142 3723 3197 aliis

2075 3232 2246 3301 culpa
2268 3233 2730 3303 postponit.lpsa
2746 3240 2943 3288 autem
2976 3232 3282 3287 diversitas
3313 3248 3443 3302 quas
3474 3232 3727 3287 accessit

2076 3335 2146 3373 ex
2166 3318 2327 3387 vitio,
2361 3319 2795 3390 divinojudicio
2829 3322 3233 3392 dispensatur;
3262 3326 3330 3375 ut
3357 3319 3497 3389 quia
3526 3319 3723 3375 omnis

2076 3407 2253 3462 homo
2280 3423 2446 3477 teque
2477 3412 2630 3463 stare
2661 3424 2782 3463 non
2812 3408 3144 3474 valet,alter
3164 3411 3401 3476 regatur
3420 3404 3493 3460 ab
3510 3406 3721 3463 altero.

2077 3496 2239 3552 Unde
2271 3498 2465 3552 cuncti
2497 3497 2598 3569 qui
2624 3503 3036 3569 prmsunt,non
3067 3496 3128 3551 in
3151 3512 3212 3550 se
3243 3498 3596 3567 potestatem
3618 3494 3723 3550 de-

2076 3584 2219 3642 bent
2248 3586 2604 3656 ordinis,sed
2627 3587 3027 3658 aequalitatem
3057 3601 3307 3657 pensare
3324 3583 3719 3650 conditionis;

2078 3694 2188 3732 nec
2218 3678 2299 3748 (ά)
2328 3693 2582 3749 ρτωθεεθ
2615 3693 2676 3732 se
2733 3676 3076 3732 hominibus
3105 3674 3420 3748 gaudeant,
3453 3672 3557 3728 sed
3584 3689 3720 3744 pro-

2080 3766 2271 3822 desse.
2302 3766 2547 3839 Antiqui
2579 3766 2797 3822 etenim
2824 3772 3022 3839 patres
3045 3765 3231 3820 nostri
3265 3780 3384 3818 non
3417 3778 3585 3834 reges
3617 3762 3724 3816 ho-

2081 3856 2332 3920 minum,
2356 3855 2458 3910 sed
2492 3860 2757 3927 pastores
2778 3871 3060 3928 pecorum
3084 3853 3265 3909 fuisse
3297 3856 3725 3908 memorantur.

2080 3946 2298 4000 Etcum
2320 3945 2439 4000 Noe
2459 3945 2742 4000 Dominus
2760 3944 3015 4015 filiisque
3047 3942 3177 4013 ejus
3206 3941 3468 3998 diceret:
3497 3940 3734 3997 Crescite

2082 4041 2134 4089 et
2165 4033 2652 4104 multiplicamini,
2686 4039 2741 4088 et
2777 4033 2985 4103 replete
3040 4040 3242 4087 terram
3297 4032 3456 4101 (Gen.
3493 4046 3571 4096 ix,
3622 4027 3736 4096 2t),

2081 4124 2353 4195 protinus
2376 4122 2700 4194 adjunxit:
2742 4125 2806 4177 Et
2854 4130 3032 4177 terror
3082 4126 3257 4177 uester
3314 4136 3378 4174 ac
3434 4125 3640 4174 tremor
3665 4118 3739 4172 sit

2083 4228 2247 4282 super
2277 4218 2479 4266 cuncta
2510 4211 2780 4266 animalia
2811 4217 2989 4265 terrae.
3024 4211 3286 4276 Quorum
3321 4206 3595 4263 videlicet
3624 4211 3741 4261 ter-

2085 4316 2183 4356 ror
2208 4317 2275 4356 ac
2297 4307 2542 4366 tremor,
2570 4301 2711 4371 quia
2741 4316 2869 4355 esse
2893 4316 3072 4372 super
3091 4296 3378 4355 animalia
3400 4304 3571 4352 terrm
3591 4312 3746 4368 pra:-

2086 4391 2324 4464 cipitur,
2358 4392 2624 4464 profecto
2655 4406 2784 4446 esse
2836 4406 3015 4462 super
3059 4388 3334 4445 homines
3373 4386 3741 4459 prohibetur;

2088 4481 2272 4537 Homo
2303 4481 2520 4553 quippe
2545 4480 2733 4535 brutis
2764 4477 3146 4545 animalibus,
3178 4494 3298 4533 non
3328 4482 3526 4533 autem
3559 4475 3746 4531 homi-

308 4568 496 4621 tionis
516 4566 733 4623 lavent.
758 4568 922 4624 L'nde
954 4574 1013 4624 et
1050 4576 1186 4624 ante
1210 4570 1369 4625 fores
1391 4570 1595 4642 templi
1621 4571 1692 4626 ad
1714 4570 1963 4627 abluen-
1994 4562 2044 4627 D
2072 4574 2248 4629 nibus
2297 4573 2526 4628 cmteris
2566 4575 2777 4626 natura
2826 4570 3106 4642 praelatus
3137 4574 3228 4623 est
3259 4585 3273 4635 ;
3306 4573 3366 4623 et
3411 4566 3633 4621 idcirco
3664 4565 3740 4632 ei,

318 4654 422 4711 das
442 4655 910 4728 ingredientium
934 4674 1146 4713 manus
1177 4675 1339 4714 mare
1363 4676 1618 4729 aeneum,
1637 4660 1696 4715 id
1718 4667 1807 4716 est
1826 4660 1977 4716 lute-

312 4763 462 4813 rem,
490 4745 811 4802 duodecim
840 4747 1016 4804 boves
1039 4755 1277 4820 portant
1297 4750 1394 4820 (III
1406 4753 1537 4821 Reg.
1571 4768 1684 4821 VIII,
1708 4751 1975 4821 23,5eq.):

309 4835 413 4905 qui
436 4834 686 4906 quidem
712 4835 861 4891 facie
888 4838 1145 4893 exterius
1170 4839 1456 4906 eminent,
1477 4839 1580 4894 sed
1593 4856 1665 4894 ex
1689 4838 1976 4910 posterio-

310 4922 479 4977 ribus
508 4923 902 4989 latenLrQuid
951 4942 1207 4996 namque
1240 4927 1551 4982 duodecim
1600 4927 1804 4994 bobus,
1857 4927 1974 4983 nisi

316 5013 641 5067 universus
697 5019 1001 5084 pastorum
1052 5015 1197 5070 ordo
1229 5016 1619 5087 designatur?
1649 5018 1729 5072 De
1760 5018 1977 5088 quibus

313 5099 506 5156 Paulo
537 5100 873 5157 disserente
908 5102 996 5158 lex
1030 5102 1172 5158 dicit
1203 5120 1217 5157 :
1252 5107 1372 5159 Non
1433 5105 1709 5161 oblurabis
1761 5123 1817 5161 os
1857 5106 1978 5161 bovi

318 5192 624 5245 trituram:
653 5191 701 5260 (ι
732 5191 857 5246 Cor.
891 5207 971 5259 ix,
994 5194 1025 5246 9
1056 5212 1071 5261 ;
1131 5210 1199 5248 ea:
1254 5196 1547 5250 Deutcron.
1588 5211 1717 5263 xxv,
1748 5196 1825 5266 4).
1875 5195 1977 5252 20

372 5336 453 5401 (α)
489 5334 820 5409 Sequimur
851 5336 973 5409 hic
1028 5339 1214 5403 Trec.,
1252 5339 1453 5406 Laud,
1513 5341 1972 5409 Gemeticenses,

292 5406 453 5483 duos
484 5408 726 5483 Carnot.
764 5408 936 5483 lfrior
959 5409 1132 5483 Carn.
1163 5427 1298 5466 cum
1352 5413 1544 5483 primo
1591 5412 1740 5467 And.
1776 5406 1974 5481 habet,

300 5480 396 5556 sed
414 5480 753 5556 appetendo.
788 5480 1021 5556 Neutris
1052 5480 1436 5538 consentiunt
1469 5483 1716 5555 Vulgati,
1756 5485 1818 5539 in
1851 5480 1976 5556 qui4

300 5550 415 5605 bus
450 5550 593 5619 leg.
622 5551 716 5604 sed
745 5553 1091 5608 ostendendo.

371 5624 459 5696 (ὁ)
476 5620 707 5696 haud.
737 5624 953 5696 occulta
980 5641 1211 5696 quaeque
1230 5641 1349 5682 sua.

378 5692 559 5763 {eﬂta
583 5693 744 5748 Trec.
766 5692 1136 5766 etpleriquef
1140 5698 1208 5753 In
1233 5699 1472 5754 Carnot.
1494 5697 1687 5781 primo
1701 5703 1976 5757 tamenet

2092 4663 2310 4719 dicitur
2338 4667 2403 4717 ut
2433 4661 2505 4717 ab
2537 4660 2894 4717 animalibus
2925 4665 2984 4714 et
3028 4674 3149 4713 non
3181 4658 3252 4713 ab
3290 4655 3634 4711 hominibus
3662 4654 3733 4709 ti-

2091 4757 2345 4819 meatur,
2399 4751 2542 4823 quia
2599 4755 2806 4806 contra
2849 4753 3121 4803 naturam
3182 4744 3488 4818 superbire
3547 4748 3639 4798 est
3666 4741 3740 4797 ab

2092 4838 2302 4913 aequali
2336 4841 2485 4896 velle
2512 4839 2728 4895 timeri.
2762 4839 2831 4892 Et
2880 4843 3077 4892 tamen
3108 4849 3351 4890 necesse
3399 4838 3490 4889 est
3518 4838 3584 4888 ut
3610 4848 3739 4888 rec-

2094 4937 2249 4988 tores
2280 4948 2312 4986 a
2344 4930 2596 4986 subditis
2627 4929 2966 4990 timeantur,
3019 4922 3257 4995 quando
3316 4922 3389 4978 ab
3420 4922 3506 4978 eis
3553 4923 3738 4977 Deum

2091 5022 2336 5077 minime
2359 5018 2556 5074 timeri
2607 5014 3097 5089 deprehendunt;
3130 5019 3195 5068 ut
3232 5014 3497 5069 humana
3528 5011 3739 5068 saltem

2085 5108 2405 5165 formidine
2435 5122 2682 5178 peccare
2711 5103 3106 5174 metuant,qui
3139 5102 3340 5158 divina
3362 5100 3593 5173 judicia
3618 5115 3739 5156 non

2085 5198 2433 5255 formidant.
2469 5198 2853 5268 Nequaquam
2885 5210 3146 5264 namque
3193 5191 3496 5265 praepositi
3528 5206 3599 5247 ex
3630 5189 3742 5244 hoc

2087 5343 2150 5398 in
2183 5342 2333 5398 Aud.
2369 5341 2562 5413 primo
2594 5339 2798 5413 habes,
2828 5339 2918 5413 sui
2940 5337 3239 5413 primatus.

2157 5415 2235 5486 (d)
2270 5405 2403 5486 Haec
2425 5430 2499 5467 ex
2521 5412 2585 5486 S._
2611 5417 2672 5486 ξ).
2699 5405 3003 5467 Benedicti
3033 5409 3322 5486 regultac.
3346 5409 3436 5486 δᾴ,
3464 5405 3744 5486 deprom-

2084 5479 2183 5557 pta
2211 5479 2507 5552 videntur,
2528 5482 2630 5538 ubi
2656 5488 2849 5557 exstat
2879 5500 2893 5538 :
2926 5479 3169 5551 sciatque
3189 5479 3537 5557 (abbaslsibi
3566 5492 3741 5547 opor-

2085 5550 2199 5613 tere
2217 5550 2691 5627 prodessema‘gis
2720 5571 2887 5627 quam
2912 5550 3165 5625 praeesse.
3188 5553 3314 5627 _l\'ec
3343 5550 3581 5627 mirum,
3604 5563 3742 5627 cum

2084 5618 2305 5711 regula:
2335 5625 2519 5700 hujus
2549 5618 2952 5684 observationi
3006 5622 3372 5683 assuefactus
3419 5624 3573 5679 esset
3601 5618 3740 5674 Gre-

2081 5716 2299 5772 genus.
