4136 6178
292 307 366 367 37
1023 299 1365 361 REGULE
1410 299 1890 362 PAS'l'ORALIS
1937 301 2197 362 LIBER.
2247 334 2320 346 -—
2364 300 2569 365 PARS
2617 303 2999 369 SECUNDA.
3630 317 3711 378 38

291 440 412 494 rius
435 435 600 508 quod
620 433 686 488 de
709 449 821 488 sua
847 433 1246 488 aestimatione
1268 433 1840 504 pertimescunt.Sed
1859 438 1946 488 ta-
1977 437 2029 499 Α
2061 433 2398 506 stringitur;
2415 453 2630 509 magna
2645 454 2708 492 se
2729 440 3131 498 sollicitudine
3146 443 3405 516 (e)etiam
3420 446 3712 505 districtio

294 546 439 583 men
459 523 808 596 quibusdam
835 523 1022 594 signis
1044 523 1328 578 decenter
1345 523 1816 594 erumpentibus.
1853 538 1954 577 eos
2064 521 2192 592 ipsa
2213 524 2572 592 moderetur,
2589 534 2882 596 quatenus
2896 531 2978 586 sic
2994 534 3134 603 jura
3153 533 3482 606 disciplinae
3507 543 3715 594 contra

299 621 457 688 apud
478 632 534 670 se
555 631 680 668 esse
709 613 972 667 humiles
996 613 1174 666 etiam
1199 611 1455 680 subjecti
1481 611 1952 682 deprehendant,
2062 610 2480 681 delinquentes
2513 623 2802 684 exerceat,
2826 624 2892 672 ut
2912 620 3148 689 pietatis
3165 623 3389 679 viscera
3410 628 3716 682 nonamit-

305 717 582 778 quatenus
611 709 674 757 et
708 705 770 756 in
803 703 1159 756 auctoritate
1192 717 1398 755 eorum
1432 701 1590 772 quod
1633 700 1957 754 formident
2064 704 2166 753 tat.
2203 701 2542 756 Curandum
2575 705 2792 774 quippe
2825 713 2912 760 est
2942 713 3011 762 ut
3039 715 3330 767 rectorem
3363 714 3616 770 subditis
3656 722 3714 771 et

305 796 610 848 videantet
633 791 710 845 de
732 791 1076 845 humilitate
1099 790 1256 860 quod
1283 790 1949 860 imitenturagnoscant.
2061 793 2312 843 matrem
2333 790 2854 862 pietas,etpatrem
2870 796 3146 853 exhibeat
3165 800 3496 872 disciplina.
3520 806 3712 875 Atque

301 883 574 938 Studeant
606 881 794 952 igitur
817 881 946 933 sine
984 878 1426 934 intermissione
1455 879 1554 948 qui
1580 885 1862 949 praesunt,
1888 883 1955 933 ut
2061 875 2355 932 interhaec
2369 878 3709 961 sollicitacircumspectioneprovidendum,ne

292 987 487 1027 eorum
523 970 802 1040 potentia
842 976 1064 1040 quanto
1107 985 1321 1040 magna
1361 969 1623 1024 exterius
1665 967 1949 1032 cernitur,
2062 966 3536 1041 autdistrictiorigida,aulpietassitremissa.Nam
3559 983 3714 1037 sicut

289 1067 448 1116 tanto
471 1059 639 1130 apud
653 1076 760 1114 eos
785 1058 1036 1113 interius
1059 1057 1534 1128 deprimatur,(a)
1553 1073 1628 1112 ne
1655 1056 1954 1129 cogitatio-
2065 1055 2308 1111 inlibris
2321 1057 2640 1112 Moralibus
2646 1057 2771 1128 jam
2787 1058 3045 1116 diximus
3063 1065 3284 1135 (Lib.xx
3300 1067 3526 1136 Moral.,
3543 1087 3600 1124 η.
3621 1073 3706 1136 lt,

278 1166 418 1204 nem
443 1150 668 1216 vincat,
693 1163 770 1202 ne
793 1148 854 1200 in
871 1145 1326 1202 delectationem
1341 1147 1430 1200 sui
1454 1146 1722 1200 animum
1736 1145 1948 1216 rapiat,

275 1239 506 1308 nejam
532 1239 645 1290 sub
664 1252 729 1290 se
760 1251 932 1290 mens
964 1251 1096 1290 eam
1127 1251 1334 1306 regere
1366 1251 1486 1289 non
1516 1235 1727 1305 possit,
1760 1234 1853 1288 cui
1886 1250 1948 1289 se

278 1325 532 1380 libidine
565 1323 922 1379 dominandi
959 1323 1258 1394 supponit.
1285 1323 1366 1378 Ne
1389 1323 1548 1377 enim
1571 1321 1948 1394 praesidentis

275 1417 515 1469 animus
536 1413 616 1468 ad
629 1413 954 1468 elationem
981 1413 1292 1482 potestatis
1313 1428 1433 1466 suae
1448 1410 1837 1466 delectatione
1851 1426 1948 1465 ra-

275 1504 605 1576 piatur,rec
616 1509 670 1556 te
685 1518 792 1572 per
804 1501 1123 1573 quemdam
1139 1501 1468 1572 sapientem
1489 1500 1727 1554 dicitur:
1747 1502 1946 1554 Ducem

275 1601 327 1647 te
355 1594 800 1653 constituerunt,
847 1589 967 1643 noli
1005 1590 1214 1652 extolli,
1257 1589 1351 1660 sed
1389 1596 1499 1643 esto
1539 1592 1598 1643 in
1638 1590 1748 1643 illis
1788 1592 1946 1658 quasi

276 1699 413 1736 unus
444 1700 517 1735 ex
539 1682 657 1736 illis
677 1681 873 1751 (Eccli.
897 1696 1074 1746 xxxii,
1112 1679 1183 1749 t).
1211 1679 1355 1733 Hinc
1377 1679 1556 1734 etiam
1582 1681 1790 1734 Petrus
1821 1680 1940 1734 ait:

277 1774 386 1826 Non
420 1772 786 1824 dominantes
816 1771 874 1822 in
903 1769 1073 1832 clero,
1114 1770 1205 1823 sed
1233 1772 1415 1836 forma
1454 1770 1593 1836 facti
1642 1769 1713 1837 ab)
1762 1771 1944 1837 gregis

279 1864 322 1931 (Ι
351 1864 552 1922 l'ctr.v,
583 1859 662 1929 3).
691 1859 842 1914 Hinc
862 1875 968 1930 per
984 1858 1620 1930 semetipsam'Veritas
1641 1858 1716 1912 ad
1733 1859 1943 1914 altiora

289 1967 393 2005 nos
432 1950 718 2003 virtutum
748 1948 959 2002 merita
989 1963 1336 2018 provocans,
1370 1947 1514 2002 dicit
1545 1963 1558 2000 :
1609 1949 1775 2003 Scitis
1803 1947 1942 2018 quid

276 2040 558 2108 principes
583 2041 834 2105 gentium
861 2037 1218 2090 dominantur
1237 2052 1444 2104 eorum,
1473 2043 1525 2090 et
1574 2039 1672 2106 qui
1703 2038 1938 2106 majores

276 2127 370 2182 28
396 2131 904 2195 sunt,potestatem
925 2132 1180 2179 exercent
1203 2127 1260 2178 in
1285 2141 1391 2179 eos.
1424 2126 1544 2178 Non
1569 2128 1644 2179 ita
1665 2128 1770 2179 erit
1799 2126 1943 2180 inter

271 2232 380 2282 eos,
397 2216 498 2270 sed
517 2217 848 2285 quicunque
870 2214 1105 2268 volui-rit
1130 2217 1270 2268 inter
1289 2230 1380 2270 vos
1403 2217 1583 2284 major
1599 2218 1739 2284 ﬁeri,
1762 2217 1830 2269 sit
1847 2232 1940 2270 re-

2060 1161 2105 1198 c.
2137 1145 2191 1212 8,
2221 1151 2271 1198 et
2297 1148 2455 1215 epist.
2483 1149 2574 1213 25,
2611 1148 2706 1204 lib.
2743 1152 2804 1216 ι),
2839 1149 3155 1221 disciplina
3184 1155 3271 1209 vel
3302 1157 3713 1215 misericordia

2059 1232 2313 1289 multum
2337 1234 2699 1303 destituitur,
2727 1238 2776 1292 si
2799 1254 2920 1294 una
2937 1240 3067 1296 sine
3088 1243 3275 1299 altera
3294 1247 3711 1304 teneatur.Sed

2061 1338 2198 1394 erga
2227 1322 2495 1380 subditos
2527 1342 2667 1381 suos
2690 1327 2888 1382 inesse
2913 1330 3242 1386 rectoribus
3265 1332 3439 1388 debet
3466 1341 3525 1391 et
3543 1337 3708 1407 juste

2057 1412 2134 1477 (ἀ)
2154 1412 2473 1468 consulens
2487 1415 2983 1484 misericordia,et
3000 1418 3094 1490 pie
3116 1422 3361 1476 saeviens
3373 1422 3706 1495 disciplina.

2056 1499 2204 1553 Hinc
2227 1516 2485 1572 namque
2508 1507 2596 1556 est
2615 1505 2775 1573 quod
2798 1503 3046 1561 docente
3065 1509 3315 1565 Veritate
3336 1513 3484 1573 (Luc.
3510 1530 3566 1581 x,
3590 1515 3706 1582 34),

2057 1588 2520 1656 perSamaritani
2533 1592 2792 1647 studium
2809 1595 3152 1652 semivimus
3164 1597 3226 1651 in
3240 1597 3534 1655 stabulum
3549 1601 3708 1658 duci-

2057 1682 2236 1742 tur,et
2249 1678 2446 1732 vinum
2462 1685 2638 1750 atque
2658 1681 2856 1737 oleum
2871 1682 3211 1741 vulneribus
3225 1688 3353 1757 ejus
3368 1688 3703 1756 adhibetur,

1976 1797 2020 1860 Β
2054 1771 2235 1835 utper
2253 1767 2450 1822 vinum
2467 1769 2691 1824 scilicet
2708 1771 3096 1827 mordeantur
3117 1774 3706 1848 vulnera,peroleum

2051 1854 2377 1910 foveantur.
2408 1858 2656 1914 Necesse
2679 1861 2896 1932 quippe
2920 1869 3010 1918 est
3031 1869 3092 1917 ut
3115 1866 3387 1937 quisquis
3409 1871 3692 1926 sanandis

2045 1943 2387 1999 vulneribus
2401 1948 2701 2016 praeest,in
2714 1949 2852 2005 vino
2877 1968 3141 2008 morsum
3156 1954 3378 2010 doloris
3396 1957 3697 2023 adhibeat,

2040 2031 2101 2086 in
2133 2033 2261 2088 oleo
2295 2033 2612 2091 mollitiem
2644 2038 2899 2107 pietatis,
2926 2047 3221 2111 quatenus
3251 2061 3359 2115 per
3386 2046 3588 2102 vinum
3621 2048 3692 2120 (e)

2041 2121 2411 2177 mundentur
2438 2125 2697 2194 putrida,
2725 2144 2830 2196 per
2847 2129 3043 2184 oleum
3072 2131 3383 2187 foveantur
3402 2137 3696 2191 Sananda.

2041 2211 2339 2267 Miscenda
2369 2230 2505 2285 ergo
2539 2221 2627 2269 est
2655 2215 2873 2272 lenitas
2903 2235 3036 2272 cum
3089 2223 3402 2276 severitate
3428 2241 3442 2289 ;
3475 2225 3702 2280 facien-

2042 2298 2182 2353 dum
2223 2300 2524 2371 quoddam
2579 2319 2651 2357 ex
2708 2311 2961 2375 utroque
3023 2313 3586 2381 temperamentum,
3633 2320 3699 2369 ut

261 2315 374 2360 δίεν
395 2308 696 2367 minister;
717 2311 766 2358 et
783 2307 884 2374 qui
911 2303 1148 2358 voluerit
1172 2305 1319 2357 inter
1338 2319 1428 2358 vos
1443 2306 1658 2373 primus
1684 2320 1811 2369 esse,
1836 2307 1942 2359 erit

258 2402 641 2448 resterserrus
663 2411 677 2446 :
703 2395 840 2448 sicut
868 2393 1049 2446 Filius
1077 2393 1430 2451 hominisnon
1444 2392 1592 2447 venit
1605 2393 1937 2461 ministrari,

258 2485 354 2537 sed
387 2484 722 2536 ministrare
752 2483 974 2554 (Matth.
1009 2500 1104 2549 xx,
1135 2485 1224 2548 25,
1258 2483 1418 2552 δαίμ).
1468 2483 1613 2537 Hinc
1654 2490 1744 2536 est
1781 2482 1939 2553 quod

260 2589 508 2627 servum
534 2589 606 2626 ex
632 2577 908 2642 suscepto
932 2571 1615 2642 regimineelatum,quae
1641 2578 1774 2642 post
1797 2589 1938 2643 sup-

261 2663 453 2734 plicia
473 2669 784 2728 maneant,
809 2662 1053 2727 indicat,
1077 2661 1309 2716 dicens:
1333 2662 1489 2727 Quod
1507 2664 1554 2715 si
1574 2662 1785 2717 dixerit
1814 2679 1938 2717 ma-

263 2753 344 2807 lus
379 2753 486 2807 ille
513 2769 706 2806 servus
736 2755 795 2805 in
821 2753 984 2805 corde
1028 2766 1126 2806 suo
1157 2769 1177 2804 :
1223 2752 1434 2805 Moram
1479 2753 1620 2818 facit
1660 2751 1924 2806 Dominus

267 2858 424 2896 meus
445 2842 659 2908 rmire,
683 2848 734 2894 et
761 2843 983 2910 coeperit
1003 2846 1290 2910 percutere
1313 2855 1596 2895 conservos
1615 2855 1757 2902 suos,
1782 2857 1934 2894 man-
2051 2840 2312 2905 pectore.
2338 2837 2386 2892 si
2411 2843 2498 2892 est
2519 2839 2679 2910 virga
2707 2839 2808 2896 2-1
2839 2840 3251 2908 districtionis,
3285 2846 3359 2900 sit
3389 2852 3448 2902 et
3476 2865 3701 2906 manna

264 2932 438 2986 ducet
461 2937 657 2985 autem
679 2937 730 2985 et
762 2930 910 2983 bibat
930 2945 1048 2984 cum
1077 2929 1277 2995 ebriis;
1310 2931 1486 2984 veniet
1513 2929 1766 2984 dominus
1793 2932 1936 2986 servi
2041 2921 2386 2978 dulcedinis.
2410 2925 2556 2980 Hinc
2582 2927 2759 2981 David
2783 2929 2866 2983 ait
2890 2945 2902 2982 :
2941 2931 3210 3000 Virgatua
3231 2939 3282 2987 et
3296 2934 3517 2990 baculus
3541 2943 3686 3007 tuus,

262 3022 440 3082 illius,
477 3021 538 3073 in
573 3018 664 3072 die
696 3035 806 3088 qua
835 3033 944 3072 non
974 3024 1181 3088 sperat,
1215 3024 1265 3072 et
1295 3017 1432 3072 hora
1461 3035 1572 3088 qua
1609 3020 1849 3088 ignorat,
1883 3024 1934 3073 et
2039 3013 2159 3080 ipsa
2186 3029 2271 3066 me
2301 3014 2580 3070 consulatu
2607 3023 2734 3071 sunt
2783 3017 2950 3088 (Psul.
2999 3037 3140 3089 xxu,
3190 3023 3260 3092 4).
3317 3024 3486 3097 Virga
3524 3027 3686 3082 enim

259 3109 476 3164 dividet
520 3125 671 3174 eum,
706 3115 1029 3178 partemque
1073 3109 1191 3177 ejus
1230 3113 1399 3175 ponet
1449 3123 1570 3160 cum
1616 3108 1919 3178 hypocritis
1956 3143 2000 3208 Ο
2038 3101 2425 3199 Ρῆτεξιίίαξυτο
2457 3102 2672 3208 bam“:
2697 3112 3119 3206 διξδιθηίξίηιυτο
3155 3110 3211 3165 Si
3244 3120 3512 3208 θιξϐοβεεξ
3559 3115 3682 3171 δίε·-

257 3198 494 3262 (Matth.
531 3213 688 3258 xxiv,
723 3198 792 3250 48
820 3198 978 3266 seq.).
1011 3197 1172 3249 Inter
1203 3196 1538 3266 hypocritas
1574 3198 1733 3250 enim
1778 3198 1916 3268 jure
1957 3188 2000 3208 υ
2040 3188 2233 3243 trictio
2265 3190 2436 3260 virgae
2468 3207 2599 3261 quae
2647 3193 2840 3260 feriat,
2892 3197 2968 3249 sit
3013 3205 3072 3251 et
3120 3201 3442 3256 consolatio
3481 3203 3680 3260 baculi

2042 2403 2238 2459 neque
2264 2390 2330 2460 (fl
2354 2391 2537 2446 multa
2557 2395 2874 2464 asperitate
2898 2395 3319 2454 exulcerentur
3335 2400 3698 2472 subditi,ne-

2043 2493 2156 2547 que
2181 2478 2367 2534 nimia
2387 2479 2754 2552 benignitate
2787 2483 3108 2540 solvantur.
3135 2487 3300 2551 Quod
3331 2489 3504 2560 juxta
3532 2491 3700 2547 Pauli

2056 2568 2444 2637 vocemUIebr.
2472 2587 2550 2637 ix,
2584 2571 2637 2642 4)
2667 2570 2816 2627 bene
2839 2571 2941 2628 illa
2976 2573 3342 2632 tabernaculi
3365 2595 3502 2634 arca
3530 2581 3707 2653 signi-

2053 2656 2209 2723 ficat,
2243 2657 2304 2711 in
2333 2675 2450 2728 qua
2479 2676 2613 2714 cum
2635 2660 2854 2717 tabulis
2878 2663 3035 2735 virga
3057 2665 3233 2720 simul
3254 2671 3545 2724 etmanna
3571 2676 3697 2737 est;

2041 2745 2182 2814 quia
2202 2763 2336 2801 cum
2356 2749 2671 2820 Scripturae
2694 2767 2876 2806 sacrae
2901 2753 3150 2809 scientia
3182 2755 3244 2810 in
3276 2757 3417 2811 boni
3449 2760 3695 2814 rectoris

261 3287 617 3357 deputatur,
649 3285 751 3354 qui
785 3301 853 3338 ex
885 3285 1262 3339 simulatione
1294 3284 1622 3355 disciplinae
1653 3285 1924 3342 ministe-

263 3376 424 3429 rium
455 3374 772 3446 regiminis
813 3375 987 3429 vertit
1031 3375 1090 3428 in
1138 3391 1312 3430 usum
1355 3373 1818 3442 dominationis;
1865 3383 1924 3432 et

253 3469 459 3518 tamen
484 3479 922 3532 nonnunquam
938 3463 1170 3535 gravius
1185 3463 1552 3532 delinquitur
1563 3465 1609 3518 si
1625 3464 1781 3520 inter
1797 3481 1923 3536 per-

253 3567 464 3606 versos
496 3551 630 3622 plus
662 3550 970 3622 aequalitas
1001 3567 1178 3622 quam
1220 3551 1536 3622 disciplina
1567 3553 1917 3608 custoditur.

251 3640 406 3705 Quia
429 3642 592 3695 enim
613 3640 763 3695 falsa
780 3642 999 3711 pietate
1023 3647 1334 3711 superatus
1374 3641 1548 3696 ferire
1574 3641 1699 3696 Heli
1722 3642 1914 3698 delin-

247 3738 514 3800 quentes
530 3730 1069 3802 filiosnoluit,apud
1083 3731 1688 3801 districtumjudicem
1708 3735 1920 3787 semet-

246 3817 458 3888 ipsum
487 3834 625 3872 cum
665 3819 806 3872 filiis
849 3818 1073 3874 crudeli
1115 3819 1502 3875 damnatione
1544 3821 1838 3891 percussit
1871 3823 1922 3892 (Ι

251 3909 383 3976 Reg.
430 3924 507 3969 iv,
539 3911 624 3974 17,
651 3909 753 3975 18).
782 3908 927 3962 Hinc
945 3924 1203 3978 namque
1227 3909 1424 3963 divina
1445 3909 1498 3963 ei
1516 3926 1654 3964 voce
1669 3909 1912 3964 dicitur:

246 3996 564 4051 Honor-usti
581 3997 725 4064 ﬁlios
748 4003 867 4051 tuos
888 4000 1060 4066 magis
1077 4013 1245 4067 quam
1262 4014 1346 4052 me
1363 3999 1612 4066 (lbid.,n,
1636 4001 1746 4068 29).
1769 3999 1914 4054 Hinc

245 4092 534 4155 pastores
574 4084 845 4156 increpat
892 4102 999 4156 per
1042 4085 1414 4157 prophetam,
1464 4086 1708 4143 dicens:
1761 4088 1917 4152 Quod

237 4176 501 4240 fractum
543 4181 623 4229 est
653 4191 761 4228 non
788 4176 1080 4244 attigastis,
1111 4183 1163 4229 et
1203 4177 1350 4245 quod
1386 4176 1656 4246 abjectum
1682 4183 1761 4232 est
1806 4193 1914 4232 non

241 4263 565 4317 reduxistis
596 4263 816 4333 (Ezech.
851 4280 1034 4332 xxx1v,
1075 4265 1150 4333 4).
1182 4263 1463 4335 Abjectus
1494 4265 1654 4320 enim
1682 4265 1912 4321 reduci-

241 4357 340 4406 tur
371 4369 524 4407 cum
555 4353 812 4422 quisque
844 4353 905 4406 in
938 4352 1109 4424 culpa
1142 4353 1364 4424 lapsus,
1391 4353 1464 4408 ad
1496 4355 1908 4425 statumjusti-

241 4443 339 4494 tias
385 4457 459 4494 ex
519 4441 833 4510 pastoralis
881 4441 1306 4496 sollicitudinis
1344 4442 1539 4513 vigore
1581 4450 1908 4510 revocatur.

239 4529 600 4584 Fracturam
649 4546 784 4585 vero
839 4529 1095 4602 ligamen
1145 4532 1438 4603 astringit,
1489 4549 1622 4587 cum
1673 4533 1909 4605 culpam

240 4618 571 4690 disciplina
600 4618 902 4689 deprimit,
937 4635 1011 4674 ne
1037 4620 1209 4691 plaga
1255 4637 1444 4692 usque
1485 4621 1560 4676 ad
1600 4622 1907 4678 interitum

239 4705 500 4773 deﬂuat,
525 4707 572 4760 si
589 4708 741 4762 hanc
767 4707 1155 4764 districtionis
1178 4710 1460 4765 severitas
1482 4726 1604 4765 non
1627 4716 1905 4767 coarctat.

311 4791 432 4846 Sed
449 4812 614 4865 saepe
636 4796 899 4852 deterius
920 4797 1229 4868 frangitur,
1243 4815 1378 4852 cum
1401 4799 1906 4856 fracturaincaute

237 4879 580 4950 colligatur,
619 4885 698 4939 ita
730 4891 794 4939 ut
816 4886 1044 4956 gravius
1070 4887 1387 4942 scissuram
1412 4889 1648 4954 sentiat,
1673 4889 1720 4942 si
1753 4891 1906 4946 lianc

235 4967 705 5027 immoderatius
720 4973 1037 5045 ligamenta
1051 4977 1648 5048 constringant.Unde
1663 4994 1902 5035 necesse

237 5065 326 5110 est
351 5065 422 5110 ut
448 5075 584 5112 cum
609 5065 830 5130 peccati
858 5063 1071 5118 vulnus
1091 5064 1149 5117 in
1173 5063 1422 5119 subditis
1449 5067 1796 5137 corrigendo
1821 5084 1906 5122 re-

305 5201 391 5279 (α)
431 5201 674 5256 Carnot.
698 5207 950 5274 primus,
983 5224 1051 5261 ne
1093 5211 1424 5276 rogitatione
1453 5215 1717 5266 tumeant.
1750 5213 1898 5270 Aud.

235 5285 501 5339 primus.
537 5290 607 5325 ne
636 5281 969 5340 cogitatione
997 5281 1242 5335 timeant.

301 5344 390 5400 τὸν
421 5345 573 5417 :l'res
607 5347 855 5406 ϐρίθει..
887 5349 1066 5417 gregi.

305 5420 380 5476 lc)
420 5414 489 5468 lu
532 5417 867 5496 Editis_aut
895 5414 1235 5490 destrictior,
1285 5430 1382 5479 aut
1428 5423 1716 5479 districtor
1759 5426 1895 5496 ipse.

231 5485 375 5558 Mss.
414 5502 632 5542 mnnes
667 5489 1046 5546 reluctantur.
1224 5485 1231 5490 ’
1749 5555 1754 5558 .

297 5556 386 5636 td)
429 5557 507 5636 In,
527 5558 676 5636 plur.
689 5561 851 5636 βίω.
881 5570 996 5618 tam
1019 5565 1218 5620 Mora].
1246 5583 1420 5636 quam
1446 5556 1757 5634 Pastoral.,
1777 5586 1901 5625 con-

224 5629 450 5684 solans.
482 5631 648 5701 Apud
679 5632 1019 5694 Gratianum
1052 5641 1110 5691 et
1130 5637 1191 5692 in
1217 5629 1347 5697 M'ss.
1381 5638 1562 5695 habes
1589 5629 1896 5697 consulens.

2031 3293 2161 3346 quae
2187 3283 2499 3333 sustentet.
2526 3280 2611 3334 Sit
2629 3281 2829 3351 itaque
2851 3301 3037 3349 amor,
3061 3287 3164 3340 sed
3185 3304 3305 3343 non
3327 3291 3636 3347 emolliens
3661 3311 3676 3361 ;

2031 3365 2106 3436 (υ)
2139 3365 2214 3419 sit
2244 3366 2425 3438 vigor,
2450 3367 2552 3422 sed
2574 3385 2695 3424 non
2728 3386 3083 3442 exasperans
3105 3390 3118 3438 ;
3142 3375 3220 3429 sit
3243 3376 3530 3445 zelus,sed
3550 3397 3676 3436 non

2029 3453 2418 3510 immoderate
2442 3457 2689 3512 saeviens
2712 3474 2725 3523 ;
2750 3458 2826 3512 sit
2847 3460 3053 3531 pietas,
3080 3463 3182 3518 sed
3203 3479 3324 3519 non
3343 3467 3476 3538 plus
3497 3485 3677 3540 quam

2029 3543 2304 3614 expediat
2333 3561 2584 3615 parcens
2610 3565 2624 3614 ;
2656 3554 2723 3603 ut
2750 3547 2891 3604 dum
2922 3566 2985 3605 se
3017 3552 3095 3621 (h)
3121 3553 3182 3608 in
3212 3571 3347 3610 arce
3368 3558 3676 3630 regiminis

2018 3630 2254 3700 justitia
2267 3631 2703 3704 clementiaque
2727 3637 3121 3706 permiscet,is
3135 3641 3236 3711 qui
3258 3651 3474 3712 praeest
3496 3647 3676 3704 corda

2027 3720 2401 3778 subditorum
2435 3731 2491 3779 et
2523 3725 2797 3781 terrendo
2848 3727 3203 3801 demulceat,
3255 3740 3313 3789 et
3359 3741 3559 3793 tamen
3601 3738 3675 3796 ad

2027 3811 2270 3867 terroris
2297 3814 2693 3869 reverentiam
2727 3814 3114 3875 demulcendo
3145 3824 3526 3897 constringat.

2458 3931 2690 3987 CAPUT
2731 3933 2823 3988 VII
2855 3933 2970 4006 [ΑΙ.
3004 3939 3234 4011 XVIII].

2030 4017 2096 4071 Ut
2124 4019 2195 4101 sit
2221 4025 2402 4073 rector
2429 4021 2772 4104 internarum
2795 4039 2981 4079 curam
3001 4028 3059 4080 in
3080 4032 3414 4104 exteriorum
3435 4049 3669 4104 occupa-

2094 4091 2242 4169 tione
2271 4106 2382 4144 non
2412 4094 2688 4169 minuens,
2703 4101 3052 4169 exteriorum
3071 4102 3481 4169 providentiam
3504 4091 3670 4161 in'in-

2095 4164 2379 4216 ternorum
2408 4163 2780 4220 sollicitudine
2809 4184 2919 4222 non
2949 4163 3284 4241 relinquens.

2094 4266 2179 4320 Sit
2197 4274 2392 4324 rector
2412 4270 2785 4328 internorum
2807 4291 3010 4331 curam
3031 4278 3091 4332 in
3113 4281 3476 4338 exteriorum
3495 4301 3672 4340 occu-

2022 4355 2263 4425 patione
2292 4373 2412 4412 non
2444 4359 2745 4428 minuens,
2770 4364 3134 4421 exteriorum
3155 4371 3583 4438 providentiam
3609 4375 3670 4430 in

2021 4443 2390 4499 internorum
2411 4445 2808 4504 sollicitudine
2831 4467 2952 4507 non
2975 4454 3322 4526 relinquens
3347 4476 3360 4524 ;
3385 4475 3460 4515 ne
3484 4463 3549 4532 (ἰ)
3569 4467 3671 4517 aut

2019 4532 2410 4588 exterioribus
2440 4533 2674 4591 deditus
2706 4538 2780 4592 ab
2828 4539 3055 4597 intimis
3097 4552 3355 4613 corruat,
3387 4555 3490 4602 aut
3527 4550 3669 4605 solis

2017 4619 2402 4676 interioribus
2415 4630 2895 4697 occupatus,quze
2907 4629 3052 4684 foris
3066 4631 3533 4705 debetproximis
3546 4655 3667 4693 non

2016 4707 2340 4780 impendat.
2376 4711 2538 4782 Saepe
2561 4729 2819 4784 namque
2843 4719 3118 4773 nonnulli
3141 4721 3301 4777 velut
3322 4722 3490 4777 obliti
3507 4725 3666 4794 quod

2013 4798 2293 4853 fratribus
2316 4800 2655 4857 animarum
2679 4820 2858 4860 causa
2880 4807 3106 4876 praelati
3131 4816 3288 4875 sunt,
3315 4817 3436 4866 toto
3469 4814 3666 4871 cordis

2014 4886 2084 4941 ad
2096 4887 2228 4942 nisu
2241 4888 2625 4944 saecularibus
2637 4893 2793 4947 curis
2807 4894 3663 4970 inserviunt:has,cumadsunt,

2013 4993 2074 5031 se
2089 4993 2262 5049 agere
2281 4977 2609 5044 exsultant;
2635 4981 2707 5036 ad
2724 4983 2828 5037 bas
2852 4985 3028 5038 etiam
3053 5003 3186 5041 cum
3211 4989 3664 5061 desunt,diebus

2013 5081 2080 5121 ac
2112 5066 2385 5122 noctibus
2416 5069 2790 5139 cogitationis
2822 5072 3072 5129 turbidae
3093 5079 3334 5135 aestibus
3355 5082 3660 5140 anhelant.

2083 5209 2320 5293 (e)'_Tres
2352 5209 2600 5293 G‘emet‘...
2626 5215 2760 5293 Lyr._
2780 5215 3006 5293 etetud.
3033 5222 3351 5293 secundus,
3375 5225 3662 5283 mordean-

2013 5289 2122 5337 tur.
2151 5282 2190 5335 Τ
2195 5297 2337 5343 rec.,
2377 5281 2498 5335 Val.
2533 5281 2681 5336 Clar.
2710 5291 2768 5339 et
2798 5284 2920 5350 alii,
2954 5292 3302 5348 mandentur.

2081 5354 2153 5439 (f)
2173 5351 2926 5439 (3931b.,nimiafl‘rec'en‘sem
2944 5361 3658 5439 etalio_s_plur.sequimur.

2080 5423 2157 5493 (ῃ)
2191 5423 2322 5477 Edit
2353 5465 2366 5490 ,
2397 5424 2468 5476 sit
2499 5427 2668 5490 rigor.
2705 5429 3090 5487 Beluctantur
3118 5423 3251 5492 n'ss.
3286 5423 3515 5496 omnes.

2081 5496 2158 5568 (li)
2192 5497 2427 5568 Carnot.
2463 5496 2713 5568 primus,
2746 5503 2803 5554 in
2843 5514 2977 5558 arte.

2009 5639 2039 5693 δ
2080 5567 2141 5636 li)
2171 5565 2342 5623 Corb.
2372 5569 2432 5620 et
2461 5565 2954 5642 Gemet.’tertius,
2987 5591 3055 5632 ne
3083 5584 3181 5632 aut
3207 5580 3335 5636 solis
3363 5585 3661 5640 exteriori-

2044 5654 2125 5693 us.

2044 5654 2125 5696 us.
