4136 6178
545 307 624 367 39
1745 304 1834 364 SA
1849 304 2034 366 NCTI
2077 303 2458 368 GREGORII
2504 305 2754 367 MAGNI
3867 315 3942 376 40

542 443 806 512 Cumque
824 441 1027 507 abhis,
1052 444 1318 495 cessante
1348 438 1594 493 forsitan
1627 439 1702 506 (a)
1724 440 2186 510 opportunitate,
2215 441 2267 505 Α
2301 445 2602 510 praesunt;
2644 445 2703 495 et
2732 445 2795 496 ut
2816 446 2976 498 recta
2993 441 3174 514 pedes
3195 443 3665 505 valeantitinera
3685 466 3942 523 carpere,

543 531 728 601 quieti
751 537 909 598 sunt,
932 531 1061 602 ipsa
1082 530 1344 585 deterius
1367 545 1473 584 sua
1495 529 1693 600 quiete
1716 528 2053 598 fatigantur.
2075 527 2183 580 Vo-

540 621 826 691 luptatem
850 637 1106 692 namque
1130 625 1375 675 censent
1403 619 1447 671 si
1483 617 1814 674 actionibus
1837 616 2184 686 deprimun-

545 715 658 776 tur,
700 710 965 764 laborem
996 710 1288 780 deputant
1317 708 1364 764 si
1400 708 1459 761 in
1487 706 1744 762 terrenis
1777 704 2031 776 negotiis
2063 720 2183 759 non

542 798 832 853 laborant.
850 799 1061 869 Sicque
1084 798 1168 864 ﬁt,
1194 803 1256 850 ut
1277 797 1414 851 dum
1441 797 1516 865 (b)
1541 812 1602 848 se
1633 792 1828 863 urgeri
1865 792 2182 848 mundanis

542 887 890 942 tumultibus
921 887 1200 959 gaudent,
1235 886 1469 940 interna
1495 899 1626 952 qua:
1657 882 1802 936 alios
1837 881 2052 937 docere
2085 882 2184 937 de-

538 977 790 1032 buerant
813 977 1106 1047 ignorent.
1142 975 1306 1031 Unde
1339 973 1743 1041 subjectorum
1776 988 2012 1043 quoque
2047 989 2184 1044 pro-

537 1067 816 1122 culdubio
835 1071 895 1130 (c)
919 1069 1036 1122 vita
1058 1065 1356 1135 torpescit,
1384 1063 1522 1132 quia
1543 1078 1677 1116 cum
1701 1063 1989 1132 proﬁcere
2005 1062 2182 1133 spiri-

537 1157 732 1210 taliter
753 1157 1065 1228 appetit,in
1087 1152 1360 1222 exemplo
1381 1153 1510 1220 ejus
1532 1152 1633 1222 qui
1660 1151 1771 1205 sibi
1788 1151 2052 1222 pralatus
2069 1157 2179 1219 est,

537 1247 702 1314 quasi
725 1247 786 1300 in
808 1243 1114 1299 obstaculo
1137 1241 1368 1296 itineris
1390 1239 2004 1313 oil‘enditLanguente
2019 1241 2180 1295 enim

536 1335 726 1406 capite
748 1334 1017 1388 membra
1039 1333 1336 1386 incassum
1360 1330 1572 1402 vigent,
1599 1335 1657 1384 et
1679 1329 1739 1383 in
1770 1330 2174 1400 exploratione

535 1423 795 1478 hostium
818 1423 1036 1476 frustra
1067 1419 1359 1474 exercitus
1390 1419 1672 1473 velociter
1701 1419 1994 1489 sequitur,
2029 1419 2077 1472 si
2108 1418 2180 1474 ab

535 1513 660 1583 ipso
685 1511 830 1564 duce
855 1510 1088 1565 itineris
1109 1507 1538 1564 erratur.Nulla
1553 1507 1924 1563 subditorum
1950 1513 2179 1563 mentes

534 1601 860 1657 exhortatio
909 1599 1196 1668 sublevat,
1239 1615 1563 1670 eorumque
1605 1599 1807 1670 culpas
1847 1599 2176 1671 increpatio

533 1693 698 1747 nulla
715 1693 962 1764 castigat
986 1709 997 1758 ;
1025 1691 1163 1762 quia
1193 1691 1332 1745 dum
1365 1707 1470 1761 per
1499 1691 1833 1746 animarum
1858 1690 2174 1761 praesulem

2297 528 2423 582 haec
2448 529 2835 600 proculdubio
2859 537 3035 603 caput
3056 531 3232 588 debet
3261 549 3332 588 ex
3363 534 3480 590 alto
3510 539 3841 608 providere,
3871 559 3942 598 ne

2293 633 2328 671 a
2349 625 2659 688 provectus
2683 620 2770 673 sui
2795 620 3007 676 itinere
3031 621 3212 693 pedes
3235 629 3678 695 torpeant,cum
3703 636 3948 686 curvata

2294 707 2650 762 rectitudine
2683 711 2950 780 corporis
2973 716 3149 782 caput
3171 729 3300 768 sese
3321 713 3394 768 ad
3419 719 3637 771 terram
3673 717 3944 774 declinat.

2293 797 2418 860 Qua
2429 803 2626 853 autem
2645 805 2840 854 mente
2855 801 3184 856 animarum
3199 803 3413 874 praisul
3429 805 3650 861 honore
3665 811 3946 878 pastorali

2293 884 2449 940 inter
2469 894 2712 942 caeteros
2734 889 2940 950 utitur.
2967 891 3100 946 siin
3127 893 3377 949 terrenis
3399 896 3650 966 negotiis
3681 913 3811 967 qua:
3845 917 3934 954 re-

2291 976 2660 1044 prehendere
2686 978 2744 1032 in
2768 979 2902 1034 aliis
2933 979 3155 1039 debuit.
3190 987 3244 1036 et
3278 983 3401 1053 ipse
3430 991 3695 1039 versatur
3715 986 3741 1040 ‘?
3771 987 3935 1050 Quod

2290 1062 2564 1120 videlicet
2593 1083 2660 1120 ex
2692 1066 2778 1121 ira
2801 1068 2979 1139 justze
3013 1069 3422 1127 retributionis
3455 1089 3560 1144 per
3591 1075 3939 1145 prophetam

2289 1153 2575 1208 Dominus
2596 1155 2875 1225 minatur,
2909 1156 3142 1214 dicens:
3167 1161 3236 1213 Et
3255 1163 3360 1214 erit
3391 1163 3530 1216 sicut
3559 1165 3818 1232 populus.
3863 1169 3942 1220 sic

2285 1243 2534 1299 sacerdos
2556 1244 2720 1312 (Osee
2741 1261 2813 1309 iv,
2829 1247 2903 1315 9).
2928 1246 3212 1303 Sacerdos
3227 1249 3445 1320 quippe
3461 1256 3551 1305 est
3572 1256 3635 1306 ut
3659 1253 3934 1323 populus.

2284 1331 2521 1401 quando
2545 1349 2614 1387 ea
2635 1333 2753 1404 agit
2775 1334 2823 1388 is
2846 1335 2945 1405 qui
2969 1335 3223 1406 spiritali
3255 1337 3450 1393 ofﬁcio
3481 1339 3768 1412 fungitur,
3803 1359 3937 1412 quas

2287 1419 2375 1474 illi
2399 1421 2682 1476 nimirum
2709 1423 2930 1478 faciunt
2952 1424 3051 1495 qui
3073 1425 3264 1481 adhuc
3278 1426 3348 1481 de
3371 1427 3582 1482 studiis
3597 1430 3936 1485 carnalibus

2287 1506 2819 1575 indicantur.Quod
2831 1529 2963 1568 cum
2981 1529 3195 1586 magno
3210 1515 3433 1571 scilicet
3452 1515 3657 1573 dolore
3672 1519 3932 1575 Charita-

2288 1595 2362 1651 tis
2375 1597 2660 1654 Jeremias
2676 1601 2963 1672 propheta
2977 1603 3546 1675 conspiciens,quasi
3570 1607 3677 1661 sub
3699 1606 3934 1664 destru-

2286 1685 2482 1740 ctione
2504 1687 2704 1758 templi
2721 1688 3249 1760 deplorat,dicens:
3275 1695 3550 1757 Quomodo
3581 1696 3933 1752 obscuratum

535 1781 752 1837 terreni
775 1787 1084 1836 exercetur
1105 1780 1167 1835 of
1171 1781 1367 1835 ﬁcium
1390 1779 1676 1849 judicis,a
1693 1780 1885 1852 gregis
1908 1779 2176 1834 custodia
2209 1803 2250 1866 ρ
2287 1780 2365 1828 est
2384 1792 2604 1843 aurum,
2627 1784 2873 1833 mutatus
2895 1786 2972 1833 est
2996 1781 3143 1834 color
3164 1783 3422 1851 optimus,
3446 1784 3682 1853 dispersi
3702 1793 3827 1840 sunt
3866 1787 3943 1840 Ia-

531 1877 696 1926 vacat
713 1888 853 1926 cura
873 1869 1155 1943 pastoris;
1183 1876 1240 1924 et
1271 1869 1518 1940 subjecti
1552 1869 1814 1923 veritatis
1847 1869 2047 1923 lumen
2072 1886 2172 1939 ap-

531 1959 898 2030 prehendere
931 1961 1258 2028 nequeunt,
1300 1956 1440 2026 quia
1476 1955 1616 2009 dum
1662 1955 1916 2024 pastoris
1957 1971 2167 2009 sensus

527 2054 766 2104 terrena
785 2047 980 2102 studia
1003 2051 1312 2118 occupant,
1330 2050 1502 2099 vento
1527 2043 2172 2114 tentationisimpulsus

526 2137 805 2192 Ecclesia:
854 2135 1058 2191 oculos
1103 2135 1292 2206 pulvis
1343 2138 1541 2188 caecat.
1589 2134 1710 2198 Quo
1761 2140 1968 2188 contra
2013 2139 2172 2188 recte

526 2225 770 2281 humani
793 2225 1026 2298 generis
1047 2223 1568 2294 Redemptor,cum
1592 2222 1979 2276 nosaventris
2001 2239 2172 2278 vora-

526 2317 700 2372 citate
725 2319 1147 2386 compesceret,
1172 2314 1403 2368 dicens:
1431 2313 1716 2367 Attendite
1730 2320 1910 2366 autem
1936 2311 2175 2381 vobis,ut

523 2423 632 2461 non
653 2413 953 2474 graventur
973 2404 1139 2459 corda
1159 2410 1337 2458 vestra
1357 2404 1414 2456 in
1436 2402 1666 2471 crapula
1686 2402 2168 2471 etebrietate(Luc.

523 2512 640 2562 xxx,
667 2495 779 2564 34),
804 2494 964 2548 illico
988 2491 1290 2564 adjunxit:
1319 2492 1420 2546 Aut
1447 2494 1504 2545 in
1527 2489 1673 2546 curis
1693 2490 1856 2559 hujus
1887 2490 2032 2545 vita.
2065 2490 2169 2546 Ubi

521 2599 796 2654 pavorem
838 2597 1072 2652 quoque
1123 2580 1393 2651 protinus
1445 2579 1670 2634 intente
1721 2578 2050 2648 adjiciens:
2094 2580 2168 2634 Ne

514 2676 682 2740 forte,
733 2671 946 2742 inquit,
987 2672 1334 2740 superveniat
1374 2673 1432 2723 in
1463 2685 1554 2724 vos
1587 2671 1875 2739 repentina
1924 2669 2038 2724 dies
2069 2669 2168 2724 illa

518 2760 921 2832 (Ibid.).Cujus
943 2758 1232 2814 adventus
1254 2759 1433 2813 etiam
1457 2758 1806 2829 qualitatem
1829 2757 2162 2826 denuntiat,

521 2851 724 2905 dicens
749 2866 761 2903 :
790 2853 1071 2919 Tanquam
1094 2849 1319 2918 laqueus
1339 2851 1481 2902 enim
1502 2849 1683 2902 veniet
1702 2865 2056 2916 superomnes
2069 2851 2167 2918 qui

517 2940 885 3008 sedentsuper
903 2941 1107 3006 faciem
1127 2939 1302 2992 omnis
1325 2944 1481 2992 terrae
1513 2937 1697 3005 (Ibid.,
1731 2939 1840 2998 35).
1876 2937 2022 2992 Hinc
2055 2938 2166 2992 ite-

517 3044 650 3083 rum
674 3027 850 3083 dicit:
879 3028 1040 3082 Nemo
1064 3033 1241 3096 potest
1271 3027 1480 3080 duobus
1511 3025 1748 3079 dominis
1777 3027 1980 3080 servire
2010 3029 2162 3092 (Luc.

516 3135 628 3185 χνι,
655 3121 761 3184 13).
788 3118 933 3171 Hinc
956 3115 1170 3171 Paulus
1195 3115 1608 3186 religiosorum
1636 3121 1866 3168 mentes
1888 3131 1922 3169 a
1953 3114 2160 3169 mundi

2278 1863 2438 1932 pides
2464 1867 2776 1921 sanctuarii
2804 1869 2862 1922 in
2883 1867 3067 1938 capite
3097 1873 3339 1925 omnium
3357 1872 3668 1941 platearum
3699 1875 3931 1943 (Thren.

2284 1968 2357 2017 iv,
2394 1954 2494 2023 t)?
2521 1955 2670 2019 Quid
2699 1973 2956 2027 namque
2987 1973 3153 2024 auro,
3189 1958 3347 2029 quod
3397 1961 3656 2016 metallis
3698 1964 3934 2018 caeteris

2283 2043 2650 2112 praeminet,
2680 2045 2793 2100 nisi
2819 2047 3168 2103 excellentia
3189 2050 3521 2105 sanctitatis
3542 2051 3570 2105 ‘I
3589 2052 3741 2116 Quid
3773 2053 3940 2109 colo-

2283 2146 2343 2185 re
2367 2133 2612 2203 optimo,
2638 2133 2752 2188 nisi
2777 2135 3003 2190 cunctis
3027 2137 3295 2192 amabilis
3329 2141 3659 2196 reverentia
3696 2142 3939 2214 religio-

2281 2219 2934 2292 nisexprimitur?Quid
2949 2226 3722 2298 sanctuariilapidibus,nisi
3739 2248 3933 2286 sacro.

2278 2325 2411 2364 rum
2433 2311 2708 2367 ordinum
2732 2328 3000 2383 personas
3031 2315 3339 2388 signantur
3359 2316 3387 2371 ?
3413 2317 3562 2382 Quid
3592 2319 3922 2389 platearum

2279 2401 2541 2465 nomine,
2567 2401 2680 2455 nisi
2707 2405 3014 2472 praesentis
3039 2405 3425 2463 vitaalatitudo
3441 2407 3762 2480 ﬁguratur?
3783 2410 3931 2475 Quia
3993 2425 3996 2428 ‘

2278 2489 2439 2544 enim
2463 2490 2661 2545 Grmco
2685 2492 2921 2563 eloquio
2936 2491 3402 2554 ala—roelatitudo
3419 2497 3929 2569 dicitur,profecto

2277 2594 2310 2631 a
2343 2577 2657 2634 latitudine
2689 2579 2899 2651 platem
2930 2589 3068 2637 sunt
3098 2589 3338 2639 vocatas.
3389 2586 3500 2640 Per
3539 2589 3924 2659 semetipsam

2275 2683 2410 2722 vero
2427 2668 2650 2723 Veritas
2674 2668 2846 2725 dicit:
2871 2673 3011 2726 Lata
3040 2679 3091 2727 et
3110 2675 3356 2743 spatiosa
3385 2675 3478 2730 via
3507 2682 3584 2730 est
3616 2692 3738 2745 qua
3768 2677 3923 2732 ducit

2273 2756 2347 2811 ad
2369 2758 2742 2827 perditionem
2764 2759 2983 2828 (Matth.
3013 2777 3110 2826 vn,
3138 2763 3244 2830 13).
3270 2765 3492 2818 Aurum
3517 2764 3696 2836 igitur
3714 2765 3925 2821 obscu-

2275 2852 2600 2910 ratur,cum
2624 2847 2876 2903 terrenis
2900 2849 3130 2904 actibus
3143 2851 3476 2906 sanctitatis
3491 2853 3606 2908 vita
3625 2852 3923 2924 polluitur.

2269 2936 2440 2990 Color
2469 2937 2728 3008 optimus
2759 2945 3177 3007 commutatur,
3212 2957 3345 2995 cum
3389 2943 3791 3012 quorumdam
3824 2944 3925 3014 qui

2269 3024 2480 3097 degere
2513 3025 2784 3096 religiose
2815 3027 3232 3096 credebantur,
3285 3030 3599 3086 aestimatio
3647 3038 3918 3087 anteacta

2272 3115 2560 3170 minuitur
2588 3117 2731 3171 Nam
2751 3133 2886 3172 cum
2901 3118 3154 3188 quilibet
3169 3121 3645 3190 postsanctitatis
3660 3122 3924 3178 habitum

519 3173 818 3262 consortio
841 3203 1338 3272 contestando,ac
1362 3203 1556 3274 potius
1586 3201 2163 3257 conveniendo‘sus-
2197 3173 2242 3236 Β
2279 3204 2535 3259 terrenis
2565 3221 2626 3259 se
2657 3205 2886 3261 actibus
2918 3207 3145 3274 inserit,
3171 3209 3338 3278 quasi
3363 3209 3560 3264 colore
3592 3219 3925 3281 permutato

520 3295 746 3367 pendit,
797 3294 1004 3350 dicens
1032 3310 1044 3347 :
1076 3295 1240 3349 Nemo
1270 3293 1520 3347 militans
1551 3294 1658 3346 Deo
1689 3293 1939 3362 implicat
1979 3309 2032 3347 se
2072 3293 2167 3349 23

523 3387 761 3452 negotiis
799 3383 1170 3451 secularibus,
1220 3389 1282 3436 ut
1330 3385 1381 3437 ei
1416 3383 1637 3452 placeat
1685 3384 1774 3435 cui
1819 3397 1872 3436 se
1912 3382 2173 3451 probavit

519 3476 589 3544 (Il
617 3477 752 3529 Tim.
788 3491 849 3537 ll,
883 3476 957 3543 4).
993 3473 1140 3527 Hinc
1166 3471 1445 3526 Ecclesiaa
1480 3469 1811 3525 rectoribus
1841 3475 1899 3524 et
1927 3470 2170 3525 vacandi

520 3563 715 3618 studia
736 3562 1023 3632 prmcipit,
1047 3567 1103 3615 et
1127 3561 1202 3631 (ά)
1226 3559 1577 3615 consulendi
1601 3559 1865 3613 remedia
1887 3560 2166 3625 ostendit,

519 3651 754 3706 dicens:
781 3651 1080 3705 Saecularia
1103 3650 1277 3717 igitur
1297 3648 1608 3719 (e)judicia
1628 3649 1675 3701 si
1705 3647 2009 3702 habueritis
2039 3665 2168 3702 con-

518 3740 843 3810 temptibiles
863 3741 960 3809 qui
979 3744 1104 3792 sunt
1126 3741 1182 3791 in
1199 3736 1582 3800 Ecclesia,illos
1593 3737 1909 3791 constituite
1926 3737 2160 3808 adjudi-

513 3831 748 3885 candum
770 3830 816 3896 (I
838 3829 957 3883 Cor.
992 3845 1069 3897 vr,
1092 3829 1209 3896 14);
1231 3832 1299 3881 ut
1330 3826 1443 3896 ipsi
1476 3824 2162 3898 videlicetdispensatio-

512 3918 690 3974 nibus
716 3919 969 3973 terrenis
995 3917 1341 3982 inserviant,
1368 3931 1517 3985 quos
1539 3914 1697 3970 dona
1724 3916 2015 3986 spiritalia
2045 3935 2164 3972 non

518 4010 882 4062 xornant.Ac
907 4007 954 4062 si
971 4008 1234 4077 apertius
1255 4005 1445 4059 dicat:
1473 4005 1615 4069 Quia
1631 4011 1943 4075 penetrare
1959 4006 2170 4062 intima

519 4103 845 4167 nequeunt,
881 4097 1090 4150 saltem
1115 4093 1451 4150 necessaria
1473 4093 1614 4147 foris
1645 4100 1986 4164 operentur.
2020 4095 2166 4152 Hinc

517 4187 764 4257 Moyses,
791 4186 890 4256 qui
915 4202 1049 4240 cum
1075 4185 1191 4239 Deo
1214 4182 1700 4253 loquiturtExod.
1735 4199 1892 4240 xvm.
1928 4187 2014 4250 17,
2053 4185 2160 4256 18).

511 4274 708 4330 Jethro
761 4275 1108 4346 alienigenas
1141 4271 1605 4342 reprehensione
1630 4270 1954 4341 judicatur,
2007 4273 2163 4342 quod

516 4365 770 4420 terrenis
800 4363 1154 4436 populorum
1197 4360 1449 4432 negotiis
1491 4358 1670 4414 stulto
1714 4359 1913 4416 labore
1963 4361 2165 4417 deser-

509 4455 628 4508 viat
650 4470 661 4508 :
687 4454 780 4508 cui
805 4459 862 4508 et
884 4452 1202 4507 consilium
1225 4467 1361 4504 mox
1376 4447 1694 4520 prmbetur,
1719 4454 1784 4502 ut
1804 4466 1908 4520 pro
1933 4466 1993 4505 se
2016 4451 2162 4506 alios

2283 3299 2422 3347 ante
2446 3293 2741 3348 humanos
2766 3293 2968 3350 oculos
2991 3295 3120 3366 ejus
3135 3299 3465 3352 reverentia
3477 3297 3752 3369 despecta
3769 3299 3923 3369 palle

2283 3381 2752 3436 scit.Sanctuarii
2769 3399 3002 3452 quoque
3017 3383 3315 3454 lapidesin
3341 3385 3568 3455 plateas
3581 3385 3933 3458 dispergun-

2283 3472 2399 3531 tur,
2417 3485 2550 3522 cum
2576 3485 2886 3524 causarum
2902 3469 3260 3526 secularium
3279 3471 3436 3526 foras
3451 3472 3570 3526 lata
3591 3471 3806 3526 itinera
3827 3489 3929 3526 ex-

2280 3561 2492 3627 patunt
2504 3557 2561 3611 hi
2587 3557 2684 3626 qui
2710 3557 2783 3612 ad
2806 3565 3221 3614 ornamentum
3235 3559 3514 3615 Ecclesia
3531 3561 3782 3616 internis
3797 3577 3926 3632 my-

2280 3645 2474 3699 steriis
2488 3646 2652 3716 quasi
2671 3646 2739 3716 (f)
2753 3647 2813 3701 in
2829 3648 3070 3702 secretis
3092 3648 3453 3705 tabernaculi
3473 3667 3680 3706 vacare
3702 3650 3924 3707 debue-

2278 3740 2436 3788 runt.
2470 3735 2557 3790 Ad
2587 3735 2697 3790 hoc
2728 3735 2944 3807 quippe
2973 3738 3292 3794 sanctuarii
3327 3739 3552 3810 lapides
3584 3739 3823 3804 ﬁebant,
3857 3747 3923 3796 ut

2279 3822 2435 3878 intra
2465 3829 2668 3880 sancta
2697 3830 3031 3880 sanctorum
3064 3826 3127 3882 in
3176 3828 3528 3884 vestimento
3568 3829 3784 3884 summi
3817 3846 3918 3884 sa-

2277 3911 2532 3967 cerdotis
2561 3920 2938 3984 apparerent.
2983 3916 3128 3971 Cum
3159 3933 3294 3971 vero
3325 3917 3585 3973 ministri
3616 3919 3921 3992 religionis

2275 4017 2308 4054 a
2340 4000 2593 4056 subditis
2616 4002 2902 4057 honorem
2927 4003 3334 4076 Redemptoris
3357 4007 3446 4060 sui
3470 4023 3541 4062 ex
3571 4008 3781 4062 merito
3794 4008 3924 4063 vitm

2276 4109 2396 4148 non
2429 4093 2699 4167 exigunt,
2734 4097 3056 4151 sanctuarii
3089 4097 3190 4152 26
3223 4098 3452 4170 lapides
3482 4099 3542 4155 in
3577 4105 3931 4156 ornamento

2274 4183 2577 4253 pontiﬁcis
2611 4201 2732 4239 non
2767 4191 2925 4240 sunt.
2967 4186 3074 4251 Qui
3106 4187 3393 4243 nimirum
3427 4190 3747 4244 sanctuarii
3781 4189 3932 4260 lapi-

2275 4270 2378 4326 des
2410 4271 2660 4343 dispersi
2696 4289 2802 4344 per
2830 4273 3058 4346 plateas
3082 4276 3307 4348 jacent,
3342 4294 3476 4333 cum
3517 4294 3786 4349 personas
3833 4294 3929 4332 sa-

2273 4377 2509 4416 crorum
2540 4361 2817 4417 ordinum
2852 4363 3218 4436 voluptatum
3251 4382 3493 4422 suarum
3526 4369 3603 4436 (gi
3629 4365 3928 4421 latitudini

2273 4448 2515 4516 deditas,
2549 4451 2803 4506 terrenis
2834 4454 3088 4525 negotiis
3120 4455 3434 4512 inhaerent.
3481 4457 3550 4510 Et
3596 4455 3924 4511 notandum

509 4543 580 4599 ad
598 4544 796 4616 jurgia
825 4541 1163 4598 dirimenda
1193 4540 1536 4605 constituat,
1570 4544 1628 4593 et
1654 4539 1779 4610 ipse
1813 4539 2058 4597 liberius
2090 4541 2162 4597 ad
2194 4538 2238 4604 D
2271 4538 2430 4610 quod
2460 4555 2577 4594 non
2607 4539 2715 4595 hos
2748 4541 3048 4612 dispersos
3097 4544 3159 4598 in
3199 4545 3431 4616 plateis,
3479 4545 3583 4600 sed
3632 4545 3691 4600 in
3731 4546 3925 4616 capite

511 4632 866 4689 erudiendos
895 4632 1147 4704 populos
1178 4627 1533 4701 spiritalium
1564 4644 1782 4684 arcana
1821 4637 2160 4703 cognoscat.

584 4726 627 4778 Α
651 4723 902 4778 subditis
926 4738 1062 4794 ergo
1087 4719 1368 4775 inferiora
1391 4717 1650 4790 gerenda
1672 4723 1830 4781 sunt,
1858 4736 1891 4774 a
1912 4721 2164 4776 rectori-

508 4814 617 4868 bus
639 4828 871 4866 summa
901 4809 1247 4882 cogitanda;
1281 4813 1348 4862 ut
1367 4806 1591 4862 scilicet
1612 4807 1874 4876 oculum,
1899 4809 1997 4878 qui
2020 4827 2163 4881 prm-

507 4901 778 4954 videndis
796 4900 1094 4971 gressibus
1116 4897 1356 4969 prmemi
1369 4902 1488 4963 net,
1505 4912 1643 4950 cura
1659 4895 1914 4966 pulveris
1928 4915 2044 4952 non
2061 4901 2160 4955 ob-

507 4996 727 5046 scuret.
755 4992 942 5060 Caput
962 5004 1219 5059 namque
1243 4986 1650 5057 subjectorum
1675 4991 1815 5040 sunt
1837 4987 2031 5041 cuncti
2057 4989 2157 5058 qui

581 5132 657 5203 (a)
687 5135 790 5187 Hic
823 5133 1184 5186 dissentiunt
1204 5132 1335 5184 Mss.
1359 5133 1435 5182 Ex
1458 5127 1912 5203 Anglican.,_alii
1938 5131 2159 5187 habent

509 5199 952 5273 importunitate,
976 5203 1075 5257 alii
1106 5203 1616 5273 inopportunitater;
1642 5199 1798 5273 quod
1823 5201 2075 5257 habetur
2097 5205 2157 5259 in

505 5270 650 5329 Core
669 5317 706 5342 .,
743 5276 892 5328 Belv.
929 5281 987 5328 et
1015 5272 1273 5328 secundo
1305 5274 1541 5326 Carnot.
1569 5270 1886 5340 Sequimur
1914 5275 2158 5330 Trecen-

509 5363 634 5401 sem
657 5363 790 5402 cum
816 5363 931 5414 quo
952 5347 1153 5398 Morm.
1180 5343 1560 5417 conveniunt.
1581 5347 1639 5395 et
1665 5358 1875 5417 omnes
1903 5346 2152 5417 Vulgati.

580 5419 650 5487 (b)
685 5413 880 5483 Corb.,
912 5433 1108 5484 urgere
1137 5431 1211 5469 se.
1246 5416 1309 5467 ln
1342 5415 1614 5481 'l‘recens,
1645 5413 1776 5467 dum
1804 5429 1859 5468 se
1901 5413 2153 5486 urgueri.

577 5490 649 5557 (ο)
679 5489 874 5552 Corb.,
907 5491 1023 5541 vita
1055 5488 1341 5556 turpescit.

576 5554 655 5628 (ἀ)
686 5559 920 5614 Carnot.
955 5554 1169 5629 primu}
1203 5554 1548 5624 consolandi,

604 5635 652 5700 e)
683 5631 1094 5695 Carnotenses,
1128 5630 1370 5697 negotia.

604 5635 652 5700 e)
683 5631 1094 5695 Carnotenses,
1128 5631 1370 5697 negotia.

577 5631 650 5776 if)
681 5701 917 5771 Excusi,
948 5705 1007 5756 in
1036 5702 1251 5756 secretis
1279 5699 1608 5754 sanctuarii.
1641 5697 1849 5771 Coegit
1885 5715 1994 5758 nos
2026 5702 2158 5757 Mss.

2275 4626 2602 4698 platearum
2625 4627 2799 4696 dicit;
2825 4631 2963 4701 quia
2984 4636 3045 4686 et
3064 4646 3195 4687 cum
3222 4638 3455 4689 terrena
3476 4639 3677 4706 agunt,
3702 4633 3920 4689 summi

2271 4715 2454 4770 videri
2487 4722 2799 4787 appetunt,
2847 4724 2914 4772 ut
2954 4724 3011 4773 et
3053 4719 3173 4775 lata
3212 4720 3427 4776 itinera
3469 4727 3713 4777 teneant
3742 4722 3818 4786 (hi
3849 4731 3920 4771 ex

2270 4801 2564 4874 voluptate
2596 4803 3031 4871 delectationis,
3055 4812 3114 4861 et
3145 4813 3341 4862 tamen
3365 4809 3424 4862 in
3446 4808 3775 4879 platearum
3801 4806 3923 4860 sint

2271 4893 2460 4962 capite
2494 4908 2562 4946 ex
2593 4892 2814 4948 honore
2847 4895 3206 4950 sanctitatis.

2341 4981 2431 5036 Nil
2462 4998 2698 5052 quoque
2728 4982 2923 5038 obstat
2952 4985 2998 5038 si
3033 4985 3354 5041 sanctuarii
3403 4985 3630 5058 lapides
3673 4985 3920 5041 eosdem

2267 5125 2587 5202 multitudo
2607 5133 2676 5202 _et
2707 5131 3051 5202 praestantia
3082 5148 3326 5202 ponere,
3361 5134 3717 5190 tabernaculi.
3753 5135 3920 5188 Nunc

2268 5197 2508 5267 quidem
2527 5197 2880 5273 in_'l‘re’censi
2902 5197 3136 5273 legitur,
3150 5197 3492 5268 sanctuarii;
3512 5211 3572 5260 at
3591 5221 3624 5259 a
3655 5204 3919 5261 secunda

2268 5285 2450 5323 manu
2486 5269 2800 5339 scriptum.

2337 5341 2842 5415 (gluttecentiores
2889 5345 3119 5412 Excusi,
3181 5348 3423 5415 libidini,
3484 5347 3920 5403 reluctantibus

2265 5410 2545 5490 omnibus
2577 5413 2707 5465 Mss.
2744 5418 3032 5490 Caeterum
3059 5410 3162 5490 per
3169 5410 3434 5490 personas
3452 5434 3735 5474 sacrarum
3752 5418 3884 5474 ordi
3894 5448 3924 5460 -

2265 5497 2417 5545 num,
2451 5481 2546 5561 hic
2577 5489 2636 5536 et
2667 5484 2841 5553 paulo
2874 5481 3148 5558 superius
3169 5481 3454 5559 intelligit
3485 5490 3647 5561 Greg.
3681 5491 3920 5561 potissi-

2266 5568 2410 5630 num
2433 5552 2771 5630 episcopos,
2793 5552 3167 5630 presbyteris
3195 5552 3473 5616 tamenet
3499 5552 3764 5616 diaconis
3797 5577 3923 5616 non

2272 5623 2552 5680 exclusis.
2589 5623 2687 5681 Vic
2719 5623 2894 5694 intra,
2925 5623 3036 5686 viri
3063 5648 3174 5689 sac.
3207 5632 3331 5690 0rd.

2350 5695 2432 5769 (li)
2451 5696 2590 5752 Tres
2613 5697 2861 5774 Gemet.,
2886 5701 3014 5775 Lyr.
3040 5703 3355 5771 secundus,
3373 5703 3526 5763 And.
3550 5704 3818 5778 Longip.,
3849 5720 3922 5762 σε
