4136 6178
554 381 631 449 l3

553 520 710 577 enim
727 516 967 591 pulvillo
981 517 1234 585 cubitus,
1249 517 1334 574 vel
1358 516 1737 573 cervicalibus
1758 515 2194 588 caputjacentis
2221 534 2272 599 Α

551 609 861 681 excipitur,
883 623 1014 664 cum
1044 608 1424 681 correptionis
1445 607 1664 662 duritia
1691 606 2191 676 peccantisubtra-

549 697 727 764 hitur,
745 697 910 768 eique
935 697 1210 754 mollities
1236 697 1449 753 favoris
1475 697 1805 762 adhibetur,
1833 699 1898 750 ut
1919 694 1976 749 in
1999 709 2194 749 errore

545 787 1016 858 molliterjaceat,
1034 803 1206 858 quem
1227 787 1387 842 nulla
1402 785 1688 855 asperitas
1709 783 2193 840 contradictionis

545 885 761 956 pulsat.
796 885 907 941 Sed
945 884 1062 940 haec
1093 891 1363 951 rectores,
1406 883 1506 938 28
1546 884 1644 954 qui
1677 882 2030 954 semetipsos
2061 880 2192 935 dili-

548 979 714 1047 gunt,
751 975 842 1030 his
876 974 1259 1044 proculdubio
1283 974 1580 1040 exhibent,
1605 989 1639 1027 a
1663 972 1882 1043 quibus
1913 988 1977 1027 se
1999 970 2193 1027 noceri

547 1079 718 1134 posse
738 1064 793 1118 in
820 1064 1019 1118 studio
1042 1062 1239 1134 gloriae
1265 1060 1598 1132 temporalis
1625 1061 1851 1116 timent.
1876 1061 2021 1116 Nam
2047 1076 2195 1133 quos

545 1154 627 1207 nil
659 1157 862 1207 contra
885 1169 946 1207 se
967 1153 1153 1205 valere
1175 1150 1565 1222 conspiciunt,
1585 1149 1692 1206 hos
1719 1150 1998 1204 nimirum
2031 1167 2197 1222 aspe-

541 1239 712 1294 ritate
737 1238 937 1309 rigidaa
961 1253 1191 1307 semper
1211 1237 1556 1292 invectionis
1583 1244 1868 1306 premunt,
1893 1252 2193 1308 nunquam

544 1327 857 1383 clementer
880 1328 1218 1393 admonent,
1252 1327 1349 1381 sed
1388 1327 1694 1397 pastoralis
1724 1325 2196 1382 mansuetudinis

537 1417 723 1486 obliti,
756 1416 884 1486 jure
921 1414 1336 1470 dominationis
1385 1421 1626 1471 terrent.
1677 1418 1830 1483 Quos
1881 1420 2035 1471 recte
2094 1429 2196 1486 per

534 1507 877 1576 prophetam
909 1503 1106 1559 divina
1135 1519 1240 1560 vox
1267 1505 1549 1576 increpat,
1571 1506 1770 1560 dicens
1805 1521 1818 1560 :
1879 1509 1980 1560 Vos
2011 1513 2195 1560 autem

531 1609 657 1648 cum
688 1597 1009 1648 austeritate
1025 1594 1388 1664 imperabatis
1402 1596 1479 1649 eis
1493 1601 1546 1650 et
1560 1610 1686 1649 cum
1706 1596 1952 1665 potentia
1975 1594 1991 1665 (
2003 1594 2189 1648 Ezech.

533 1706 720 1758 xxxuv,
757 1690 831 1761 ri).
866 1688 1002 1745 Plus
1034 1691 1190 1745 enim
1227 1701 1289 1746 se
1318 1707 1424 1746 suo
1455 1693 1696 1746 auctore
1745 1691 2080 1760 diligentes,
2105 1690 2196 1760 ja-s

541 1783 766 1833 ctanter
789 1794 927 1849 erga
957 1778 1226 1833 subditos
1247 1795 1308 1834 se
1327 1778 1582 1850 erigunt,
1608 1793 1710 1834 nec
1735 1778 1874 1846 quid
1898 1793 2068 1851 agere
2092 1778 2191 1832 de-

544 1867 740 1932 beant,
753 1866 855 1922 sed
867 1867 1002 1937 quid
1021 1868 1244 1922 valeant
1261 1868 1454 1924 attend
1467 1873 1569 1922 unt
1590 1885 1604 1935 ;
1622 1867 1700 1922 nil
1721 1867 1792 1923 de
1807 1868 2138 1938 subsequen
2151 1867 2190 1921 ti
2223 1877 2270 1946 Β

529 1956 757 2024 judicio
792 1961 1083 2025 metuunt,
1119 1957 1384 2028 improbe
1423 1956 1494 2010 de
1542 1957 1848 2026 temporali
1905 1959 2192 2027 potestate

536 2043 865 2118 gloriantur
882 2064 896 2114 ;
913 2044 1053 2100 libet
1075 2048 1138 2100 ut
1161 2044 1401 2100 licenter
1423 2049 1481 2100 et
1503 2043 1704 2099 illicita
1721 2045 1954 2111 fariant,
1984 2045 2192 2100 etsub-

536 2136 791 2188 duorum
817 2150 987 2188 nemo
1009 2134 1391 2188 contradicat.
1415 2134 1523 2198 Qui
1547 2149 1682 2202 ergo
1705 2139 1762 2188 et
1785 2149 1964 2204 prava
1995 2134 2196 2188 studet

529 2237 718 2290 agerc,
745 2226 803 2276 et
846 2225 1040 2276 tamen
1089 2223 1160 2277 ad
1215 2225 1333 2278 haec
1379 2222 1502 2276 vult
1531 2228 1765 2278 caeteros
1811 2227 2021 2288 tacere,
2074 2223 2194 2291 ipse

535 2310 949 2365 sibimettcstis
973 2314 1082 2378 est,
1106 2309 1246 2381 quia
1271 2310 1401 2382 plus
1418 2310 1658 2366 veritate
1681 2326 1744 2366 se
1765 2309 1991 2382 appetit
2033 2310 2196 2383 diligi

532 2414 705 2469 quam
740 2403 942 2453 contra
972 2413 1034 2452 se
1066 2415 1180 2453 non
1213 2399 1607 2456 vultdefendi.
1633 2399 1812 2454 Nemo
1844 2399 2060 2470 quippe
2082 2403 2192 2468 est,

535 2484 734 2556 quilla
758 2487 930 2552 vivat,
959 2491 1020 2540 ut
1045 2486 1418 2559 aliquatenus
1447 2505 1558 2543 non
1585 2487 1904 2559 delinquat.
1932 2487 2032 2543 Ille
2055 2504 2190 2559 ergo

541 2598 606 2638 se
633 2583 762 2654 ipso
793 2583 1045 2653 amplius
1079 2585 1378 2638 veritatem
1406 2585 1699 2640 desiderat
1720 2584 1929 2654 amari,
1953 2586 2050 2656 qui
2078 2584 2189 2640 sibi

541 2690 575 2727 a
603 2671 762 2728 nullo
786 2672 909 2726 vult
929 2669 1129 2727 contra
1152 2675 1450 2728 veritatem
1473 2677 1652 2746 parci.
1678 2673 1822 2729 Hinc
1845 2677 2060 2730 etenim
2085 2680 2192 2730 Pe-

531 2768 666 2816 trus
697 2760 1152 2832 increpationem
1189 2761 1348 2816 Pauli
1374 2761 1624 2817 libenter
1645 2763 1868 2834 accepit
1891 2761 2092 2830 (Galat.
2127 2778 2188 2831 ιι,

538 2849 624 2921 11)
649 2866 661 2916 ;
696 2849 832 2904 hinc
863 2849 1042 2904 David
1075 2850 1500 2922 correptionem
1524 2850 1746 2906 subditi
1774 2851 2076 2907 humiliter
2094 2870 2191 2907 au-

532 2948 679 3003 divit
709 2949 786 3017 (l!
815 2951 944 3017 Reg.
977 2965 1079 3014 xu,
1108 2949 1192 3018 7);
1226 2949 1365 3022 quia
1395 2953 1648 3005 rectores
1698 2949 1832 3006 boni
1877 2951 2015 3006 dum
2069 2951 2190 3022 pri-

535 3042 668 3092 vato
690 3037 930 3109 diligere
951 3054 1146 3094 amore
1166 3055 1227 3094 se
1249 3040 1538 3107 nesciunt,
1565 3039 1754 3094 liberie
1777 3040 2044 3112 puritatis
2071 3057 2187 3096 ver-

543 3126 684 3182 bum
711 3142 743 3181 a
764 3125 1016 3181 subditis
1038 3127 1384 3198 obsequium
1411 3126 1762 3183 humilitatis
1783 3128 2048 3183 credunt.
2075 3127 2187 3185 Sed

1754 386 2033 447 SANC'I‘I
2080 382 2442 445 GREGOHII
2487 377 2740 444 MAGNI
3837 383 3897 442 114

2805 513 3032 570 CAPUT
3062 512 3132 570 Ix
3161 514 3268 586 [Αι.
3301 516 3447 584 XX).

2301 603 2448 674 Quod
2479 605 2620 660 scire
2649 604 2886 659 sollicite
2908 607 3084 658 rector
3104 603 3274 666 debet,
3299 605 3433 674 quia
3456 603 3771 678 plerumque
3798 608 3913 661 vilia

2699 677 2924 731 virtute:
2952 691 3008 732 se
3030 691 3142 731 esse
3173 678 3545 731 mentiuntur.

2372 765 2531 822 Scire
2547 763 2722 821 etiam
2744 769 2932 820 rector
2947 764 3118 820 debet
3139 766 3292 836 quod
3315 764 3662 836 plerumque
3679 765 3802 821 vitia
3820 766 3919 821 vir-

2301 860 2458 911 tutes
2480 872 2541 910 se
2563 869 2691 910 esse
2708 855 3092 910 mentiuntur.
3117 854 3260 909 Nam
3279 869 3430 925 saepe
3455 860 3563 910 sui:
3583 856 3920 926 parcitnoniaa

2302 944 2538 1000 nomine
2569 960 2630 1000 se
2659 943 2887 999 tenacia
2921 943 3143 1014 palliat,
3177 950 3494 1015 contraque
3521 960 3582 998 se
3598 945 3792 1000 etiusio
3824 946 3919 1000 sub

2301 1032 2693 1104 appellatione
2721 1031 3010 1103 largitatis
3034 1030 3308 1087 occultat.
3337 1036 3496 1103 Saepe
3521 1032 3829 1088 inordinata
3850 1049 3922 1088 re-

2302 1121 2502 1178 missio
2538 1123 2717 1192 pietas
2749 1122 3029 1191 creditur,
3061 1126 3118 1176 et
3142 1122 3417 1176 effrenata
3441 1121 3524 1175 ira
3547 1121 3810 1192 spiritalis
3827 1121 3922 1176 zeli

2300 1210 2481 1265 virtus
2511 1210 2848 1267 existimatur.
2883 1211 3047 1282 Saepe
3076 1209 3372 1282 precipita
3421 1210 3570 1264 actio
3621 1209 3921 1264 velocitatis

2299 1299 2580 1364 efﬁcacia,
2611 1306 2785 1370 atque
2815 1297 3027 1370 agendi
3060 1299 3305 1354 tarditas
3330 1298 3428 1352 29
3455 1299 3723 1369 gavitatis
3750 1298 3924 1352 censi.

2301 1387 2441 1442 lium
2465 1386 2901 1459 putatur.Unde
2925 1403 3158 1442 necesse
3191 1393 3280 1442 est
3312 1393 3376 1441 ut
3409 1391 3592 1441 rector
3619 1387 3926 1441 animarum

2301 1477 2544 1534 virtutes
2576 1494 2642 1531 ac
2675 1477 2815 1532 vitia
2844 1475 3109 1548 vigilanti
3137 1492 3280 1530 cura
3303 1475 3618 1542 discernat,
3645 1490 3710 1530 ne
3733 1479 3824 1529 aut
3843 1491 3930 1529 cor

2303 1567 2524 1620 tenacia
2554 1575 2812 1636 occepel,
2845 1571 2902 1620 et
2929 1581 3168 1634 parcum
3192 1581 3255 1619 se
3277 1563 3457 1619 videri
3482 1563 3540 1618 in
3565 1564 3935 1634 dispensatio-

2301 1654 2476 1708 nibus
2491 1654 2741 1709 exsultet
2763 1658 2894 1722 ;aut
2911 1668 3044 1708 cum
3072 1652 3255 1708 eﬂ'use
3275 1653 3350 1722 (1))
3372 1651 3516 1722 quid
3540 1653 3814 1723 perditur,
3836 1650 3940 1707 lar-

2299 1755 2439 1814 gum
2467 1759 2530 1798 se
2561 1744 2728 1813 quasi
2761 1741 3094 1796 miserando
3125 1741 3444 1812 glorietur:
3474 1745 3574 1794 aut
3605 1740 3937 1795 remittendo

2301 1833 2456 1902 quod
2491 1830 2661 1886 ferire
2691 1830 2912 1900 debuit,
2956 1828 3030 1884 ad
3077 1840 3290 1884 aeterna
3338 1828 3633 1900 supplicia
3681 1828 3938 1885 subditos

2305 1921 2603 1991 pertrabat
2621 1939 2636 1987 ;
2653 1918 3098 1974 autimmaniter
3117 1917 3376 1973 feriendo
3390 1918 3543 1988 quod
3565 1916 3937 1988 delinquitur.

2305 2009 2426 2080 ipse
2457 2009 2692 2079 gravius
2718 2008 3054 2078 delinquat;
3090 2013 3192 2062 aut
3223 2006 3333 2062 hoc
3363 2007 3518 2077 quod
3565 2006 3656 2077 agi
3699 2011 3841 2062 recte
3872 2024 3938 2062 ac

2301 2099 2553 2170 graviter
2584 2098 2796 2168 potuit,
2829 2097 3146 2153 immature
3189 2098 3543 2166 praeveniens
3578 2096 3808 2168 leviget;
3837 2102 3939 2152 aut

2303 2187 2465 2242 bona:
2513 2188 2762 2243 actionis
2819 2187 3096 2243 meritum
3151 2186 3490 2250 dili'erendo,
3545 2185 3617 2240 ad
3664 2186 3942 2242 deteriora

2304 2277 2371 2348 (c)
2406 2281 2714 2348 permutet.

2801 2365 3030 2422 CAPUT
3071 2367 3125 2421 Χ
3156 2366 3263 2436 [AL
3295 2366 3444 2435 XXI].

2304 2455 2432 2522 Quae
2452 2471 2566 2510 esse
2596 2455 2757 2510 debet
2785 2458 3014 2510 rectoris
3033 2455 3291 2509 discretio
3313 2454 3677 2518 correptionis
3703 2458 3752 2510 et
3786 2454 3944 2510 diui-

2534 2527 2878 2591 mulutionis,
2909 2529 3150 2597 [cruoris
3179 2531 3228 2581 et
3259 2526 3713 2581 mansuetudinis.

2373 2615 2684 2672 Sciendum
2708 2622 3044 2687 quoqueest
3060 2616 3213 2687 quod
3233 2615 3544 2688 aliquando
3561 2615 3947 2686 subjeﬂorum

2303 2705 2440 2760 vitia
2473 2706 2785 2774 prudenter
2814 2705 3244 2760 dissimulanda
3272 2709 3434 2773 sunt,
3467 2705 3563 2761 sed
3591 2706 3729 2777 quia
3757 2705 3936 2760 dissi-

2303 2793 2626 2862 mulantur,
2658 2793 2970 2849 indicanda
2996 2811 3010 2862 ;
3041 2793 3355 2865 aliquando
3387 2802 3440 2849 et
3469 2800 3663 2866 aperte
3695 2795 3945 2865 cegnita,

2301 2888 2529 2938 mature
2549 2882 2870 2952 toleranda,
2888 2883 3199 2952 aliquando
3223 2899 3354 2938 vero
3372 2881 3666 2939 subtiliter
3681 2889 3735 2938 et
3755 2884 3828 2953 (εἰ)
3846 2900 3942 2938 oc-

2301 2971 2458 3027 culta
2473 2978 2889 3044 perscrutanda
2911 2989 2924 3040 ;
2949 2973 3267 3043 aliquando
3285 2971 3495 3028 leniter
3512 2971 3946 3043 arguenda,ali—

2301 3062 2535 3132 quando
2582 3067 2772 3116 autem
2821 3061 3193 3116 vehementer
3237 3061 3612 3132 increpanda.
3647 3059 3946 3115 Nonnulla

2299 3150 2534 3222 quippe,
2569 3155 2631 3205 ut
2653 3151 2933 3216 diXimus,
2967 3151 3282 3221 prudenter
3307 3149 3740 3206 dissimulanda
3779 3153 3942 3216 sunt,

546 3213 830 3314 intefhfm’
859 3231 1094 3318 ηθξδθεεθ
1113 3220 1289 3318 esi“
1310 3217 1956 3318 curafegimin‘is‘lanta
1982 3219 2183 3273 ωοδθ·
2217 3253 2267 3318 C
2298 3213 2572 3310 sed-quia
2609 3213 3080 3308 dissimulantur,
3117 3239 3462 3306 indicanda;
3498 3246 3562 3295 ut
3593 3256 3728 3294 cum
3762 3238 3946 3294 delin-

547 3303 790 3358 raminis
803 3311 921 3358 arte
935 3309 1047 3358 tem
1060 3309 1310 3375 peretur,
1325 3309 1611 3375 quatenus
1632 3305 1998 3360 subditorum
2017 3321 2184 3362 mens

545 3410 680 3448 cum
709 3393 976 3464 quedam
1009 3397 1162 3448 recte
1192 3392 1407 3448 sentire
1438 3393 1706 3464 potuerit,
1735 3393 1900 3449 sicin
1932 3395 2087 3450 vocis
2109 3393 2182 3448 li-

537 3483 820 3537 bertatem
855 3481 1116 3553 prodeat,
1150 3484 1216 3538 ut
1245 3486 1442 3537 tamen
1474 3480 1716 3538 libertas
1744 3484 1802 3538 in
1845 3483 2180 3553 superbiam

535 3588 649 3626 non
665 3575 965 3642 erumpat;
993 3587 1061 3625 ne
1083 3571 1223 3624 dum
1250 3571 1494 3625 fortasse
1514 3570 1954 3628 immoderatius
1971 3572 2179 3643 linguas

531 3659 616 3714 eis
642 3659 883 3714 libertas
905 3659 1408 3728 conceditur,vitie
1425 3659 1496 3714 ab
1519 3659 1607 3714 bis
1630 3658 1926 3717 humilitas
1949 3663 2178 3718 amitta-

529 3750 644 3803 tur.
672 3748 984 3804 Sciendum
1006 3763 1235 3819 quoque
1258 3748 1445 3819 est(a)
1468 3748 1621 3820 quod
1647 3753 2180 3822 oporteatutrecto-

530 3853 622 3892 res
665 3835 799 3892 boni
839 3835 1068 3907 placere
1113 3835 1455 3892 hominibus
1509 3843 1804 3910 appetant,
1839 3839 1938 3894 sed
1969 3845 2032 3895 ut
2057 3855 2175 3897 sua:

529 3932 940 3989 aestimationis
962 3931 1274 3988 dulcedine
1288 3933 1583 4004 proximos
1607 3934 1663 3989 in
1679 3935 1951 3991 alfectum
1978 3938 2177 3994 verita-

531 4023 608 4077 tis
640 4020 892 4086 trahant,
924 4037 1036 4078 non
1072 4027 1134 4076 ut
1155 4037 1218 4077 se
1240 4021 1420 4076 amari
1444 4023 1798 4091 desiderent,
1824 4025 1922 4081 sed
1951 4030 2016 4081 ut
2037 4025 2176 4082 dile-

531 4110 786 4166 ctionem
815 4127 981 4166 suam
1014 4110 1184 4181 quasi
1231 4109 1549 4181 quamdam
1599 4113 1752 4167 viam
1802 4114 2038 4184 faciant,
2075 4132 2173 4184 per

529 4215 704 4271 quam
721 4197 896 4256 corda
909 4199 1269 4254 audientium
1286 4199 1356 4255 ad
1373 4217 1626 4257 amorem
1644 4201 1972 4258 Conditoris
1987 4203 2171 4260 intros

527 4290 766 4344 ducant.
800 4287 1041 4343 Difﬁcile
1074 4287 1290 4360 quippe
1312 4293 1420 4357 est,
1455 4293 1518 4344 ut
1539 4290 1865 4360 quamlibet
1893 4297 2047 4348 recta
2068 4294 2171 4349 de-

527 4379 808 4435 nuntians
839 4378 1179 4450 praedicator
1197 4380 1298 4449 qui
1322 4396 1434 4434 non
1459 4375 1744 4451 diligitur,
1774 4382 2025 4440 libenter
2062 4402 2167 4439 au-

523 4467 738 4522 diatur.
767 4467 946 4522 Debet
967 4482 1100 4534 ergo
1132 4467 1231 4536 qui
1265 4472 1495 4538 praeest,
1524 4473 1580 4523 et
1609 4469 1847 4524 studere
1880 4486 1939 4526 se
1978 4471 2164 4544 diligi,

521 4562 809 4628 quatenus
844 4555 1025 4627 possit
1045 4555 1257 4626 audiri,
1281 4561 1337 4611 et
1358 4561 1550 4612 tamen
1572 4574 1829 4614 amorem
1858 4577 2032 4616 suum
2060 4579 2162 4634 pro

2296 3345 2483 3400 quens
2524 3334 2580 3384 et
2609 3329 2967 3400 deprehendi
3019 3345 3079 3383 se
3129 3329 3421 3397 cognoscit
3472 3336 3526 3384 et
3558 3327 3799 3400 perpeti,
3835 3327 3945 3384 has

2293 3433 2442 3488 quas
2474 3417 2530 3471 in
2565 3434 2626 3473 se
2657 3419 2828 3473 tacite
2856 3417 3086 3473 tolerari
3121 3417 3471 3484 considerat,
3503 3432 3713 3488 augere
3737 3415 3947 3485 culpas

2293 3509 2625 3574 erubescat,
2657 3524 2836 3579 seque
2869 3525 2931 3563 se
2955 3507 3151 3578 judice
3183 3507 3404 3577 puniat,
3439 3523 3612 3578 quem
3638 3505 3747 3560 sibi
3783 3508 3947 3577 apud

2293 3611 2354 3650 se
2379 3596 2617 3652 rectoris
2643 3596 2925 3666 patientia
2948 3595 3261 3652 clementer
3284 3599 3542 3650 excusat.
3567 3595 3691 3658 Qua
3713 3593 3952 3649 scilicet

2291 3687 2759 3744 dissimulatione
2782 3686 3140 3742 bencJudaea
3166 3706 3197 3739 n
3225 3685 3506 3740 Dominus
3520 3684 3785 3756 corripit,
3807 3701 3950 3738 cum

2290 3793 2391 3848 per
2414 3776 2756 3849 prophetam
2780 3776 2916 3830 dicit
2942 3792 2954 3830 :
2983 3777 3230 3830 Mentila
3250 3790 3326 3842 es,
3351 3783 3402 3830 et
3423 3774 3534 3828 mei
3557 3789 3667 3829 non
3688 3789 3744 3828 es
3767 3789 3952 3828 recor-

2286 3866 2443 3931 data,
2474 3881 2645 3937 neque
2674 3863 2926 3935 cogitasti
2955 3866 3014 3918 in
3044 3864 3205 3920 conte
3235 3867 3349 3928 tuo,
3381 3865 3512 3935 quia
3537 3879 3632 3933 ego
3665 3869 3853 3918 tacens
3883 3866 3944 3917 et

2284 3956 2450 4029 quasi
2476 3956 2544 4027 (e)
2579 3972 2683 4011 non
2716 3954 2902 4009 videns
2932 3955 3115 4025 (lsaite
3145 3970 3282 4019 LVII,
3313 3955 3420 4025 11).
3457 3953 3522 4007 Et
3543 3949 3954 4007 dissimulavit

2283 4061 2419 4118 ergo
2450 4043 2674 4116 culpas,
2705 4049 2762 4099 et
2792 4043 3068 4112 innotuit,
3107 4042 3242 4113 quia
3267 4047 3325 4097 et
3352 4047 3555 4097 contra
3590 4046 3944 4109 peccantem

2282 4134 2484 4202 tacuit,
2515 4139 2573 4188 et
2594 4133 2700 4188 hoc
2721 4133 2916 4203 ipsum
2935 4137 3131 4187 tamen
3159 4131 3297 4202 quia
3319 4130 3566 4186 tacuerit
3588 4129 3753 4186 dixit.
3779 4131 3950 4183 Non-

2283 4222 2443 4278 nulla
2473 4225 2668 4276 autem
2720 4219 2809 4276 vel
2841 4225 3036 4292 aperte
3081 4219 3330 4288 cognita,
3367 4225 3596 4274 mature
3625 4217 3954 4274 toleranda

2281 4315 2439 4380 sunt,
2455 4325 2588 4364 cum
2603 4307 3077 4364 videlicetrerum
3105 4306 3773 4379 minimeOpportunitas
3797 4322 3957 4360 con-

2279 4400 2459 4471 gruit,
2492 4403 2558 4454 ut
2588 4407 2782 4470 aperte
2813 4397 3201 4467 corrigantur.
3235 4395 3380 4450 Nam
3413 4400 3573 4450 secta
3614 4396 3953 4449 immatura

2276 4487 2520 4543 vulnera
2549 4487 2809 4542 deterius
2833 4485 3246 4553 iniervescunt,
3271 4489 3328 4539 et
3353 4484 3465 4538 nisi
3496 4499 3630 4538 cum
3665 4488 3958 4552 tempore

2278 4577 2703 4632 medicamenta
2719 4577 3095 4642 conveniant,
3119 4569 3749 4644 constatproculdubio
3777 4570 3951 4640 quod

519 4647 831 4718 semetipso
863 4663 976 4703 non
1003 4663 1280 4717 quaerere,
1307 4662 1378 4701 ne
1400 4647 1725 4705 inveniatur
1751 4651 1803 4705 ei
1828 4651 1921 4706 cui
1944 4653 2160 4710 servire

2295 4663 2528 4721 nedenti
2543 4664 2798 4720 ofﬁcium
2815 4623 3107 4718 amittant.
3125 4662 3234 4717 Sed
3253 4623 3389 4715 curri
3415 4665 3646 4728 tempus
3669 4676 3738 4712 su
3752 4623 3856 4714 υίὶί
3871 4658 3958 4713 tis

516 4744 888 4817 peroilicium
903 4742 1178 4809 cernitur,
1205 4743 1432 4799 occulta
1461 4745 1832 4815 cogitationis
1855 4750 2160 4820 tyrannide

517 4834 823 4890 resultare.
857 4833 1016 4899 Quod
1033 4833 1178 4887 bene
1195 4831 1412 4887 Paulus
1427 4831 1713 4902 insinuat,
1729 4851 1860 4890 cum
1877 4836 1970 4891 sui
1995 4839 2162 4895 nobis

518 4921 698 4978 studii
729 4921 958 4976 occulta
987 4921 1341 4988 manifestat,
1375 4919 1574 4976 dicens
1609 4937 1622 4977 :
1667 4923 1827 4979 Sicut
1855 4929 1905 4980 et
1941 4941 2038 4995 ego
2063 4943 2160 4998 per

517 5012 702 5067 omnia
731 5009 983 5065 omnibus
1005 5010 1189 5078 placeo
1217 5008 1267 5079 (1
1297 5008 1415 5064 Cor.
1449 5026 1504 5078 χ,
1538 5000 1652 5083 33).
1676 5012 1782 5076 Qui
1807 5017 2000 5069 tamen
2030 5032 2156 5071 rur-

517 5116 619 5156 sus
646 5100 786 5156 dicit
804 5117 816 5154 :
833 5098 1414 5155 Siadhuchominibus
1426 5098 1723 5169 placerem,
1742 5100 1950 5159 Christi
1970 5120 2156 5162 servus

513 5214 624 5253 non
650 5213 817 5252 essem
847 5193 1048 5268 (Galat.
1083 5213 1123 5262 ι,
1156 5196 1263 5267 10).
1300 5195 1492 5251 Placet
1515 5211 1652 5268 ergo
1685 5195 1922 5268 Paulus,
1959 5208 2016 5257 et
2039 5220 2152 5259 non

511 5289 722 5358 placet,
756 5289 895 5357 quia
927 5289 982 5340 in
1015 5301 1081 5341 eo
1113 5285 1265 5356 quod
1293 5283 1518 5356 placere
1539 5288 1776 5356 appetit,
1807 5305 1919 5345 non
1943 5307 2025 5359 se,
2050 5291 2154 5348 sed

508 5393 610 5448 per
633 5391 696 5432 se
727 5375 1064 5432 hominibus
1094 5375 1317 5447 placere
1339 5375 1643 5432 veritatem
1675 5379 1903 5448 quierit.

578 5503 653 5574 (a)
674 5502 950 5572 Corrupto
982 5501 1039 5555 in
1070 5499 1268 5578 Gilot.,
1301 5497 1500 5578 _V_atio.‘
1524 5503 1582 5555 et
1611 5501 1801 5578 _plur.,
1850 5494 1994 5578 quod
2035 5526 2150 5564 non

504 5570 785 5645 oporteat;
811 5570 1278 5644 repugnantibus
1304 5570 1444 5629 Mss.
1473 5570 1728 5644 Anglia,
1765 5570 1900 5643 etc},
1926 5593 2149 5639 necnon

503 5646 686 5704 invito
715 5660 914 5700 sensu.

574 5718 643 5785 (ti)
675 5716 850 5781 Editi,
884 5720 1087 5770 contra
1117 5717 1252 5769 Mss.
1285 5715 1480 5779 ﬁdem,
1514 5717 1650 5789 quid
1682 5718 2036 5790 impenditur.

2267 4757 2340 4811 ad
2371 4753 2793 4826 correptionem
2826 4758 3126 4824 quaeritur,
3153 4749 3262 4805 sub
3285 4750 3411 4818 ipso
3442 4747 3752 4817 culparum
3783 4763 3958 4820 pon-

2267 4846 2402 4901 dere
2437 4842 2717 4914 patientia
2762 4839 3031 4912 praasulis
3074 4843 3398 4893 exercetur.
3445 4838 3610 4893 Unde
3641 4837 3800 4892 bene
3840 4853 3963 4908 per

2266 4931 2637 4989 Psalmistam
2670 4931 2888 4986 dicitur
2924 4945 2938 4984 :
2974 4928 3152 4999 Supra
3171 4926 3391 4982 dorsum
3411 4941 3589 4980 meum
3613 4926 3961 4986 fabricave-

2266 5033 2397 5078 runt
2417 5028 2723 5094 peccatores
2755 5018 2926 5090 (Psal.
2961 5033 3198 5081 cxxvm,
3231 5017 3305 5083 3).
3361 5015 3427 5071 In
3481 5015 3656 5070 dorso
3704 5015 3959 5087 quippe

2268 5127 2445 5168 onera
2466 5109 2849 5166 sustinemus.
2873 5107 3064 5177 Supra
3084 5106 3326 5160 dorsum
3347 5103 3526 5176 igitur
3546 5119 3717 5158 suum
3749 5102 3914 5158 fabri
3931 5132 3959 5141 -

2270 5217 2430 5256 casse
2464 5204 2791 5270 peccatores
2822 5196 3114 5268 queritur,
3146 5209 3211 5249 ac
3242 5194 3290 5249 si
3314 5199 3512 5266 aperte
3543 5193 3697 5248 dicat
3725 5208 3739 5246 :
3771 5191 3960 5256 Quos

2267 5291 2552 5361 corrigere
2571 5303 2816 5358 nequeo,
2834 5285 3000 5356 quasi
3023 5283 3547 5356 superimpositum
3566 5298 3717 5336 onus
3733 5292 3927 5353 porto
3941 5322 3956 5334 .

2337 5377 2634 5436 Nonnulla
2660 5387 2853 5432 autem
2885 5375 3116 5432 occulta
3147 5372 3443 5430 subtiliter
3473 5376 3611 5428 sunt
3642 5386 3955 5442 perscru-

2334 5505 2405 5574 (c)
2437 5504 2643 5571 1.aud.,
2665 5504 2979 5574 permittet.

2335 5568 2415 5648 (α’)
2443 5568 2689 5648 Cernat;
2711 5575 2936 5647 primus
2974 5581 3029 5632 et
3067 5573 3364 5648 secundu‘s
3405 5568 3573 5637 Aud.,
3601 5574 3654 5626 et
3686 5568 3953 5648 occulte.

2329 5641 2833 5721 ('ejPrimueGirn.
2854 5662 2988 5707 cum
3002 5645 3287 5720 Bpriorib.
3306 5642 3492 5712 Gem.,
3516 5658 3623 5699 non
3648 5641 3920 5698 audiens
3934 5684 3949 5696 .
