4136 6178
235 427 312 484 45
983 425 1321 486 REGULJE
1364 419 1850 483 PASTORALIS
1899 421 2149 481 LIBER.
2195 457 2272 466 —-
2315 423 2516 484 PARS
2561 424 2942 485 SECUNDA.
3584 428 3661 486 46

229 559 444 626 tande,
481 563 546 612 ut
577 558 934 627 quibusdam
953 557 1137 630 signis
1153 555 1609 628 erumpentibus,
1634 554 1897 610 rectorin
1929 555 1980 621 Α
2012 557 2175 627 signa
2200 557 2544 621 forinsecus.
2571 559 2966 628 deindejanua
2988 564 3198 630 apertis
3221 563 3302 634 (rt)
3327 562 3655 629 iniquitatis

233 649 616 704 subditorum
650 656 841 703 mente
873 663 1049 702 omne
1081 649 1232 719 quod
1259 647 1528 702 clausum
1567 644 1907 710 lalet,inve-

236 738 388 802 nisi,
408 743 463 791 et
485 737 909 791 interveniente
934 735 1319 802 correptionis
1345 735 1623 799 articulo,
1643 751 1712 788 ex
1734 734 1905 788 mini-

235 828 348 881 mis
382 826 605 894 majora
637 833 976 897 cognoscat.
1012 824 1174 881 Unde
1217 829 1373 878 recte
1422 825 1495 878 ad
1546 822 1904 878 Ezechielem

226 917 468 969 dicitur:
489 916 606 970 Fili
622 915 975 985 hominis,(a)
992 920 1121 985 [olle
1134 916 1440 984 parientem
1455 912 1673 978 (Μαι-ἠ.
1687 929 1804 978 mi,
1824 915 1898 982 δ).

223 1003 324 1059 Ubi
360 1021 505 1058 mox
538 1003 703 1059 idem
739 1006 1025 1076 prapbeta
1053 1002 1360 1073 subjungit
1383 1020 1394 1056 :
1417 1003 1622 1057 Etcum
1642 1001 1900 1072 fudissem

224 1097 522 1167 parietem,
546 1095 818 1164 apparuit
837 1096 1040 1150 ostium
1061 1111 1255 1148 unum.
1290 1097 1354 1148 Et
1386 1095 1541 1148 dixit
1559 1092 1780 1147 adme:
1804 1094 1897 1147 ln-

220 1185 476 1253 gredere,
506 1187 560 1239 et
582 1185 719 1239 cide
746 1183 1194 1239 abominationes
1222 1181 1506 1254 pessimos,
1533 1197 1675 1253 quas
1693 1182 1794 1236 isti
1806 1189 1896 1249 fa-

216 1277 371 1328 eiant
407 1275 523 1328 hic.
549 1275 619 1329 Et
661 1272 945 1341 ingressus
976 1273 1090 1327 ridi
1108 1289 1128 1333 :
1170 1282 1219 1328 el
1242 1287 1361 1328 ecce
1391 1273 1568 1327 omnis
1592 1270 1895 1327 similitudo

216 1362 540 1432 reptitium,
567 1372 622 1416 et
637 1365 980 1418 animalium
1008 1359 1363 1430 abominatio,
1393 1369 1443 1416 et
1475 1364 1728 1416 universa
1748 1360 1895 1414 idola

215 1455 413 1506 domus
450 1453 632 1507 Israel
649 1451 870 1520 depicta
893 1459 1053 1507 erant
1079 1453 1140 1506 in
1156 1453 1370 1523 pariete
1401 1450 1560 1522 (Ibid.
1580 1453 1634 1517 9,
1657 1451 1763 1504 1οΜ
1789 1453 1893 1504 Per

213 1541 589 1597 Ezechielem
613 1541 834 1612 quippe
858 1541 1298 1611 praepositorum
1321 1555 1571 1611 persona
1603 1539 1888 1609 signatur,

215 1645 315 1701 per
346 1630 647 1699 parietem
677 1630 894 1684 duritia
923 1630 1313 1685 subditorum.
1341 1630 1408 1683 Et
1437 1628 1574 1698 quid
1601 1632 1688 1682 est
1711 1627 1892 1698 parie-

212 1725 326 1773 tem
364 1719 600 1782 fodere,
626 1718 744 1772 nisi
769 1718 960 1773 acutis
980 1717 1460 1789 inquisitionibus
1492 1718 1594 1772 80
1611 1715 1886 1771 duritiam

217 1809 412 1862 cordis
429 1807 707 1877 aperire?
721 1809 894 1872 Quem
911 1823 1042 1862 cum
1071 1808 1160 1862 l'od
1174 1810 1330 1873 isset,
1357 1823 1502 1878 appa
1514 1805 1884 1874 ruitostium;

2014 646 2356 710 ostenditur,
2379 651 2438 701 et
2459 656 2595 702 tunc
2612 648 2848 705 demum
2875 664 3045 704 omne
3069 649 3287 707 malum
3305 652 3462 724 quod
3499 654 3655 710 intus

2016 733 2148 788 latet
2180 734 2453 806 aperitur.

2084 825 2378 881 Nonnulla
2404 833 2593 882 autem
2619 835 2750 882 sunt
2774 827 3321 900 leniterarguenda:
3365 847 3497 889 nam
3518 850 3652 890 cum

2013 927 2124 968 non
2151 915 2394 981 malitia,
2416 917 2512 970 sed
2546 915 2666 971 sola
2697 916 3024 985 ignorantia
3052 917 3141 972 vel
3173 917 3511 976 iulirmitate
3540 924 3650 978 de-

2010 1002 2318 1075 linquitur,
2353 1005 2608 1073 profecto
2641 1021 2877 1061 necesse
2908 1011 2997 1062 est
3050 1012 3115 1062 ut
3145 1023 3354 1076 magno
3387 1012 3649 1066 modera-

2010 1092 2168 1147 mine
2191 1092 2318 1164 ipsa
2331 1093 2524 1148 delicti
2541 1095 3295 1166 correptiotemperetur.Cu
3307 1099 3650 1171 nctiquippe

2007 1198 2316 1255 quousque
2347 1183 2404 1238 in
2439 1184 2544 1239 hac
2578 1183 2809 1238 mortali
2831 1200 3004 1239 carne
3026 1185 3649 1251 subsistimus,corru-

2005 1271 2219 1343 ptionis
2236 1277 2446 1328 nostras
2464 1272 2900 1329 inﬁrmitatibus
2921 1273 3315 1344 subjacemus.
3337 1279 3415 1332 Ex
3435 1289 3497 1332 se
3512 1293 3646 1349 ergo

2002 1359 2167 1415 debet
2193 1360 2443 1431 quisque
2474 1359 2742 1431 colligere
2774 1361 3024 1431 qualiter
3052 1361 3252 1418 aliena
3279 1364 3438 1422 hunc
3471 1382 3646 1437 opor-

1999 1451 2114 1503 teat
2130 1449 2202 1516 (e)
2217 1448 2595 1504 imbecillitati
2625 1448 2909 1517 misereri,
2929 1464 2999 1504 ne
3018 1456 3218 1506 contra
3240 1451 3642 1510 infirmitatem

2001 1536 2242 1606 proximi
2263 1537 2314 1592 si
2329 1539 2398 1592 ad
2427 1537 2838 1609 increpationis
2855 1555 3048 1595 vocem
3067 1541 3384 1596 ferventius
3401 1542 3639 1614 rapitur,

1998 1623 2213 1681 oblitus
2236 1626 2323 1682 sui
2359 1639 2487 1682 esse
2519 1627 2800 1684 videatur.
2834 1627 2994 1683 Unde
3017 1629 3160 1685 bene
3201 1630 3416 1685 Paulus
3439 1635 3641 1688 sumo-

1997 1720 2116 1782 net,
2137 1715 2338 1772 dicens
2363 1732 2375 1771 :
2420 1716 2480 1771 Si
2525 1723 2936 1786 praeoccupatus
2964 1721 3133 1786 luerit
3163 1718 3321 1774 homo
3350 1721 3411 1775 in
3453 1722 3640 1792 aliqua

1995 1804 2212 1871 delicto,
2236 1821 2326 1861 vos
2348 1807 2448 1877 qui
2475 1805 2766 1876 spiritales
2783 1806 2934 1870 estis,
2960 1809 3222 1862 iusti-uite
3241 1808 3557 1879 hujusmodi
3577 1812 3636 1866 in

219 1897 362 1968 quia
377 1898 730 1951 eumeordis
746 1897 963 1951 duritia
990 1897 1074 1951 vel
1095 1896 1378 1951 studiosis
1401 1894 1883 1964 percunctationi-
1917 1925 1964 1990 Β
1992 1894 2197 1965 spiritu
2225 1896 2698 1960 mansuetudinis,
2726 1899 3085 1952 considerans
3111 1899 3370 1962 teipsum,
3403 1916 3472 1954 ne
3498 1905 3549 1955 et
3579 1909 3640 1955 tu

224 1986 352 2051 bus,
386 1989 472 2040 vel
532 1984 791 2040 maturis
823 1985 1294 2055 correptionibus
1339 1983 1648 2050 scinditur,
1713 1983 1884 2055 quasi

212 2077 482 2146 quaedam
513 2078 708 2141 janua
738 2077 1089 2142 ostenditur,
1124 2091 1193 2130 ex
1224 2091 1340 2146 qua
1365 2074 1649 2129 omniain
1683 2089 1751 2128 eo
1785 2074 1885 2144 qui

208 2166 529 2233 corripitur
548 2165 984 2235 cogitationum
1011 2164 1283 2218 interiora
1308 2161 1807 2218 videanturUnde
1829 2168 1886 2217 et

205 2254 502 2310 beneillic
549 2254 854 2325 sequitur:
887 2253 1172 2323 Ingredere
1205 2258 1254 2307 et
1278 2254 1408 2308 uide
1447 2250 1882 2307 abominationes

197 2347 496 2414 pessimus,
520 2361 664 2415 quas
685 2342 782 2398 isti
800 2342 1338 2413 [nciunthicilbidi
1365 2342 1537 2406 Quasi
1555 2341 1883 2414 ingreditur

202 2440 267 2487 ut
288 2432 779 2488 abominationes
797 2432 1063 2502 aspiciat,
1092 2432 1189 2503 qui
1217 2430 1502 2487 discussis
1524 2431 1877 2503 quibusdam

202 2523 396 2594 signis
421 2522 691 2578 exterius
725 2522 1163 2592 apparentibus,
1199 2521 1279 2575 ita
1303 2521 1476 2576 corda
1505 2521 1877 2576 subditorum

203 2616 502 2684 penetrat,
532 2616 597 2663 ut
620 2618 833 2666 cuncta
849 2614 899 2664 ei
925 2627 1052 2684 quas
1072 2611 1272 2664 illicite
1294 2610 1628 2680 cogitantur
1658 2610 1880 2665 innote-

203 2707 392 2756 scunt.
433 2699 607 2755 Unde
637 2708 695 2753 et
724 2699 988 2753 subdidit
1018 2716 1032 2756 :
1067 2700 1132 2755 Et
1162 2702 1442 2769 ingressus
1473 2701 1595 2753 vir/t
1628 2706 1718 2766 ;et
1762 2715 1878 2755 erce

199 2793 385 2845 omnis
403 2788 731 2844 similitudo
751 2788 1064 2853 reptilium,
1099 2795 1150 2844 et
1179 2789 1524 2843 animalium
1538 2788 1876 2843 abominatio

202 2881 421 2950 (ibid).
455 2880 516 2934 in
543 2878 852 2948 reptilibus
875 2879 1255 2948 cogitationes
1273 2879 1511 2932 omnino
1544 2883 1782 2932 terrenae
1802 2876 1874 2932 si-

206 2983 487 3043 gnantur,
511 2973 572 3027 in
608 2973 967 3027 animalibus
985 2986 1116 3026 vero
1141 2972 1263 3041 jam
1285 2971 1522 3043 quidem
1544 2971 1874 3042 aliquantu-

205 3063 320 3115 tum
358 3078 396 3114 ει
426 3065 592 3116 terra
613 3075 938 3130 suspensae,
973 3059 1070 3116 sed
1097 3060 1286 3114 adhuc
1311 3068 1547 3116 lerrenaa
1585 3059 1870 3114 mercedis

204 3151 446 3222 praemia
506 3148 901 3220 requirentes.
935 3152 1080 3204 Nam
1123 3147 1355 3219 reptilia
1383 3153 1504 3203 toto
1535 3162 1603 3202 ex
1631 3162 1869 3217 corpore

205 3239 707 3305 terrainbssrent,
727 3238 1004 3293 animalia
1027 3239 1311 3307 (b)autem
1335 3253 1547 3308 magna
1568 3241 1727 3307 parte
1743 3253 1865 3292 cor-

203 3329 374 3398 poris
397 3344 428 3381 a
450 3334 603 3382 terra
621 3343 911 3397 suspensa
933 3334 1092 3395 sunt,
1116 3327 1381 3397 appetitu
1403 3332 1597 3381 tamen
1622 3324 1769 3398 gulis
1790 3325 1861 3380 ad

206 3425 428 3473 terram
449 3433 686 3488 semper
701 3416 1542 3487 inclinantur.Reptiliaitaque
1557 3424 1697 3470 sunt
1714 3415 1866 3472 intra

209 3521 522 3578 parietem,
559 3507 794 3576 quando
825 3507 1201 3577 cogitationes
1222 3505 1618 3562 volvunturin
1649 3513 1866 3574 mente,

211 3613 340 3668 qua
372 3615 407 3649 a
437 3597 693 3652 terrenis
722 3596 1029 3651 desideriis
1062 3609 1362 3666 nunquam
1396 3595 1685 3651 levantur.
1716 3598 1865 3652 Aui-

211 3688 392 3742 malia
411 3703 644 3757 quoque
665 3686 971 3741 suntintra
994 3687 1296 3758 parietem,
1330 3687 1560 3758 quando
1593 3691 1651 3742 et
1681 3687 1730 3742 si
1752 3704 1868 3758 qua

205 3776 328 3846 jam
350 3777 544 3844 justa,
564 3775 752 3846 siqua
783 3775 1024 3830 honesta
1054 3775 1407 3847 cogitantur,
1428 3776 1766 3846 appetendis
1788 3785 1867 3830 ta-

215 3881 349 3920 men
387 3864 569 3920 lucris
590 3864 1007 3936 temporalibus
1027 3864 1464 3935 honoribusque
1495 3864 1864 3932 deserviunt;

211 3961 266 4009 et
299 3971 406 4026 per
436 3955 754 4024 semetipsa
771 3953 1146 4025 quidemjam
1174 3953 1342 4024 quasi
1363 3970 1396 4008 a
1415 3959 1562 4008 terra
1585 3963 1868 4023 suspensa

216 4050 377 4109 sunt,
410 4045 511 4098 sed
573 4041 764 4097 adhuc
796 4059 896 4112 per
935 4042 1219 4096 ambitum
1253 4041 1418 4112 quasi
1453 4058 1553 4112 per
1583 4041 1731 4113 gula:
1763 4044 1866 4097 de-

215 4133 498 4188 siderium
525 4149 649 4188 sese
679 4133 756 4200 (ε)
789 4134 854 4187 ad
891 4131 1011 4187 ima
1041 4131 1422 4187 submittunt.
1453 4129 1615 4187 Unde
1644 4141 1698 4187 et
1723 4132 1867 4186 bene

215 4222 518 4277 subditur:
539 4222 601 4276 Et
621 4226 717 4276 uni
725 4238 877 4277 versa
893 4221 1051 4277 idola
1069 4221 1260 4276 domus
1279 4219 1459 4276 Israel
1474 4219 1690 4291 depicta
1706 4227 1867 4276 erant

217 4310 268 4364 ia
298 4311 754 4381 parietewzech.
786 4311 1042 4380 vm,iO).
1077 4309 1370 4381 Scriptum
1390 4311 1604 4381 quippe
1625 4315 1709 4366 est
1744 4325 1759 4365 :
1795 4313 1868 4364 Et

213 4403 474 4466 avaritia,
509 4416 629 4472 quae
667 4403 750 4456 est
787 4400 1062 4456 idolorum
1091 4401 1334 4454 servitus
1375 4398 1600 4469 (Coloss.
1642 4413 1729 4464 ut,
1783 4399 1861 4469 5).

213 4490 378 4544 Baete
407 4505 548 4561 ergo
591 4494 723 4559 post
752 4488 1054 4557 animalia,
1088 4487 1245 4544 idola
1275 4487 1700 4556 describuntur,
1730 4489 1865 4558 quia

211 4582 311 4635 etsi
347 4580 600 4635 honesta
639 4580 862 4635 actione
892 4577 1164 4634 nonnulli
1207 4580 1329 4648 jam
1365 4577 1532 4651 quasi
1563 4595 1596 4632 a
1625 4582 1780 4633 terra
1804 4594 1864 4634 se

1993 1982 2219 2038 tenteris
2247 1984 2451 2053 (Galat.
2480 1999 2555 2049 vr,
2617 1987 2690 2054 1).
2726 1990 2804 2040 Ac
2826 1985 2874 2040 si
2896 1994 3090 2055 aperte
3121 1985 3311 2042 dicat:
3342 1990 3488 2044 Cum
3549 1989 3636 2044 di-

1990 2073 2196 2144 splicet
2226 2090 2293 2128 ex
2323 2074 2508 2130 aliena
2543 2075 2891 2130 inﬁrmitate
2924 2077 3074 2146 quod
3105 2077 3413 2146 conspicis,
3457 2095 3634 2149 pensa

1990 2164 2141 2233 quod
2171 2179 2270 2230 es;
2306 2171 2364 2217 ul
2396 2163 2454 2217 in
2488 2163 2907 2233 increpationis
2927 2165 3047 2219 zelo
3070 2179 3130 2219 se
3154 2165 3632 2237 spiritustempe-

1989 2256 2092 2316 ret,
2126 2253 2268 2307 dum
2301 2253 2409 2307 sibi
2439 2269 2668 2324 quoque
2700 2253 2856 2322 quod
2889 2253 3148 2322 increpat
3175 2253 3360 2308 timet.

2057 2340 2350 2396 Nonnulla
2379 2345 2574 2396 autem
2632 2345 2771 2396 sunt
2831 2340 3204 2397 vehementer
3250 2341 3626 2414 increpando,

1985 2432 2079 2487 31
2128 2437 2190 2488 ut
2229 2449 2360 2488 cum
2395 2433 2567 2504 culpa
2611 2433 2682 2489 ab
2713 2434 2781 2504 (Ι)
2814 2438 3047 2489 auctore
3089 2443 3200 2490 non
3233 2435 3625 2508 cognoscitur,

1985 2521 2187 2591 quanli
2209 2521 2286 2575 sit
2315 2522 2608 2592 ponderis.
2630 2522 2702 2576 ab
2722 2521 3078 2594 increpantis
3110 2539 3208 2579 ore
3239 2525 3537 2580 sentiatur.
3560 2527 3628 2580 Et

1984 2624 2114 2663 cum
2140 2609 2249 2665 sibi
2282 2609 2414 2681 quis
2444 2611 2665 2665 malum
2710 2611 2858 2682 gnod
2883 2614 3234 2682 perpetravit
3263 2612 3494 2682 levigat,
3523 2615 3628 2670 hoc

1982 2702 2178 2752 contra
2210 2715 2271 2753 se
2326 2697 2572 2769 graviter
2603 2716 2670 2754 ex
2701 2700 3067 2770 corripientis
3097 2703 3411 2771 asperitate
3454 2701 3630 2773 perti-

1981 2790 2218 2840 mescat.
2247 2785 2511 2841 Debitum
2539 2787 2753 2858 quippe
2775 2788 3007 2843 rectoris
3028 2798 3112 2844 est
3137 2805 3405 2861 superate
3429 2795 3630 2860 patrita

1980 2874 2214 2946 gloriam
2241 2889 2342 2945 per
2361 2891 2556 2930 vocem
2598 2877 3016 2944 praedicationis
3039 2881 3366 2942 ostendere,
3403 2884 3628 2951 quanta

1978 2964 2034 3019 in
2051 2963 2367 3035 buiusvitaa
2382 2966 2585 3021 itinere
2602 2967 3196 3038 tentamentaantiqui
3213 2967 3397 3023 hostis
3413 2967 3625 3024 lateant

1975 3057 2220 3125 aperire,
2242 3057 2299 3108 et
2321 3055 2692 3111 subditorum
2713 3055 2866 3110 mala
2890 3069 3018 3127 qua
3039 3058 3262 3112 tolerari
3279 3057 3487 3113 leniter
3509 3073 3621 3114 non

1975 3141 2210 3208 debent,
2234 3157 2361 3196 cum
2393 3157 2599 3208 magna
2635 3143 2738 3198 zeli
2779 3143 3088 3210 asperitate
3118 3146 3447 3215 corrigere;
3481 3162 3551 3203 ne
3576 3147 3622 3201 si

1975 3232 2173 3286 minus
2200 3235 2405 3284 contra
2427 3231 2633 3300 culpas
2656 3232 3018 3293 accenditur.
3037 3231 3337 3302 culparum
3359 3235 3624 3290 omnium

1978 3335 2112 3374 reus
2128 3318 2252 3390 ipse
2272 3324 2550 3373 teneatur.
2568 3317 2728 3372 Unde
2753 3319 2897 3373 bene
2910 3319 2978 3373 ad
2997 3319 3352 3375 Ezechielem
3371 3320 3620 3378 dicitur:

1976 3410 2142 3464 Sume
2162 3407 2265 3464 tibi
2287 3407 2602 3475 laterem,et
2621 3421 2786 3476 pones
2816 3410 3033 3477 eum(g)
3063 3424 3248 3464 coram
3270 3417 3407 3475 le,et
3426 3408 3624 3464 descri-

1978 3498 2065 3552 bes
2083 3499 2142 3552 in
2162 3512 2222 3553 eo
2239 3497 2517 3552 civitatem
2531 3497 2836 3553 Jerusalem
2855 3498 2874 3567 (
2885 3497 3080 3554 [ἐπειδὴ.
3107 3513 3182 3566 1v,
3209 3499 3282 3567 1).
3305 3497 3623 3567 Statimque

1977 3586 2355 3659 eubjungilur
2378 3603 2391 3642 :
2427 3587 2488 3640 Et
2515 3585 2800 3641 ordinabis
2831 3585 3088 3642 adversus
3115 3599 3240 3643 eam
3261 3585 3623 3657 obsidionem,

1975 3685 2029 3736 et
2047 3677 2344 3747 zdiﬁcabis
2377 3681 2787 3745 munitiones,et
2800 3678 3170 3749 comportabis
3180 3685 3511 3750 aggerem,et
3523 3678 3622 3734 tta-

1978 3769 2059 3823 bis
2078 3776 2271 3824 contra
2303 3785 2423 3824 eam
2453 3779 2656 3824 castra.
2685 3776 2738 3824 et
2757 3784 2924 3839 pones
2944 3771 3144 3824 arietes
3175 3772 3233 3824 in
3264 3785 3419 3839 gyro.
3443 3768 3622 3836 Eique

1976 3857 2141 3928 (h)nd
2174 3857 2557 3914 munitionem
2580 3874 2748 3912 suam
2778 3858 3040 3926 protinus
3066 3858 3459 3912 subinfertur:
3487 3857 3621 3912 Ettu

1974 3962 2127 4002 sume
2165 3947 2266 4002 tibi
2291 3949 2630 4016 sartaginem
2660 3948 2924 4014 ferream,
2955 3950 3008 4000 et
3039 3961 3210 4016 pones
3237 3961 3360 4000 eam
3397 3960 3620 4000 murum

1973 4037 2214 4105 ferreum
2245 4037 2393 4092 inter
2436 4039 2486 4090 te
2513 4044 2563 4090 et
2594 4036 2738 4090 inter
2765 4034 3065 4091 civitatem.
3099 4037 3276 4103 Cujus
3302 4035 3455 4090 enim
3479 4031 3620 4089 Eze-

1975 4119 2124 4177 chiel
2149 4123 2432 4193 propheta
2451 4121 2563 4176 nisi
2597 4120 2999 4190 magistrorum
3033 4121 3495 4190 speciemtenet?
3518 4118 3622 4176 Cui

1975 4209 2220 4267 dicitur:
2250 4210 2414 4267 Sume
2433 4211 2536 4268 tibi
2555 4211 2804 4279 laterem,
2828 4220 2880 4268 et
2908 4225 3076 4283 pones
3106 4228 3231 4270 eum
3259 4229 3446 4272 coram
3470 4220 3540 4284 te.
3567 4222 3623 4273 et

1974 4298 2242 4354 describes
2263 4300 2323 4354 in.
2351 4315 2411 4356 eo
2441 4299 2727 4356 cititatem
2753 4300 3082 4357 Jerusalem.

2046 4387 2240 4444 Sancti
2301 4389 2514 4460 quippe
2568 4388 2832 4444 doctores
2889 4390 2998 4446 sibi
3042 4391 3286 4448 laterem
3353 4397 3618 4464 sumunt,

1977 4479 2206 4549 quando
2229 4481 2518 4533 terrenum
2542 4477 2876 4534 auditorum
2900 4491 3019 4548 cor,
3039 4488 3102 4535 ut
3125 4479 3620 4556 doceant,ap'pre-

1979 4567 2259 4624 hendunt.
2291 4569 2468 4632 Quem
2527 4567 2752 4624 scilicet
2782 4567 3024 4626 laterem
3056 4585 3253 4628 coram
3287 4588 3345 4628 se
3377 4580 3622 4642 ponunt,

207 4671 458 4742 ετῑεαηι,
492 4668 816 4723 ambitione
846 4672 1040 4723 tamen
1074 4667 1383 4722 inhonesta
1414 4669 1761 4737 semetipsos
1781 4666 1851 4720 ad
1890 4656 1933 4719 D
1965 4656 2100 4727 quia
2132 4659 2252 4710 tota
2274 4654 2418 4710 illud
2449 4656 2658 4712 mentis
2691 4657 3012 4714 intentione
3043 4659 3481 4716 custodiunt.ln
3505 4676 3622 4732 quo

210 4767 420 4812 terram
438 4757 927 4826 deponunt.Bene
949 4760 1146 4811 autem
1165 4756 1402 4824 dicitur,
1427 4758 1654 4825 Depicta
1670 4763 1860 4821 erant;

208 4863 349 4918 quia
378 4848 520 4901 dum
539 4846 894 4902 exteriorum
929 4861 1123 4900 rerum
1156 4844 1512 4901 intrinsecus
1543 4845 1768 4916 Species
1786 4850 1864 4898 at-

202 4936 545 5000 trahuntur,
566 4931 736 5006 quasi
759 4934 819 4989 in
837 4931 1011 4989 corde
1043 4933 1378 5006 depingitur
1405 4933 1689 5005 quidquld
1712 4931 1862 4988 lictis

203 5023 566 5097 imaginibus
582 5021 980 5088 deliberando,
998 5023 1298 5092 cogitatur.
1318 5021 1649 5078 Notandum
1672 5023 1864 5094 itaque

199 5122 288 5171 est
321 5113 469 5187 quia
498 5111 663 5184 prius
697 5111 1032 5168 foramenin
1051 5111 1292 5181 pariete,
1325 5126 1392 5167 ac
1413 5109 1622 5166 deinde
1649 5110 1862 5167 ostium

199 5208 486 5270 cernitur,
508 5205 568 5256 et
593 5205 733 5256 tunc
746 5197 982 5255 demum
1002 5198 1231 5256 occulta
1251 5198 1608 5255 abominatio
1631 5199 1868 5254 demon-

198 5297 426 5350 stratur
449 5291 631 5364 ;quia
657 5291 936 5346 nimirum
972 5289 1436 5360 uniuscujusque
1467 5290 1683 5361 peccati
1705 5289 1867 5361 prius

265 5463 347 5529 (ιτ)
367 5460 524 5514 Tres
544 5456 736 5529 Gem._.
755 5453 1004 5529 fodetibi
1022 5472 1036 5521 ;
1055 5453 1207 5526 quod
1225 5453 1365 5509 olim
1387 5453 1593 5529 lectum
1611 5454 1667 5509 in
1683 5453 1870 5522 Trec.,

196 5524 481 5598 anu/oi:
505 5529 612 5580 ibi.
652 5524 828 5581 [idem
863 5527 1028 5591 Cod.,
1057 5524 1108 5582 et
1134 5543 1258 5581 cum
1290 5525 1672 5596 perfodissem.

259 5597 353 5672 (ὁ)
381 5609 476 5656 tta
510 5599 653 5654 Mss.
687 5604 868 5654 etvet.
890 5598 991 5654 Ed.
1023 5597 1087 5654 in
1125 5603 1366 5662 recent.,
1395 5599 1535 5655 male
1560 5597 1815 5670 corporis
1844 5613 1857 5663 ;

209 5679 366 5746 quod
405 5673 660 5746 minime
683 5685 899 5746 verum.

273 5757 352 5815 te)
395 5744 560 5799 And.
606 5743 920 5810 secundus,
953 5742 1030 5799 ad
1061 5743 1180 5798 ima
1211 5739 1565 5814 suspendunt.

1972 4751 2028 4800 et
2057 4745 2345 4800 civitatem
2377 4743 2701 4800 Jerusalem
2750 4746 3033 4815 jubentur
3062 4748 3388 4804 describere
3420 4765 3435 4815 ς
3486 4749 3623 4819 quia

1974 4835 2342 4907 praedicando
2359 4834 2605 4890 terrenis
2619 4835 2888 4892 cordibus
2901 4842 3184 4892 curantsu
3197 4853 3624 4910 mmoperequa

1973 4924 2046 4980 sit
2077 4938 2336 4996 supernae
2363 4925 2521 4994 pacis
2543 4923 2689 4981 visio
2714 4924 3136 4982 demonstrare.
3163 4925 3276 4983 Sed
3297 4925 3628 4998 quiaincas-

1975 5033 2107 5075 sum
2131 5017 2314 5091 gloria
2331 5017 2525 5088 patriae
2552 5016 2800 5074 caelestis
2821 5017 3180 5089 agnoscitur,
3204 5018 3319 5076 nisi
3341 5023 3630 5092 etquanta

1977 5108 2068 5165 hic
2092 5108 2315 5163 irruant
2334 5104 2522 5162 hostis
2545 5106 2742 5163 callidi
2767 5109 3124 5165 tentamenta
3139 5113 3481 5179 noscantur,
3498 5111 3630 5180 apte

1977 5196 2349 5266 subjungitur
2372 5212 2385 5250 :
2411 5187 2474 5251 Et
2505 5195 2798 5252 ordinabis
2819 5195 3085 5253 adversus
3110 5210 3232 5255 eam
3260 5193 3628 5266 obsidionem,

1977 5296 2028 5344 et
2052 5283 2356 5357 aediﬁcabis
2381 5287 2732 5342 munitiones.
2758 5287 2955 5344 Sancti
2980 5288 3192 5362 quippe
3224 5288 3632 5362 praedicatores

2050 5451 2131 5522 (Δ)
2163 5447 2431 5519 Longip.,
2462 5444 2872 5522 inquisitionis.

2051 5517 2125 5664 (μζ
2153 5517 2366 5594 [ιγπίοῐ
2399 5517 2697 5575 secundus
2727 5521 2902 5588 Aud.,
2932 5521 3257 5593 inﬁrmitati
3283 5523 3562 5596 prodesse.

2052 5599 2096 5663 (/
2154 5592 2360 5656 Laud,
2393 5592 2598 5644 actore.
2631 5661 2640 5664 _

2052 5592 2122 5663 (/)
2154 5592 2360 5656 Laud,
2393 5592 2598 5644 actore.

2055 5661 2133 5736 (ά)
2160 5667 2392 5722 Carnot.
2427 5661 2742 5736 secundus,
2773 5670 2967 5722 contra
2998 5669 3070 5720 η,

2057 5731 2138 5810 (ἦ)
2167 5736 2361 5804 Corb.,
2393 5735 2464 5790 ait
2495 5731 2885 5793 munitionem.
