4136 6178
564 428 640 487 47
1777 411 2053 474 SANCTI
2096 406 2465 470 GllEGOBlI
2510 409 2749 471 MAGNI
3861 414 3929 474 48

567 559 930 616 obsidionem
956 557 1107 614 circa
1141 555 1399 615 laterem,
1422 550 1480 605 in
1516 564 1632 620 quo
1664 544 1977 603 Jerusalem
2005 544 2210 600 civitas
2231 550 2289 611 Α
2319 543 2472 613 apud
2505 559 2567 599 se
2604 560 2837 617 semper
2861 545 2933 600 ad
2979 546 3379 616 penitentiam
3423 550 3683 602 recurrat
3716 572 3729 614 ;
3761 550 3819 602 ut
3844 563 3937 619 per

568 648 862 720 descripta
892 655 994 712 est,
1022 644 1319 706 ordinant,
1347 639 1586 711 quando
1611 643 1852 692 terrente
1886 632 2087 698 menti,
2117 633 2215 686 sed

562 739 688 808 jam
721 750 1033 807 supernam
1083 730 1323 802 patriam
1365 726 1703 799 requirenti,
1750 727 1969 794 quanta
1997 738 2124 777 eam
2156 720 2216 774 in

569 826 748 896 hujus
764 825 890 878 vitae
905 829 1162 892 tempore
1180 817 1453 873 vitiorum
1480 817 1773 886 impugnet
1792 811 2113 866 adversitas
2127 808 2220 863 de-

565 918 908 970 monstrant.
941 909 1088 965 Nam
1121 923 1254 962 cum
1271 903 1736 976 unumquodque
1754 904 2056 971 peccatum
2071 912 2215 967 quo-

567 1002 741 1058 modo
773 996 1220 1070 proficientibus
1242 993 1549 1048 insidietur
1577 985 2219 1057 ostenditur,quasiob-

569 1091 717 1146 sidio
747 1088 903 1144 circa
949 1085 1245 1141 cintatem
1275 1081 1596 1138 Jerusalem
1652 1094 1789 1133 voce
1823 1074 2223 1148 praedicatoris

564 1180 884 1236 ordinatur.
925 1175 1033 1229 Sed
1077 1171 1217 1244 quia
1246 1188 1361 1227 non
1395 1168 1582 1226 solum
1616 1167 1829 1223 debent
1858 1166 2221 1242 innotescere

568 1268 811 1340 qualiter
868 1264 1007 1319 vitia
1054 1264 1416 1333 impugnent,
1461 1274 1662 1314 verum
1696 1255 1867 1311 etiam
1930 1252 2220 1323 quomodo

564 1354 864 1413 custodita
885 1369 991 1407 nos
1014 1353 1255 1407 virtutes
1287 1349 1586 1411 roborent,
1624 1351 1776 1399 recte
1804 1342 2178 1410 subiungitur
2203 1355 2216 1393 :

565 1450 628 1504 Et
658 1445 956 1518 aediﬁcabis
985 1441 1347 1497 munitiones.
1371 1438 1722 1493 Munitiones
1745 1434 1961 1505 quippe
1983 1436 2225 1486 sanctus

565 1537 911 1609 praedicator
931 1532 1202 1595 aedificat,
1225 1528 1459 1600 quando
1481 1542 1610 1597 quae
1633 1524 1872 1578 virtutes
1896 1520 2109 1609 quibus
2132 1535 2223 1574 re-

565 1627 780 1681 sistant
810 1623 964 1678 vitiis
990 1616 1453 1677 demonstrat.Et
1484 1615 1647 1687 quia,
1673 1619 1969 1668 crescente
1982 1608 2221 1676 virtute,

2318 631 2571 687 lamenta
2598 633 2825 689 veniam
2857 634 2914 687 in
2946 642 3251 705 conspectu
3283 635 3541 691 veritatis
3574 637 3845 701 obtineat,
3876 652 3936 691 ex

2322 737 2388 776 co
2419 721 2594 776 etiam
2628 724 2775 792 quod
2813 740 2913 794 per
2948 723 3053 778 zeli
3104 726 3229 791 ejus
3259 725 3511 780 studium
3547 734 3763 797 pecul.
3794 726 3933 790 Quod

2325 810 2565 881 ﬁgurate
2596 811 2875 867 Dominus
2924 829 3024 883 per
3053 815 3281 885 Moysen
3315 815 3593 885 praecipit,
3629 815 3856 872 dicens:
3887 815 3947 869 Si

2322 898 2446 970 quis
2469 899 2664 955 abierit
2684 916 2811 954 cum
2830 901 3006 957 amico
3034 917 3132 958 suo
3157 904 3483 972 simpliciter
3502 902 3559 958 in
3583 905 3781 959 silvam
3800 906 3867 959 ad
3884 904 3946 958 li-

2323 1004 2431 1053 gna
2451 988 2727 1053 exdenda,
2750 992 2799 1044 el
2833 989 3049 1057 lignum
3070 992 3280 1045 securis
3308 992 3387 1059 (.i)
3410 994 3615 1061 Ingerit
3644 1010 3829 1060 manu,
3849 995 3948 1063 [er-

2323 1093 2552 1147 rumque
2585 1077 2802 1149 lapsum
2830 1078 2895 1133 de
2926 1080 3215 1135 manubrio
3233 1081 3475 1134 amicum
3505 1081 3622 1151 ejus
3641 1083 3950 1151 percusserit

2324 1170 2372 1219 et
2395 1165 2671 1234 occiderit,
2696 1167 2863 1222 hicad
2886 1185 3046 1222 unam
3066 1168 3521 1239 supra/liciarum
3543 1170 3761 1224 urbium
3779 1172 3846 1239 (e)
3864 1175 3948 1241 [u-

2321 1255 2455 1322 giet,
2478 1263 2527 1309 et
2546 1256 2682 1310 vivet
2706 1273 2719 1322 ;
2750 1272 2817 1311 ne
2839 1258 2981 1327 forte
3004 1259 3294 1328 promimus
3322 1258 3460 1329 ejus,
3482 1259 3640 1322 cuius
3657 1258 3851 1328 e/fws'us
3878 1268 3948 1314 est

2322 1345 2576 1413 sanguis,
2608 1345 2811 1401 doloris
2832 1346 3060 1401 stimulo
3110 1354 3472 1419 persequatur
3519 1358 3569 1402 et
3598 1348 3952 1418 apprehendat

2322 1448 2465 1501 eum,
2482 1439 2532 1488 et
2542 1435 2809 1504 percutiat
2822 1437 3067 1491 animam
3080 1437 3196 1503 eius
3208 1436 3743 1508 (Deut.xrx,l,5).Ad
3759 1436 3947 1492 silvam

2325 1522 2538 1595 quippe
2560 1541 2692 1580 eum
2716 1528 2899 1580 amico
2922 1526 3098 1591 imus,
3124 1527 3352 1597 quoties
3373 1528 3440 1582 ad
3460 1527 3742 1582 intuenda
3762 1527 3951 1582 subdi-

2324 1616 2519 1667 torum
2540 1612 2750 1670 delieta
2770 1614 3178 1670 convertimur.
3209 1616 3273 1670 Et
3301 1614 3647 1686 simpliciter
3664 1615 3814 1687 ligna
3829 1632 3954 1671 suc-

571 1713 918 1785 plerumque
949 1708 1097 1765 bella
1128 1704 1472 1764 tentationis
1511 1708 1821 1774 augentur,
1856 1708 2005 1755 recte
2035 1698 2224 1751 adhuc
2326 1702 2601 1770 eidimus,
2626 1720 2757 1757 cum
2778 1702 3250 1775 delinquentium
3276 1705 3524 1774 vitiapia
3547 1705 3855 1760 intentione
3875 1723 3955 1761 rc-

568 1802 839 1859 additur:
864 1802 927 1855 Et
942 1797 1315 1869 comportabis
1331 1808 1605 1864 aggerem.
1636 1800 1687 1845 et
1716 1788 1871 1845 dabis
1899 1796 2090 1843 contra
2104 1802 2225 1841 eam
2326 1792 2736 1847 secamus.Sed
2754 1792 2972 1848 securis
2994 1796 3068 1863 (Ι)
3087 1810 3255 1848 manu
3289 1794 3456 1865 fugit,
3482 1811 3612 1848 cum
3637 1811 3762 1849 sese
3783 1795 3955 1849 incre-

567 1895 768 1957 castra,
789 1893 839 1946 et
864 1904 1025 1960 pones
1043 1888 1245 1942 arietes
1262 1888 1315 1938 in
1340 1885 1777 1953 gyroAggcrem
1805 1892 2048 1946 namque
2071 1891 2224 1930 com-
2248 1924 2295 1988 Β
2332 1880 2483 1948 patio
2518 1880 2643 1950 plus
2674 1899 2848 1953 quam
2873 1898 3108 1938 necesse
3139 1891 3221 1937 est
3254 1883 3312 1937 in
3345 1884 3719 1954 asperitatem
3750 1888 3954 1951 pertra-

742 1984 749 1988 ‘
979 1977 996 1988 ‘
1204 1974 1241 1988 "
1322 1976 1331 1988 ι
1473 1971 1668 1988 ηθκκη-
1712 1968 1910 1988 —--_I--_
1949 1979 2176 1988 -_-.A.-_
2329 1967 2407 1988 Lfn
2472 1969 2535 1988 n-
2654 1986 2732 1988 de.
2804 1987 2811 1988 κ
2868 1973 2881 1988 Ι
2971 1987 2997 1988 νγ
3140 1971 3151 1988 ¹
3212 1970 3224 1983 ⁸
3437 1971 3470 1988 ’1
3505 1977 3514 1988 ι
3757 1973 3767 1988 Ι

569 1984 778 2051 portat,
803 1977 1038 2050 quando
1070 1974 1405 2046 praedicator
1427 1971 1675 2041 quisque
1710 1968 1913 2023 molem
1945 1979 2213 2020 crescen-

567 2072 646 2124 tis
677 2065 1007 2123 lectationis
1028 2063 1304 2119 enuntiat.
1332 2060 1401 2114 Et
1435 2063 1635 2113 contra
1660 2054 1987 2111 Jerusalem
2029 2057 2216 2106 eastra

568 2158 757 2229 erigit,
783 2154 1108 2227 quando(a)
1144 2147 1635 2206 rectteinteutioni
1655 2143 2011 2200 audientium
2032 2140 2215 2229 hostis

566 2227 756 2302 callidi
774 2245 853 2313 (1))
875 2244 1323 2309 circumspectus
1339 2242 1390 2292 et
1406 2235 1570 2307 quasi
1589 2227 2214 2303 incomprehensibilcs

566 2333 811 2390 insidias
832 2329 1111 2403 praedicit.
1137 2330 1319 2397 Atque
1341 2325 1458 2380 arie
1496 2340 1556 2378 es
1580 2323 1635 2376 in
1673 2336 1811 2392 gyro
1849 2317 2032 2390 ponit,
2075 2332 2208 2370 cum

563 2421 954 2479 tentationum
980 2415 1209 2472 aculeos
1230 2415 1288 2468 in
1302 2413 1409 2466 hac
1431 2412 1548 2465 vita
1563 2425 1667 2464 nos
1690 2408 2209 2478 undiquecircum-

566 2509 951 2575 dante3,et(c)
967 2505 1242 2560 virtutum
1262 2515 1491 2554 murum
1511 2493 2206 2569 perforanlesinuotescit.

640 2599 751 2654 Sed
781 2602 993 2652 cuncta
1031 2593 1152 2647 haec
1180 2589 1317 2646 licet
1342 2586 1632 2643 subtiliter
1690 2589 1876 2640 rector
1930 2582 2211 2649 insinuet,

568 2688 679 2745 nisi
713 2691 915 2742 contra
945 2681 1159 2738 delicta
1188 2676 1547 2750 singulorum
1582 2670 1975 2729 aemulationis
2005 2670 2208 2740 spiritu

564 2772 1030 2844 ferveat,nullam
1046 2770 1157 2827 sibi
1173 2770 1231 2824 in
1246 2771 1477 2839 perpetu
1489 2780 1583 2819 um
1599 2761 2013 2818 absolutionem
2026 2764 2208 2832 parat.

642 2865 800 2923 Unde
823 2863 942 2918 illic
961 2860 1149 2916 adhuc
1171 2862 1324 2914 recte
1339 2854 1711 2926 subiungitur
1732 2869 1750 2906 :
1774 2852 1874 2907 32
1898 2852 1961 2905 Et
1985 2856 2042 2905 tu
2061 2863 2215 2904 sume

562 2955 667 3011 tibi
689 2950 1033 3020 sartaginem
1045 2950 1306 3019 ferream,
1327 2953 1381 2999 et
1403 2958 1566 3011 pones
1584 2957 1705 2997 eum
1725 2956 1946 2994 murum
1966 2942 2211 3011 ferreum

562 3048 710 3100 inter
737 3053 786 3099 te
806 3046 856 3098 et
884 3041 1030 3095 inter
1047 3038 1348 3092 civitatem.
1389 3037 1488 3087 Per
1509 3031 1863 3101 sartaginem
1880 3028 2092 3099 quippe
2120 3026 2215 3080 fri-

564 3150 711 3190 xura
742 3130 974 3193 mentis,
999 3144 1097 3200 per
1115 3128 1330 3182 ferrum
1351 3138 1480 3178 vero
1501 3120 1915 3192 increpationis
1940 3118 2213 3172 fortitudo

565 3223 852 3297 signatur.
885 3219 1033 3286 Quid
1063 3232 1195 3273 vero
1227 3215 1414 3270 acrius
1448 3210 1699 3265 doctoris
1740 3217 2010 3274 mentem,
2041 3222 2210 3278 quam

2327 1967 2431 2022 bit.
2468 1969 2820 2040 Ferrumque
2850 1973 2921 2025 de
2955 1970 3264 2026 manubrio
3298 1971 3544 2043 prosilit,
3577 1988 3705 2027 cum
3740 1973 3805 2027 de
3831 1989 3953 2027 cor-

2326 2058 2586 2125 reptione
2615 2076 2803 2115 sermo
2835 2060 3036 2115 durior
3067 2061 3310 2116 excedit.
3338 2060 3403 2114 Et
3433 2061 3685 2115 amicum
3716 2062 3953 2131 percutit

2324 2150 2381 2200 et
2401 2147 2630 2207 occidit.
2656 2150 2789 2218 quia
2808 2150 3124 2206 auditorem
3159 2165 3328 2205 suum
3363 2149 3587 2221 prolata
3617 2151 3953 2205 contumelia

2321 2251 2352 2288 a
2372 2234 2578 2305 spiritu
2595 2236 2919 2291 dilectionis
2942 2237 3230 2294 interficit.
3250 2239 3510 2309 Correpti
3529 2253 3776 2309 namque
3798 2253 3953 2293 mens

2324 2330 2556 2392 repente
2611 2326 2680 2379 ad
2715 2325 2909 2380 odium
2953 2327 3194 2397 proruit,
3228 2326 3279 2381 si
3329 2327 3479 2381 hanc
3517 2332 3830 2381 memorata
3857 2327 3952 2381 in-

2321 2414 2570 2482 crepatio
2604 2414 2732 2482 plus
2755 2414 3386 2483 quamdebuitaddicit.
3416 2414 3592 2470 Sedis
3612 2415 3707 2486 qui
3732 2414 3948 2471 incaute

2319 2496 2479 2571 ligna
2496 2504 2802 2570 pcrcutitet
2820 2504 3142 2573 proximum
3158 2502 3565 2574 exstinguit,ad
3581 2508 3696 2557 tres
3720 2519 3948 2559 necesse

2320 2595 2409 2645 est
2436 2591 2608 2646 urbes
2668 2591 2865 2663 fugiat,
2898 2591 3037 2647 utin
3074 2608 3183 2648 una
3216 2608 3411 2647 earum
3458 2594 3730 2648 defensus
3763 2592 3948 2660 vivat;

2322 2680 2456 2749 quia
2478 2681 2526 2733 si
2551 2680 2618 2734 ad
2645 2681 2996 2751 pcenitentia:
3021 2681 3274 2736 lamenta
3294 2698 3632 2745 conversus,
3659 2681 3715 2735 in
3739 2680 3953 2737 unitate

2321 2771 2664 2824 sacramenti
2699 2771 2811 2826 sub
2840 2787 2941 2842 spe
2991 2781 3044 2826 et
3072 2771 3356 2827 charitate
3387 2773 3781 2843 absconditur,
3828 2788 3955 2829 reus

2322 2859 2629 2930 perpetrati
2663 2859 2959 2915 homicidii
2988 2876 3099 2915 non
3123 2865 3369 2916 tenetur.
3406 2864 3662 2933 Eumque
3692 2863 3952 2917 exstincti

2322 2948 2625 3019 proximus
2655 2953 2711 3002 et
2738 2965 2867 3002 cum
2902 2948 3185 3004 invenerit
3224 2965 3335 3004 non
3369 2949 3581 3004 occidit
3618 2967 3632 3016 ;
3666 2951 3799 3020 quia
3823 2966 3955 3006 cum

2323 3039 2624 3093 districtus
2647 3037 2828 3108 judex
2856 3038 3097 3104 venerit,
3128 3037 3231 3108 qui
3262 3054 3386 3093 sese
3416 3037 3580 3092 nobis
3612 3053 3711 3107 per
3737 3046 3957 3094 naturis

2323 3133 2534 3183 nostrze
2555 3129 2904 3182 consortium
2929 3128 3147 3197 junxit,
3172 3127 3242 3180 ab
3265 3144 3330 3183 eo
3364 3126 3748 3197 proculdubio
3773 3129 3954 3201 culpae

2325 3222 2550 3272 reatum
2576 3232 2689 3272 non
2707 3215 2941 3286 espetit,
2966 3232 3140 3287 quem
3160 3216 3268 3272 sub
3290 3216 3417 3287 ejus
3435 3216 3602 3271 venia
3626 3215 3782 3286 fides,
3799 3234 3955 3290 spes,

565 3287 841 3368 zelusDei
863 3307 1087 3378 trigitet
1112 3298 1440 3359 excruciat?
1462 3298 1624 3355 Unde
1648 3298 1865 3353 Paulus
1887 3297 2064 3365 hujus
2082 3313 2209 3350 sar-
2239 3287 2281 3353 C
2319 3312 2377 3361 et
2405 3304 2663 3362 charitas
2691 3304 3017 3360 abscondit,

566 3402 781 3474 taginis
800 3399 1076 3455 urebatur
1099 3395 1337 3458 frixura,
1368 3408 1501 3447 cum
1526 3391 1742 3445 diceret
1766 3404 1780 3442 :
1807 3389 1938 3456 Quis
1960 3385 2211 3456 inﬁrma-

567 3499 662 3547 tur
678 3493 728 3547 et
744 3505 841 3559 ego
865 3504 976 3543 non
995 3486 1247 3555 inﬁrmor
1266 3484 1293 3535 ?
1313 3485 1439 3552 quis
1459 3479 1959 3542 scandalizatur,“
1987 3491 2082 3545 ego
2100 3490 2210 3530 non

564 3596 695 3635 uror
724 3578 839 3649 ?(II
869 3577 993 3631 Cor.
1021 3589 1100 3637 ιι,
1125 3573 1238 3641 29).
1277 3575 1338 3623 Et
1363 3568 1504 3639 quia
1529 3564 1797 3637 quisquis
1828 3564 1952 3618 zcilo
1980 3563 2081 3618 Dei
2113 3580 2207 3617 ac-

561 3667 850 3733 cenditur,
876 3678 946 3719 ne
967 3659 1233 3716 damnari
1263 3674 1331 3712 ex
1354 3653 1707 3726 negligentia
1737 3653 1965 3722 debeat,
1988 3651 2207 3707 forti-in

564 3763 904 3828 perpetuum
934 3749 1202 3807 custodia
1232 3746 1514 3812 munitur,
1547 3749 1700 3799 recte
1743 3742 1954 3797 dicitur
1988 3758 2000 3795 :
2035 3747 2210 3797 Panes

561 3860 688 3899 eam
703 3856 923 3897 murum
936 3838 1185 3912 ferreum
1199 3837 1343 3891 inter
1355 3838 1405 3888 te
1415 3831 1780 3888 etcivitatem.
1804 3832 2036 3901 Sarlago
2052 3830 2207 3884 enim

563 3934 749 3990 ferrea
781 3944 980 3986 murus
1027 3929 1245 3983 ferreus
1278 3925 1427 3979 inter
1459 3921 1799 3993 prophetam
1830 3925 1887 3975 et
1916 3920 2206 3974 civitatem

568 4021 835 4095 ponitur;
858 4018 996 4091 quia
1015 4031 1145 4073 cum
1172 4030 1326 4069 nunc
1348 4013 1550 4067 fortem
1572 4010 1760 4066 zelum
1783 4007 2210 4064 rectoresexhi-

568 4112 722 4177 bent,
745 4108 1015 4166 eumdem
1042 4106 1229 4160 zelum
1255 4100 1621 4173 postmodum
1650 4099 1801 4153 inter
1821 4114 1880 4153 se
1901 4103 1957 4153 et
1976 4097 2209 4153 audito-

561 4215 654 4257 res
676 4214 810 4254 suos
832 4197 1035 4252 fortem
1062 4192 1449 4248 munitionem
1475 4192 1673 4244 tenent
1692 4205 1707 4254 ;
1729 4204 1800 4243 ne
1824 4196 1958 4242 tunc
1980 4186 2053 4243 ad
2083 4187 2208 4241 vin-

555 4289 770 4345 dictam
793 4284 1059 4341 destituti
1094 4282 1231 4348 sint,
1251 4282 1300 4335 si
1326 4293 1483 4335 nunc
1514 4277 1730 4333 fuerint
1757 4276 1815 4331 in
1846 4275 2211 4345 correptione

562 4375 851 4433 dissoluti.

637 4466 744 4521 Sed
764 4464 913 4520 inter
932 4463 1050 4518 haec
1079 4459 1376 4516 sciendum
1402 4460 1491 4513 est
1519 4456 1653 4527 quia
1680 4455 1820 4511 dum
1846 4455 1915 4510 ad
1942 4456 2208 4527 increpa-

565 4552 783 4610 tionem
815 4565 878 4606 se
907 4565 1073 4604 mens
1103 4546 1353 4602 doctoris
1404 4546 1726 4613 exasperat,
1778 4540 2016 4597 difficile
2046 4541 2211 4597 valde

2707 3415 2805 3470 aa
2848 3414 3083 3469 CAPUT
3121 3414 3190 3470 XI
3222 3415 3351 3486 [AL.
3381 3414 3557 3485 XXII].

2316 3506 2586 3574 Quantum
2612 3514 2787 3559 rector
2807 3520 2981 3559 sacra:
3002 3505 3135 3586 legis
3156 3504 3604 3559 meditationibus
3624 3517 3742 3559 esse
3761 3502 3965 3560 debeat

2997 3585 3264 3630 intentus.

2384 3665 2496 3722 Sed
2526 3681 2698 3721 omne
2729 3664 2837 3720 hoc
2864 3663 2971 3719 rite
3000 3681 3032 3718 a
3090 3668 3308 3719 rectore
3347 3664 3563 3737 agitur,
3598 3663 3647 3720 si
3693 3680 3961 3735 superna

2316 3754 2639 3808 formidinis
2670 3761 2724 3807 et
2782 3751 3108 3808 dilectionis
3138 3753 3344 3823 spiritu
3379 3752 3635 3820 afﬂatus,
3695 3753 3965 3808 studiose

2314 3843 2571 3914 quotidie
2602 3841 2751 3897 sacri
2781 3841 2989 3912 eloquii
3023 3847 3309 3913 prtecepta
3331 3841 3686 3912 meditetur;
3720 3846 3786 3896 ut
3809 3840 3871 3895 in
3897 3857 3965 3897 eo

2314 3931 2428 3985 vim
2460 3930 2888 3999 sollicitudinis,
2922 3940 2971 3986 et
3004 3947 3137 4001 erga
3166 3931 3462 3987 cmlestem
3496 3931 3671 3986 vitam
3706 3931 3966 4001 providm

2312 4021 3049 4093 circumspectionis,quam
3069 4022 3332 4077 humanae
3347 4020 3805 4076 conversationis
3822 4035 3968 4073 usus
3988 4086 4011 4095 μ

2314 4110 2711 4170 indesinenter
2756 4111 3024 4179 destruit,
3059 4111 3264 4166 divinae
3314 4108 3730 4165 admonitionis
3790 4108 3973 4163 verba

2315 4203 2632 4256 restaurent
2653 4217 2668 4267 ;
2689 4203 2745 4254 et
2765 4200 2862 4270 qui
2879 4201 2946 4254 ad
2971 4202 3311 4255 vetustatem
3334 4198 3464 4254 vitta
3490 4214 3588 4268 per
3617 4198 3967 4254 societatem

2314 4289 2677 4344 stecularium
2692 4289 2724 4342 d
2737 4290 2888 4344 ucitu
2901 4290 3026 4354 r,ad
3048 4303 3302 4344 amorem
3317 4303 3549 4359 semper.
3565 4284 3854 4359 spiritalis
3870 4302 3976 4356 pa-

2312 4380 2437 4434 trias
2461 4380 3009 4452 compunclionis(g)
3032 4379 3384 4451 aspiratione
3412 4384 3738 4434 renovetur.
3774 4374 3975 4430 Valde

2314 4485 2570 4541 namque
2602 4470 2753 4526 inter
2792 4469 3050 4525 humana
3090 4470 3264 4525 verba
3301 4485 3398 4524 cor
3427 4467 3661 4534 deﬂuit;
3706 4481 3978 4536 cumque

2315 4558 2711 4614 indubitanter
2736 4562 2964 4614 constet
3009 4558 3163 4629 quod
3194 4557 3449 4613 externis
3503 4556 3981 4627 occupationum

567 4647 657 4701 63l-
688 4645 877 4697 υδοοῐ)
904 4636 1223 4711 aliquando
1251 4640 1309 4691 et
1339 4635 1407 4690 ad
1446 4632 1663 4706 aliqum
1699 4632 1848 4704 c1‘10d
1874 4632 2066 4687 dicere
2090 4648 2204 4687 ηοη
2241 4639 2286 4704 D
2320 4647 2662 4702 tumultibus
2692 4647 3012 4717 impulsum
3042 4664 3075 4701 a
3104 4647 3417 4715 semetipso
3442 4647 3698 4708 corruat,
3725 4643 3985 4699 studere

568 4733 735 4790 debet
752 4728 1116 4801 erumpat.Et
1140 4726 1481 4798 plerumque
1498 4722 1781 4794 contingit
1798 4725 1860 4775 ut
1881 4721 2018 4775 dum
2039 4720 2211 4793 culpa

569 4821 937 4878 subditorum
970 4833 1099 4873 cum
1132 4830 1342 4886 magna
1380 4810 1700 4866 invectione
1733 4808 2060 4881 corripitur,
2083 4826 2208 4865 ma-

565 4911 731 4982 gistri
765 4910 967 4981 lingua
996 4921 1178 4977 usque
1198 4905 1265 4959 ad
1299 4917 1566 4958 excessus
1594 4898 1766 4955 verba
1814 4898 2204 4969 pertrahatur.

562 4996 825 5067 Cumque
854 4992 1170 5066 increpatio
1222 4987 1604 5044 immoderate
1646 4984 2000 5053 accenditur,
2034 4987 2206 5042 corda

558 5082 983 5156 deliquentium
1014 5082 1074 5136 in
1108 5076 1504 5150 desperatione
1559 5074 1987 5146 deprimuntur.
2044 5075 2204 5133 Unde

556 5186 792 5229 necesse
815 5175 906 5227 est
933 5173 996 5224 ut
1024 5175 1402 5240 exasperatus
1434 5168 1639 5233 rector,
1674 5180 1809 5220 cum
1840 5163 2201 5222 subditorum

555 5268 805 5317 mentem
840 5258 972 5332 plus
1002 5272 1178 5328 quam
1225 5255 1423 5312 debuit
1451 5252 1805 5326 percussisse
1848 5253 2200 5320 considerat,

624 5380 705 5447 (α)
736 5376 931 5444 Corb.,
960 5382 1107 5431 recta
1129 5372 1453 5429 intentione.

624 5443 702 5517 (ὁ)
719 5449 933 5504 Gemet.
957 5448 1494 5517 ettertiusCarn_ot.,
1518 5443 2198 5517 incircumspeclas‘.ﬂano

553 5513 858 5576 lecti—ouem
880 5517 1125 5588 amplexi
1149 5521 1289 5571 sunt
1308 5513 1506 5589 Gilot.,
1526 5514 1710 5570 Vatic.
1731 5530 1798 5567 ac
1819 5514 2006 5589 caeteri
2023 5515 2195 5589 Edit,

549 5602 754 5663 praeter
782 5586 1092 5663 Gussanv,
1122 5603 1291 5663 quem
1317 5587 1621 5659 sequimur
1642 5586 2192 5657 praeeuntibusMss.

544 5661 795 5732 Anglia,
825 5666 1012 5728 Tree,
1046 5661 1241 5717 Corb..
1273 5662 1382 5716 etc.

620 5729 694 5807 (e)
727 5729 955 5792 Carnot.
987 5732 1311 5801 Secundus,
1341 5738 1393 5786 et
1421 5731 1675 5784 virtutem
1704 5729 1873 5785 muri.

2317 4734 2742 4791 incessabiliter
2770 4736 2960 4799 debet,
2983 4742 3045 4789 ut
3073 4750 3174 4805 per
3203 4731 3544 4788 eruditionis
3577 4728 3847 4783 studium
3876 4746 3982 4785 re-

2318 4832 2536 4895 surgat.
2564 4823 2988 4878 Hincestenim
3010 4821 3159 4892 quod
3179 4818 3484 4892 praelatum
3513 4816 3671 4889 gregi
3694 4815 3981 4889 discipu.

2317 4908 2437 4965 lum
2473 4910 2688 4965 Paulus
2718 4910 3012 4977 admonet,
3042 4909 3240 4964 dicens
3272 4924 3285 4962 :
3352 4908 3491 4961 Dum
3535 4904 3692 4961 venio
3732 4906 3987 4962 attende

2314 4997 2536 5054 lectioni
2581 4999 2629 5069 (1
2656 5000 2789 5055 Tim.
2822 5014 2896 5069 ιν,
2933 4998 3043 5067 13).
3101 4995 3246 5052 Hinc
3276 4994 3451 5051 David
3483 4994 3563 5052 ait
3607 5012 3621 5050 :
3681 4993 3985 5065 Quomodo

2311 5086 2491 5143 dilexi
2535 5086 2710 5157 legem
2739 5091 2913 5157 tuam,
2949 5086 3195 5151 Domine,
3243 5094 3355 5141 tota
3383 5084 3476 5141 die
3508 5083 3800 5141 meditatio
3846 5099 3986 5138 mea

2310 5185 2388 5234 est
2416 5178 2527 5247 (Ps.
2562 5194 2690 5245 cxv,
2716 5177 2830 5247 97).
2855 5176 3000 5233 Hinc
3041 5175 3219 5248 Moysi
3253 5175 3530 5232 Dominus
3571 5174 3643 5230 de
3672 5171 3987 5244 portanda

2309 5282 2442 5322 arca
2479 5266 2775 5338 praecepit,
2808 5265 3043 5322 dicens:
3075 5266 3266 5322 Facies
3295 5270 3531 5338 quatuor
3557 5263 3810 5320 circulos
3853 5279 3983 5318 au-

2377 5383 2458 5453 td)
2487 5387 2626 5440 Tres
2655 5384 2875 5441 Gemet.
2907 5387 2963 5440 et
2995 5384 3220 5455 primus
3250 5385 3421 5446 Aud.,
3451 5382 3660 5454 fugerit
3701 5396 3982 5435 mimum.

2378 5458 2454 5523 (e)
2485 5456 2596 5517 AL.
2629 5457 2832 5526 fugiat.
2866 5462 2931 5511 ut
2956 5461 3046 5512 est
3075 5456 3134 5511 in
3166 5456 3297 5511 trib.
3335 5455 3557 5511 Gemet.

2377 5529 2448 5597 (1)
2479 5527 2642 5582 Corb.
2670 5544 2804 5583 cum
2832 5527 3058 5597 Norm.,
3087 5542 3318 5582 manum
3343 5528 3508 5596 fugit.

2376 5595 2455 5668 (ρ’)
2486 5597 2721 5655 Carnot.
2754 5600 2984 5668 tertius,
3036 5595 3332 5672 asperitate
3361 5603 3672 5655 renovetur.
3705 5595 3910 5669 Longi
3920 5611 3984 5668 p.

2302 5672 2604 5728 revocetur.
