4136 6178
215 283 278 343 49
998 275 1330 336 REGUL/E
1373 270 1855 333 PASTORALIS
1897 271 2151 335 LIBER.
2198 304 2275 316 —
2318 272 2512 332 PARS
2553 276 2858 335 TERTIA.
3545 275 3626 336 50

215 434 345 480 reos,
378 430 515 485 quo:
544 427 710 483 pones
738 425 839 480 per
863 421 1100 480 quatuor
1124 421 1274 464 arex
1305 407 1556 473 angulus,
1589 406 1863 473 faciesque
1894 404 1947 467 Α
1982 402 2086 468 Qui
2106 420 2318 474 semper
2337 411 2505 460 erant
2531 407 2584 460 in
2611 407 2854 476 circulis,
2873 424 2972 464 nec
3000 425 3243 479 unquam
3259 409 3628 464 extrahantur

216 512 385 563 recte;
413 506 484 558 de
516 503 679 570 lignis
707 499 984 564 sethim,et
1011 499 1220 566 operias
1251 493 1742 563 auro,indacesque
1773 505 1870 557 per

219 597 456 652 circulos
481 594 580 663 qui
603 594 729 644 aunt
758 589 820 642 in
841 601 992 643 arcae
1024 585 1306 652 lateribus,
1325 593 1385 638 ut
1413 588 1676 654 portetur
1705 580 1766 634 in
1794 580 1872 634 eis

223 686 316 758 qui
345 699 553 751 semper
579 687 738 734 erant
769 679 832 732 in
861 675 1214 738 circulis,nec
1235 689 1479 743 unquam
1509 670 1875 726 extrahantur

223 778 284 832 ab
312 777 392 829 eis
415 767 609 841 (Exod.
629 783 757 832 xxv,
784 765 1048 834 t'Z,seq.).
1075 763 1220 828 Quid
1259 778 1359 834 per
1390 758 1724 824 arcam,nisi
1748 775 1876 813 san-

221 871 304 918 cta
331 859 594 915 Ecclesia
615 857 904 926 ﬁguratur
928 852 1070 908 PCui
1096 855 1349 921 quatuor
1367 847 1569 904 circuli
1592 846 1754 902 aurei
1779 863 1877 916 per

222 958 425 1024 quater
453 943 712 1018 angulos
739 944 1021 1012 jubentur
1070 939 1294 1010 adjugi,
1328 938 1468 1009 quia
1513 938 1571 990 in
1621 952 1688 989 eo
1720 937 1873 1006 quod

223 1059 308 1113 per
330 1043 596 1109 quatuor
621 1033 823 1088 mundi
850 1036 1041 1101 partes
1063 1029 1301 1083 dilatata
1320 1027 1592 1088 tenditur,
1617 1026 1718 1078 34
1749 1040 1878 1094 pro-

225 1128 494 1186 culdudio
539 1129 797 1195 quatuor
856 1118 1041 1173 sancti
1090 1115 1383 1186 Evangelii
1425 1115 1590 1168 libris
1620 1113 1880 1167 accincta

225 1218 593 1290 pradicalur.
637 1213 948 1277 Vectesque
999 1207 1068 1260 de
1119 1205 1293 1275 lignis
1333 1204 1544 1258 sethim
1581 1203 1747 1264 ﬁunt,
1779 1201 1879 1270 qui

220 1308 431 1364 eisdem
445 1304 518 1358 ad
540 1303 886 1372 portandum
913 1294 1148 1350 circulis
1166 1295 1528 1357 inseruntur;
1551 1290 1688 1361 quia
1709 1291 1882 1344 fortes

222 1392 786 1464 perseverantesque
819 1383 1087 1436 doctores
1129 1381 1287 1433 velut
1311 1375 1693 1447 imputribilia
1723 1375 1884 1444 ligna

221 1477 518 1552 quaerendi
535 1479 699 1539 sunt,
715 1472 812 1544 qui
830 1469 1192 1525 instructioni
1209 1482 1506 1522 sacrorum
1525 1465 1884 1519 voluminum

225 1584 455 1639 semper
484 1566 860 1624 inhaerentes,
893 1563 1108 1613 sancta:
1157 1555 1425 1611 Ecclesiae
1462 1558 1741 1608 unitatem
1773 1552 1881 1605 de-

226 1659 587 1722 nuntient,et
601 1648 1167 1724 quas:(a)intromissi
1186 1645 1414 1701 circulis
1428 1661 1615 1699 arcam
1634 1649 1882 1711 portent.

227 1747 504 1804 V’ectibus
527 1742 748 1814 quippe
762 1755 956 1794 arcam
983 1742 1324 1809 portare,est
1349 1736 1514 1789 bonis
1546 1732 1884 1788 doctoribus

235 1848 491 1893 sanctam
530 1830 850 1886 Ecclesiam
884 1829 952 1881 ad
988 1826 1162 1906 rudes
1203 1825 1280 1893 (b)
1304 1823 1628 1878 infidelium
1665 1825 1882 1875 mentes

247 1923 612 2000 praedicando
646 1921 954 1975 deducere.
1006 1915 1113 1980 Qui
1163 1932 1303 1969 auro
1353 1928 1582 1982 quoque
1608 1911 1893 1982 jubentur

245 1999 470 2086 aperiri,
505 2020 572 2064 ut
605 2010 750 2063 dum
783 2020 1055 2062 sermone
1084 2004 1215 2058 aliis
1243 2002 1537 2068 insonant,
1570 1999 1682 2070 ipsi
1715 1999 1889 2054 etiam

240 2106 365 2158 vita:
387 2099 706 2172 splendore
729 2096 1073 2166 fulgescant.
1089 2099 1170 2149 De
1193 2093 1406 2163 quibus
1427 2095 1560 2161 apte
1580 2089 1887 2144 subditur:

302 2253 382 2315 tu)
422 2248 510 2301 ita
541 2246 729 2311 Trec.,
764 2239 1232 2315 Laud.,G_emet.,
1264 2240 1374 2292 etc.
1406 2234 1471 2290 In
1500 2233 1888 2302 Editis,intro-

233 2313 438 2384 nam,
473 2321 686 2372 contra
715 2329 889 2370 sacra:
915 2313 1229 2383 Scriptura
1262 2323 1520 2364 sensum.

1977 493 2050 546 ab
2079 493 2329 555 eis.Quia
2363 495 2642 549 nimirum
2683 513 2912 552 necesse
2943 505 3032 552 est
3054 504 3114 552 ut
3145 498 3245 568 qui
3269 499 3340 553 ad
3365 496 3622 552 ofﬁcium
3661 509 3664 511 λ

1978 582 2406 652 praedicationis
2430 584 2775 653 excubant,a
2797 603 2970 640 sacris
2995 586 3261 642 lectionis
3289 586 3487 642 studio
3510 602 3625 640 non

1979 673 2268 726 recedant.
2306 674 2388 727 Ad
2427 672 2532 727 hoc
2562 690 2817 744 namque
2849 679 3034 730 vectes
3091 692 3218 731 esse
3276 677 3334 730 in
3388 674 3626 730 circulis

1980 777 2213 832 semper
2237 761 2612 831 jttbentur,ut
2643 779 2772 816 cum
2810 764 3020 834 portari
3062 780 3252 818 arcam
3287 763 3627 835 opportuni-

1980 856 2066 905 tas
2095 852 2289 923 exigit,
2325 853 2394 906 de
2425 851 2882 906 intromittendis
2913 852 3169 908 vectibus
3203 855 3465 923 portendi
3507 859 3630 908 tar-

1981 941 2128 994 ditas
2163 939 2323 994 nulla
2353 946 2696 1010 generetur:
2730 942 2867 1010 quia
2895 941 3159 996 videlicet
3203 957 3336 995 cum
3368 941 3631 1012 spiritale

1983 1029 2203 1098 aliquid
2239 1046 2270 1082 a
2301 1030 2554 1084 subditis
2579 1029 2782 1083 Pastor
2813 1030 3150 1100 inquiritur,
3175 1030 3629 1097 ignominiosum

1982 1119 2151 1173 valde
2171 1124 2260 1172 est
2291 1121 2339 1174 si
2373 1123 2510 1173 tunc
2551 1123 2773 1188 qureret
2801 1120 3039 1186 discere,
3075 1136 3207 1173 cum
3251 1120 3630 1189 quaestionem

1985 1209 2154 1264 debet
2183 1213 2452 1263 enodare.
2512 1211 2616 1263 Sed
2661 1208 2892 1264 circulis
2949 1214 3140 1263 vectes
3190 1209 3534 1273 inhaereant,
3570 1213 3638 1262 ut

1986 1301 2251 1354 doctores
2277 1316 2510 1369 semper
2540 1300 2597 1353 in
2619 1298 2742 1352 suis
2775 1299 3052 1352 cordibus
3071 1298 3299 1368 eloquia
3318 1315 3484 1352 sacra
3509 1313 3636 1351 me-

1987 1388 2260 1451 ditantes,
2293 1387 2618 1441 testamenti
2651 1404 2843 1440 arcam
2903 1385 3031 1441 sine
3089 1401 3248 1440 mora
3305 1386 3550 1453 elevent,
3584 1387 3636 1441 si

1990 1477 2268 1547 quidquid
2304 1492 2539 1530 necesse
2597 1481 2704 1540 est,
2743 1473 3004 1543 protinus
3035 1474 3262 1529 docent.
3297 1473 3459 1529 Unde
3491 1474 3638 1530 bene

1992 1569 2215 1639 primus
2250 1569 2446 1636 pastor
2474 1564 2745 1619 Ecclesiae
2777 1571 3032 1633 pastores
3076 1567 3306 1618 caeteros
3346 1562 3638 1627 admonet,

1992 1657 2191 1710 dicens
2228 1671 2240 1708 :
2273 1656 2469 1709 Parati
2497 1669 2710 1723 semper
2738 1651 2807 1705 ad
2849 1651 3280 1719 satis/actionem
3331 1651 3484 1705 omni
3509 1666 3638 1720 pos-

1991 1745 2140 1800 centi
2167 1760 2258 1800 vos
2313 1741 2589 1797 rationem
2637 1741 2703 1795 de
2749 1757 2813 1795 ea
2864 1740 2932 1811 (c)
2964 1755 3083 1810 quae
3132 1741 3189 1794 in
3248 1738 3393 1793 vobis
3441 1743 3640 1809 estspe

1999 1838 2217 1904 (IPetr.
2253 1850 2334 1900 Ill,
2371 1834 2478 1901 15).
2520 1836 2592 1884 Ac
2624 1831 2669 1884 si
2721 1834 2914 1898 aperte
2962 1828 3118 1882 dicat
3149 1843 3164 1882 :
3198 1827 3271 1882 Ut
3296 1828 3364 1881 ad
3401 1833 3637 1898 portan-

2002 1927 2132 1978 dam
2166 1938 2356 1977 arcam
2385 1919 2542 1974 nulla
2565 1936 2730 1973 mora
2763 1917 3099 1989 praapediat,
3132 1921 3324 1972 vectes
3355 1933 3388 1970 a
3417 1916 3651 1972 circulis

2003 2027 2306 2081 nunquam
2339 2010 2628 2064 recedant.

2074 2231 2152 2299 (b)
2181 2228 2410 2284 Carnot.
2443 2225 2772 2299 secundusL
2795 2222 3064 2299 ﬁdelium.

2173 2300 2362 2368 Trec.,
2396 2298 2617 2354 Theod.
2650 2305 2704 2352 et
2736 2288 2926 2362 Gorb.,
2961 2309 3078 2364 quae
3120 2290 3180 2346 in
3229 2288 3377 2345 vobis
3413 2296 3651 2362 estspcs.

236 2476 3652 2524 ____________________._———

1456 2618 1532 2691 (ίι)
1583 2616 2031 2711 TERTIA
2094 2612 2404 2708 PARS

384 2838 798 2914 QUALITER
845 2833 1154 2896 RECTOR
1196 2827 1410 2891 BENE
1457 2827 1743 2888 ViVENS
1788 2825 2100 2884 DEBEAT
2145 2823 2454 2885 DOCERE
2502 2825 2602 2885 ET
2647 2818 3076 2882 ADMONERE
3120 2810 3506 2877 SUBDlTOS

589 3127 970 3188 PROLOGUS
1015 3125 1145 3197 [Αι.,
1181 3140 1299 3193 cap.
1334 3120 1544 3190 XXIII].

307 3227 452 3290 Quia
483 3225 668 3296 igitur
696 3221 888 3292 qualis
907 3233 1035 3273 esse
1050 3216 1259 3270 debeat
1280 3217 1481 3284 pastor
1503 3207 1892 3276 ostendimus,

243 3334 394 3372 nunc
424 3315 682 3387 qualiter
709 3313 909 3365 doceat
939 3299 1512 3362 demonstremus.Ut
1539 3297 1694 3353 enim
1728 3296 1895 3365 longe

240 3414 370 3461 ante
400 3421 508 3460 nos
527 3399 859 3458 reverendae
883 3395 1178 3452 memoriae
1203 3390 1516 3463 Gregorius
1545 3389 1624 3459 (b)
1655 3387 1898 3442 Nazian-

239 3512 412 3550 zenus
444 3492 677 3548 edocuit
711 3488 885 3559 (Orat.
921 3485 1000 3555 l),
1034 3500 1150 3539 non
1175 3497 1290 3535 una
1318 3479 1641 3548 eademque
1671 3474 1896 3532 cunctis

241 3582 564 3640 exhortatio
597 3576 890 3647 congruit,
938 3573 1079 3645 quia
1122 3587 1226 3626 nec
1257 3572 1498 3624 cunctos
1531 3583 1634 3638 par
1666 3580 1897 3620 morum

242 3675 499 3744 qualitas
529 3668 830 3737 astringit.
857 3665 1018 3733 Saepe
1043 3675 1294 3731 namque
1326 3656 1455 3712 aliis
1476 3653 1897 3723 ol'ﬁciunt,quaa

244 3764 372 3818 aliis
403 3764 679 3834 prosunt.
713 3756 861 3823 Quia
916 3758 973 3810 et.
1017 3752 1360 3824 plerumque
1387 3746 1576 3802 herbae
1621 3761 1748 3815 quas
1782 3745 1899 3797 haec

244 3831 527 3907 animalia
562 3847 855 3908 nutriunt,
893 3841 1009 3898 alia
1055 3839 1324 3896 occidunt
1356 3855 1369 3903 ;
1404 3839 1460 3891 et
1506 3833 1656 3889 lenis
1689 3831 1900 3888 sibilus

245 3957 426 4013 equos
462 3937 717 4002 mitigat,
753 3931 979 3988 catulos
1008 3929 1272 3998 instigat.
1306 3925 1374 3978 Et
1405 3922 1898 3977 medicamentum

189 4079 194 4082 .
247 4008 401 4100 quod
431 4028 594 4082 hunc
625 4023 894 4078 morbum
927 4018 1250 4083 imminuit,
1289 4012 1454 4068 alteri
1488 4011 1639 4068 vires
1662 4008 1898 4080 jungit;

246 4129 296 4172 et
321 4117 492 4188 panis
506 4112 795 4184 quivitaui
813 4107 1046 4164 fortium
1063 4103 1498 4171 roborat,parvu
1510 4100 1630 4152 loru
1642 4114 1694 4151 ni
1713 4101 1897 4151 necat.

249 4186 660 4276 Proqualitate
680 4200 860 4272 igitur
880 4193 1236 4251 audientium
1262 4189 1501 4246 formari
1521 4186 1690 4242 debet
1710 4201 1900 4240 sermo

248 4297 579 4357 doctorum,
602 4295 667 4344 ut
697 4294 754 4343 et
775 4285 848 4341 ad
869 4301 978 4340 sua
999 4281 1249 4350 singulis
1270 4280 1635 4349 congruat,et
1652 4280 1844 4328 tamen
1870 4288 1904 4327 a

250 4380 586 4438 communis
608 4375 1007 4433 ediﬁcetionis
1028 4379 1150 4426 arte
1173 4383 1474 4438 nunquam
1498 4361 1900 4426 recedat.Quid

252 4474 408 4528 enim
442 4477 588 4526 sunt
633 4469 871 4522 intentae
923 4468 1149 4518 mentes
1197 4459 1550 4523 auditorum,
1586 4453 1699 4508 nisi
1735 4462 1795 4506 ut
1821 4452 1903 4506 ita
1939 4489 1979 4552 Β

256 4557 795 4628 dixerim,quaedam
833 4555 891 4608 in
915 4551 1137 4606 cithara
1186 4546 1481 4602 tensiones
1505 4546 1700 4598 stratis
1733 4540 1901 4595 chor—

257 4655 460 4703 clarum
480 4648 509 4702 ‘l
538 4627 684 4716 quas
711 4640 985 4711 tangendi
1014 4638 1239 4702 artifex,
1271 4639 1339 4710 ut
1389 4650 1502 4689 non
1554 4627 1904 4698 sibimetipsi

261 4737 546 4793 dissimile
571 4734 866 4790 canticum
898 4723 1466 4792 faciat,dtssimiliter
1498 4717 1902 4792 pulsat.Etid-

260 4827 655 4884 circocbordae
678 4836 997 4879 consonam
1018 4814 1476 4872 modulationem
1495 4805 1905 4876 reddunt,quia

263 4933 376 4970 uno
407 4914 644 4985 quidem
679 4907 1283 4981 plectro,seduonuno
1308 4899 1565 4970 impulsu
1594 4897 1900 4952 feriuntur.

259 5003 421 5060 [Iade
450 5013 501 5058 et
535 5002 737 5055 doctor
765 4997 1038 5068 quisque,
1073 5000 1138 5046 ut
1185 4992 1244 5045 in
1279 5005 1394 5044 una
1422 4995 1664 5042 cunctos
1694 4985 1906 5037 virtute

249 5092 560 5149 charitatis
592 5088 860 5148 ediﬁcet,
891 5100 960 5138 ex
992 5098 1109 5136 una
1141 5079 1423 5143 doctrina,
1475 5091 1590 5130 non
1649 5089 1761 5127 una
1808 5088 1906 5126 ea-

249 5186 504 5252 demque
557 5173 958 5233 exhortatione
1017 5177 1256 5241 tangere
1312 5165 1490 5222 corda
1537 5160 1902 5218 audientium

255 5276 453 5328 debet.

331 5455 412 5510 tu)
447 5443 512 5498 lu
545 5441 732 5505 Trec.,
761 5437 928 5494 Corb.
961 5439 1016 5488 et
1045 5433 1194 5504 plur.
1226 5429 1541 5510 vetLlVIss”
1574 5425 1667 5480 hic
1699 5423 1906 5510 titulus

261 5499 449 5580 abes],
482 5519 543 5568 et
584 5499 729 5582 quae,
759 5499 1082 5582 sequuntur
1111 5511 1281 5582 caput
1327 5502 1397 5582 23
1427 5499 1904 5582 componunthln

265 5565 757 5658 ἱξοὶιέἷρῖιεξςιωτ
789 5598 800 5634 :
834 5565 1072 5650 Explicit
1103 5565 1243 5630 liber
1270 5576 1510 5645 primus,
1543 5565 1738 5640 incipit
1769 5565 1908 5626 liber

2363 3115 2592 3172 CAPUT
2629 3113 2918 3170 PRIMUM
2961 3113 3068 3181 [Αι.
3101 3111 3291 3180 XXIV].

2006 3208 2224 3275 Quanta
2251 3204 2403 3260 debet
2447 3219 2561 3259 esse
2608 3203 2900 3258 diversitas
2949 3202 3008 3260 in
3046 3207 3168 3254 arte
3217 3195 3650 3268 praedicationis.

2081 3295 2259 3350 Aliter
2289 3309 2538 3363 namque
2569 3291 2920 3347 admonendi
2952 3294 3092 3346 sunt
3119 3287 3250 3353 viri,
3283 3291 3450 3354 atque
3481 3283 3654 3337 aliter

2008 3383 2255 3439 feminae.

2077 3473 2256 3528 Aliter
2277 3472 2544 3542 juvenes,
2577 3468 2744 3525 aliter
2775 3482 2963 3522 senes.

2078 3563 2261 3619 Aliter
2291 3562 2513 3631 inepes,
2547 3559 2712 3614 aliter
2743 3554 3086 3628 locupletes.

2077 3652 2258 3706 Aliter
2287 3650 2424 3719 loeti,
2457 3649 2625 3705 aliter
2654 3647 2870 3702 tristes.

2082 3741 2260 3795 Aliter
2291 3739 2531 3803 subditi,
2555 3737 2718 3792 aliter
2749 3732 2988 3808 praelati.

2081 3830 2264 3886 Aliter
2293 3829 2462 3897 servi,
2497 3827 2664 3882 aliter
2697 3823 2937 3881 domini.

2081 3920 2265 3975 Aliter
2296 3919 2468 3986 hujus
2501 3916 2705 3971 mundi
2738 3913 3050 3984 sapientes,
3083 3907 3254 3964 aliter
3285 3904 3541 3960 hebetes.

2079 4010 2261 4065 Aliter
2288 4007 2680 4078 impudentes,
2714 4002 2882 4058 aliter
2909 3996 3241 4056 verecundi.

2080 4098 2262 4153 Aliter
2293 4095 2556 4168 protervi,
2597 4094 2760 4149 aliter
2792 4089 3224 4162 pusillanimes.

2081 4189 2261 4243 Aliter
2289 4185 2678 4256 impatientes,
2717 4180 2886 4236 aliter
2925 4177 3224 4248 patientes.

2083 4277 2264 4331 Aliter
2293 4274 2575 4338 benevoli,
2608 4271 2780 4327 aliter
2809 4267 3012 4323 invidi.

2082 4365 2257 4422 Aliter
2287 4363 2606 4433 simplices,
2649 4359 2812 4414 aliter
2844 4351 3081 4427 impuri.

2085 4453 2262 4509 Aliter
2290 4451 2640 4515 incolumes,
2673 4447 2843 4503 aliter
2873 4442 3030 4515 aegri.

2087 4542 2260 4596 Aliter
2290 4541 2385 4611 qui
2408 4538 2634 4611 ﬂagella
2658 4539 2942 4598 metuunt,
2967 4536 3022 4587 et
3054 4531 3358 4600 propterea
3380 4525 3657 4579 innocen-

2014 4636 2102 4685 ter
2133 4631 2228 4686 35
2265 4631 2466 4684 vivunt
2498 4646 2512 4697 ;
2544 4628 2710 4682 aliter
2759 4624 2858 4694 qui
2894 4621 2979 4676 sic
3019 4621 3076 4674 in
3112 4615 3417 4687 iniquitate
3442 4612 3658 4665 durue-

2015 4730 2173 4787 runt,
2208 4725 2270 4774 ut
2303 4735 2488 4790 neque
2521 4733 2622 4788 per
2654 4712 2882 4786 ﬂagella
2910 4708 3295 4776 corrigantur.

2085 4808 2266 4864 Aliter
2299 4809 2472 4862 nimis
2521 4805 2702 4871 taciti,
2737 4803 2904 4857 aliter
2954 4793 3322 4865 multiloquio
3362 4791 3653 4846 vacantes.

2085 4898 2271 4953 Aliter
2304 4896 2468 4969 pigri,
2503 4894 2672 4949 aliter
2705 4889 3047 4963 praecipites.

2085 4991 2268 5046 Aliter
2297 4986 2608 5052 mansueti,
2640 4984 2807 5038 aliter
2835 4974 3120 5034 iracundi.

2087 5082 2268 5136 Aliter
2304 5077 2576 5145 humiles,
2620 5073 2787 5128 aliter
2825 5067 2984 5125 elati.

2085 5168 2268 5225 Aliter
2299 5166 2645 5238 pertinaces,
2679 5160 2856 5216 aliter
2883 5157 3304 5213 inconstantes.

2089 5258 2269 5314 Aliter
2296 5255 2465 5328 gulae,
2503 5251 2680 5307 dediti
2713 5249 2881 5304 aliter
2918 5245 3304 5302 abstinentes.
3335 5313 3338 5316 .

2015 5427 2300 5486 secundus.
2337 5425 2464 5494 Cap.
2495 5423 2586 5476 20.

2086 5501 2163 5569 (b)
2195 5499 2354 5554 Trec.
2385 5506 2441 5552 et
2481 5494 2671 5562 Corb.,
2705 5496 3087 5550 Nazanzenus.
