4136 6178
536 255 611 315 lli
1775 244 2054 321 SANCTI
2097 243 2470 316 GREGORII
2514 242 2760 313 MAGNI
3845 244 3911 313 52

607 378 787 443 Aliter
816 378 914 450 qui
942 395 1053 439 sua
1085 374 1537 441 misericorditer
1568 373 1855 443 tribuunt,
1886 373 2053 431 aliter
2081 372 2182 444 qui
2212 374 2266 440 Α
2362 371 2494 443 [At.,
2529 386 2577 427 c.
2626 370 2794 442 κη]
2839 370 3173 444 (Admonitio
3212 371 3293 443 2.)
3353 371 3528 433 Aliter
3583 371 3908 433 admonendi

538 467 730 529 aliena
759 484 959 538 rapere
989 467 1371 524 contendunt.

608 558 788 615 Aliter
816 560 897 629 (a)
929 558 1026 629 qui
1050 571 1155 612 nec
1181 556 1371 610 aliena
1392 551 1649 624 rapiunt,
1677 567 1782 607 nec
1802 567 1910 608 sua
1928 550 2181 622 largiun-

535 650 635 703 tur
667 663 683 702 ;
708 646 878 703 aliter
906 647 1004 717 qui
1035 649 1093 703 et
1121 660 1190 701 ea
1218 658 1344 715 quae
1377 640 1595 701 habent
1624 640 2178 708 tribuunt,ettamen

537 736 730 795 aliena
757 750 958 808 rapere
981 750 1097 791 non
1132 732 1446 791 desistunt.

609 825 789 885 Aliter
820 823 1140 891 discordes,
1173 821 1340 881 aliter
1365 821 1576 894 pacati.

609 915 793 974 Aliter
822 912 1180 971 seminantes
1202 909 1422 983 jurgia,
1455 908 1618 969 aliter
1647 908 1895 981 pacifici.

605 1003 786 1063 Aliter
800 1002 903 1075 qui
927 1018 1103 1061 sacra
1119 1000 1267 1073 legis
1298 999 1473 1057 verba
1494 1015 1614 1059 non
1644 999 1979 1073 intelligunt
2007 1006 2181 1072 recte;

535 1094 701 1151 aliter
732 1093 834 1165 qui
867 1098 1020 1151 recte
1047 1092 1280 1163 quidem
1313 1089 1679 1162 intelligunt,
1708 1091 1811 1149 sed
1843 1091 1965 1150 haao
1994 1092 2183 1153 humi.

535 1182 670 1239 liter
703 1199 818 1239 non
848 1181 1190 1253 loquuntur.

600 1271 783 1328 Aliter
813 1270 914 1342 qui
944 1285 1077 1327 cum
1111 1269 1286 1338 digne
1315 1267 1628 1338 prmdieare
1655 1266 1902 1339 valeant,
1941 1285 2055 1340 prae
2086 1270 2180 1328 nio

529 1361 649 1416 mia
679 1358 1007 1416 humilitate
1039 1356 1392 1415 formidant:
1430 1355 1596 1413 aliter
1642 1373 1792 1429 quos
1833 1376 1865 1413 a
1897 1359 2179 1429 pradica-

530 1449 684 1507 tione
711 1446 1073 1518 imperfectio
1103 1446 1192 1505 vel
1222 1452 1362 1507 atas
1393 1444 1685 1517 prohibet,
1719 1451 1778 1503 et
1801 1451 1997 1507 tamen
2030 1465 2179 1520 pra:-

531 1536 791 1610 cipitatio
822 1534 1091 1607 impellit.

601 1625 783 1682 Aliter
810 1624 912 1696 qui
933 1625 994 1681 in
1012 1623 1122 1680 hoc
1139 1623 1295 1696 quod
1322 1622 1722 1695 temporaliter
1742 1628 2182 1698 appetunt,pro-

2294 462 2888 533 suntjuvenes.atque
2907 461 3071 519 aliter
3082 462 3418 535 senes,quia
3436 461 3564 518 illos
3588 462 3910 537 plerumque

2293 548 2569 607 severitas
2600 550 3016 613 admonitionis
3046 551 3116 607 ad
3161 555 3479 621 profectum
3511 552 3751 624 dirigit;
3785 552 3909 610 istos

2293 657 2424 699 vero
2454 642 2525 699 ad
2560 641 2800 709 meliora
2828 658 3004 714 opera
3040 642 3141 703 βο
3172 643 3499 715 deprecatio
3525 643 3738 701 blanda
3766 660 3910 705 com-

2294 732 2479 803 ponit.
2510 730 2804 804 Scriptum
2835 732 3054 804 quippe
3084 736 3171 789 est
3204 749 3216 788 :
3248 732 3527 791 Seniorem
3569 749 3640 790 ne
3670 732 3909 804 increpa-

2291 821 2453 892 veris,
2484 819 2579 879 sed
2606 821 2824 878 obsecra
2844 824 2907 878 ut
2928 827 3149 893 patrem
3168 822 3224 890 (Ι
3246 822 3385 878 Tim.
3419 838 3470 891 v,
3504 822 3577 893 1).

2772 934 3008 992 CAPUT
3041 935 3087 991 Il
3118 934 3225 1007 [Αι.
3258 936 3466 1004 xxvn.

2453 1039 2724 1109 Quomodo
2753 1040 3083 1098 admonendi
3109 1043 3224 1097 sint
3254 1042 3440 1113 inopes
3468 1050 3520 1098 et
3548 1041 3760 1100 divites.

2364 1167 2710 1242 (Admonitio
2738 1167 2820 1239 3.)
2853 1168 3035 1224 Aliter
3069 1168 3416 1233 admonendi
3446 1178 3578 1229 sunt
3599 1169 3816 1243 inopes,
3845 1177 3922 1227 at-

2292 1273 2404 1329 que
2435 1255 2603 1315 aliter
2632 1256 2986 1330 locupletes;
3023 1257 3140 1317 illis
3168 1275 3420 1331 namque
3450 1260 3653 1317 otl'erre
3684 1260 3925 1317 consola-

2291 1349 2468 1407 tionis
2524 1345 2798 1407 solatium
2850 1356 3050 1407 contra
3106 1348 3566 1417 tribulationem,
3625 1349 3754 1411 istis
3800 1365 3920 1407 vero

2291 1438 2505 1499 inferre
2538 1443 2759 1495 metum
2802 1443 3005 1495 contra
3062 1436 3376 1501 elationem
3435 1439 3738 1497 debemus.
3770 1438 3922 1510 Inopi

2292 1528 2509 1600 quippe
2524 1545 2556 1583 a
2574 1527 2818 1587 Domino
2840 1543 2939 1598 per
2958 1528 3293 1599 prophetam
3315 1527 3554 1586 dicitur:
3577 1528 3703 1584 Noli
3719 1529 3919 1597 timere,

2290 1620 2424 1692 quia
2462 1634 2573 1675 non
2601 1619 2955 1689 confunderis
3001 1619 3156 1688 (Isai.
3201 1635 3314 1687 va,
3346 1620 3421 1689 4).
3457 1620 3561 1675 Cui
3619 1636 3733 1675 non
3764 1618 3923 1693 longe

530 1719 870 1786 sperantur;
893 1713 1064 1770 aliter
1075 1712 1175 1784 qui
1189 1712 1508 1784 eaquidem
1524 1714 1868 1783 qummundl
1890 1721 2028 1772 sunt
2046 1733 2179 1775 oon-
2207 1733 2253 1807 η
2294 1715 2425 1782 post
2441 1709 2772 1771 blandiens,
2790 1708 2957 1767 dicit:
2981 1708 3324 1807 Paupercula
3345 1716 3660 1807 tempestate
3674 1709 3925 1769 convulsa

529 1805 860 1874 cupisount,
893 1803 993 1861 sed
1018 1808 1216 1859 tamen
1239 1802 1601 1861 adversitatis
1622 1800 1820 1865 labore
1843 1805 2181 1879 fatigantur,

603 1891 782 1949 Aliter
826 1890 1117 1963 cunjugiis
1149 1890 1413 1971 obligati,
1445 1889 1616 1954 aliter
1663 1908 1697 1948 a
1728 1893 1986 1966 coniugii
2019 1896 2183 1956 nexi-

530 1981 639 2038 bus
671 1980 859 2036 liberi.

599 2071 678 2141 (b)
711 2067 896 2126 Aliter
915 2068 1329 2126 admistionem
1360 2068 1556 2126 carnis
1580 2069 1995 2142 experti,aliter
2023 2072 2182 2146 igno-

528 2163 752 2215 rantes.

600 2248 784 2313 Aliter
814 2248 916 2328 qui
948 2249 1184 2320 peccata
1223 2246 1530 2327 deplorant
1577 2260 1845 2325 operum,
1879 2246 2049 2307 aliter
2078 2250 2180 2329 qui

532 2339 970 2410 cogitationum.

599 2426 783 2483 Aliter
811 2428 908 2497 qui
938 2425 1256 2483 commissa
1303 2425 1614 2497 plangunt.
1653 2441 1758 2486 nec
1791 2434 1984 2487 tamen
2016 2428 2179 2489 dese-

530 2520 707 2581 runt;
738 2514 908 2570 aliter
933 2515 1035 2586 qui
1060 2516 1359 2577 deserunt,
1392 2529 1498 2569 nec
1536 2518 1730 2569 tamen
1762 2514 2071 2587 plangunt.

604 2602 787 2658 Aliter
807 2604 905 2675 qui
929 2602 1131 2657 illicita
1153 2619 1282 2673 quas
1305 2602 1542 2669 faciunt,
1564 2602 1739 2658 etiam
1766 2603 2042 2673 laudant;
2076 2605 2181 2662 alt.

534 2696 621 2749 ter
651 2693 751 2765 qui
783 2698 1058 2751 accusant
1089 2709 1282 2764 prava,
1316 2708 1423 2748 nec
1458 2698 1653 2748 tamen
1685 2694 1965 2752 devitant.

610 2781 789 2838 Aliter
816 2781 917 2857 qui
949 2786 1245 2854 repentina
1289 2781 1764 2855 concupiscentia
1804 2789 2178 2856 superantur,

539 2876 712 2944 atque
743 2871 906 2928 aliter
937 2872 1035 2942 qui
1067 2872 1126 2926 in
1160 2870 1334 2942 culpa
1363 2887 1433 2925 ex
1461 2869 1701 2927 consilio
1733 2870 2007 2943 ligantur.

2296 1801 2481 1871 (lbid.,
2524 1801 2634 1870 11).
2667 1801 3038 1870 Rursumque
3085 1797 3234 1860 hanc
3280 1796 3636 1866 consolatur,
3687 1798 3924 1855 dicens:

2292 1892 2456 1963 Elegi
2481 1894 2533 1948 to
2569 1892 2629 1946 in
2656 1887 2878 1947 camino
2906 1888 3248 1959 paupertatis
3276 1885 3462 1955 (Ibid.,
3493 1903 3686 1955 xnvm,
3723 1888 3827 1958 lO).
3861 1892 3930 1945 At

2294 1994 2500 2043 contra
2528 1984 2745 2041 Paulus
2764 1981 3055 2052 discipulo
3072 1985 3141 2038 de
3159 1981 3438 2043 divitibus
3459 1982 3601 2037 dicit
3623 1998 3637 2045 ς
3672 1981 3930 2046 Divitibus

2292 2077 2460 2148 hujus
2479 2074 2678 2134 amuli
2697 2073 2939 2143 precinct
2950 2088 3054 2132 non
3077 2072 3308 2144 superbe
3324 2087 3712 2144 separataeque
3724 2088 3932 2140 sperare

2292 2164 2350 2219 in
2385 2165 2589 2217 incerto
2617 2160 2948 2216 divitiarum
2966 2175 3199 2215 suarum
3227 2158 3273 2227 (1
3312 2160 3446 2215 Tim.
3470 2175 3547 2227 v1,
3585 2155 3805 2229 l7).Ubi
3839 2174 3929 2215 no-

2291 2252 2531 2308 tandum
2560 2250 2729 2306 valde
2760 2253 2869 2323 est,
2903 2249 3056 2321 quod
3081 2246 3434 2304 humilitatis
3479 2247 3681 2303 doctor
3715 2262 3929 2304 memo-

2290 2342 2437 2397 riam
2479 2340 2723 2395 divitum
2771 2338 2989 2394 t'aeiens
3038 2352 3154 2392 non
3187 2337 3287 2405 ait,
3323 2335 3501 2409 Roga,
3535 2337 3634 2392 sed
3668 2337 3924 2408 Prmez‘pe,

2291 2431 2431 2503 quia
2460 2428 2569 2491 etsi
2600 2427 2994 2501 impendenda
3024 2431 3113 2481 est
3151 2426 3336 2498 pietas
3366 2424 3715 2495 inﬁrmitati,
3749 2427 3925 2481 honor

2289 2524 2482 2576 tamen
2516 2535 2632 2574 non
2689 2516 2933 2573 debetur
2987 2514 3240 2571 eiationi.
3280 2515 3513 2570 Talibus
3541 2530 3677 2586 ergo
3707 2519 3922 2571 rectum

2292 2615 2445 2687 quod
2479 2611 2712 2678 dicitur,
2737 2614 2901 2665 tanto
2931 2608 3146 2665 rectius
3169 2608 3661 2680 jubetur.quanto
3682 2606 3813 2664 etin
3839 2625 3925 2665 re-

2290 2704 2401 2758 bus
2419 2700 2776 2757 transitoriis
2788 2698 3096 2755 altitudine
3117 2697 3487 2769 cogitationis
3506 2699 3922 2753 intumescunt.

2292 2788 2373 2847 De
2402 2788 2493 2847 bis
2518 2788 2576 2844 in
2610 2785 2917 2859 Evangelio
2948 2784 3231 2845 Dominus
3260 2784 3404 2846 dicit
3435 2801 3449 2841 :
3491 2786 3571 2845 Vae
3600 2786 3746 2842 vobis
3785 2784 3929 2841 diui-

2292 2880 2460 2943 tibus,
2491 2879 2590 2950 qui
2617 2878 2828 2933 habetis
2857 2872 3284 2931 consolationem
3303 2883 3539 2930 vestram
3562 2875 3713 2945 (Luc.
3740 2875 3931 2946 v1,24).

610 2961 792 3019 Aliter
816 2963 917 3035 qui
946 2962 1082 3019 licet
1113 2962 1374 3030 minima,
1402 2961 1604 3017 crebro
1635 2967 1829 3018 tamen
1862 2962 2068 3022 illicita
2097 2967 2184 3022 fa-
2293 2968 2437 3036 Quia
2457 2968 2613 3023 enim
2638 2983 2761 3039 quas
2785 2970 2925 3021 sunt
2945 2970 3161 3020 aeterna
3181 2965 3392 3031 gaudia
3415 2965 3776 3032 nesciunt,ex
3798 2982 3934 3037 pra:-

525 3052 725 3120 ciunt;
752 3052 920 3107 aliter
941 3052 1037 3124 qui
1062 3068 1125 3108 se
1147 3069 1180 3109 a
1204 3051 1394 3127 parvis
1409 3049 1766 3121 custodiunt,
1790 3054 1889 3108 sed
1913 3053 2178 3126 aliquan-

519 3140 592 3195 do
623 3142 696 3211 (ο)
726 3139 787 3196 in
811 3139 1174 3213 gravioribus
1214 3138 1649 3209 demerguntur.

589 3230 768 3289 Aliter
797 3228 899 3303 qui
930 3231 1080 3286 bona
1110 3245 1216 3284 nec
1248 3226 1545 3300 inchoent,
1570 3228 1745 3285 aliter
1765 3228 1863 3303 qui
1896 3228 2169 3290 inchoata

517 3317 763 3374 minime
803 3322 1239 3375 consummant.

584 3408 769 3463 Aliter
796 3407 896 3479 qui
929 3406 1084 3463 mala
1113 3407 1339 3464 occulte
1370 3415 1571 3479 agunt,
1604 3413 1660 3464 et
1691 3409 1844 3467 bona
1882 3406 2115 3483 publice
2147 3428 2162 3479 ;

517 3496 684 3553 aliter
713 3499 812 3568 qui
846 3497 997 3552 bona
1024 3513 1151 3567 qua:
1205 3497 1424 3554 faciunt
1471 3496 1852 3568 abscondunt,
1884 3506 1940 3555 et
1969 3503 2164 3558 tamen

515 3585 871 3654 quibusdam
904 3584 1073 3639 factis
1111 3581 1346 3654 publice
1379 3583 1529 3639 mala
1573 3586 1644 3641 de
1675 3603 1736 3641 se
1771 3587 1999 3660 Opinari
2033 3603 2161 3665 per-

521 3672 780 3727 mittunt.

583 3761 663 3831 (ά)
690 3760 798 3816 Sed
833 3759 972 3832 quid
1013 3760 1291 3818 utilitatis
1321 3763 1431 3827 est,
1460 3762 1613 3834 quod
1646 3770 1857 3820 cuncta
1888 3765 2008 3821 haec
2038 3765 2160 3822 col.

512 3849 664 3905 lecta
692 3850 1095 3909 numeratione
1124 3850 1593 3923 transcurrimus,
1625 3853 1671 3907 si
1706 3868 1820 3909 non
1850 3854 2029 3910 etiam
2063 3856 2162 3911 ad-

518 3938 855 3995 monitionis
887 3942 1089 3995 modos
1138 3955 1236 4013 per
1283 3939 1533 4013 singula,
1575 3946 1793 4015 quanta
1841 3960 2158 4019 possumus

516 4027 813 4096 brevitate,
850 4028 1175 4099 pandemus
1214 4029 1306 4099 (ι’).

591 4118 722 4190 [Αι.,
753 4135 801 4175 c.
829 4116 1006 4192 XXIV]
1054 4117 1392 4192 (Admonitio
1422 4119 1501 4191 l.)
1530 4123 1603 4192 (l)
1639 4122 1823 4178 Aliter
1842 4123 2023 4199 igitur
2060 4128 2158 4182 ad-

514 4207 788 4264 monendi
818 4212 953 4263 sunt
980 4207 1106 4274 viri,
1138 4216 1311 4284 atque
1356 4209 1524 4267 aliter
1576 4211 1824 4281 feminae,
1872 4214 2009 4285 quia
2037 4215 2157 4273 illis
2204 4258 2209 4266 .

510 4297 797 4369 graviora,
827 4296 954 4353 istis
985 4313 1118 4353 vero
1141 4296 1494 4371 injungemta
1516 4307 1656 4355 sunt
1685 4301 1991 4373 leviora,ut
2025 4304 2155 4362 illos

512 4401 725 4456 magna
753 4391 1079 4453 exerceant,
1120 4385 1261 4441 istas
1317 4392 1511 4443 autem
1569 4388 1718 4445 levia
1772 4389 2155 4451 demulcendo

511 4479 868 4533 convertant.

584 4592 665 4672 (α)
688 4589 883 4672 Corb..
905 4590 1219 4672 quietiam:
1247 4597 1532 4669 appetunt.
1560 4592 1790 4663 Vulgati
1814 4595 2029 4659 habent
2054 4614 2152 4671 ap-

509 4666 721 4735 petunt.
756 4678 856 4735 pro
886 4665 1136 4735 rapiunt.

2212 3103 2260 3169 ο

2293 3058 2477 3114 sentis
2506 3057 2633 3111 vitae
2683 3053 3045 3121 abundantia
3073 3052 3471 3109 consolantur.
3514 3053 3818 3110 Otl'erenda
3847 3061 3935 3111 est

2289 3164 2422 3217 ergo
2453 3147 2537 3202 eis
2567 3144 2914 3213 consolatio,
2958 3159 3107 3215 quos
3137 3142 3407 3199 caminus
3438 3146 3801 3215 paupertatis
3831 3163 3929 3201 ex-

2283 3235 2514 3308 coquit;
2548 3242 2720 3307 alque
2750 3232 2864 3289 illis
2892 3233 3232 3289 inferendus
3263 3237 3350 3288 est
3380 3232 3573 3301 timor,
3607 3249 3750 3304 quos
3783 3249 3925 3291 con-

2275 3325 2478 3383 solatio
2509 3322 2704 3397 giaria:
2736 3319 3080 3393 temporalis
3111 3319 3375 3388 extollit;
3400 3330 3460 3376 ut
3489 3330 3543 3377 et
3571 3322 3655 3377 illi
3688 3320 3923 3379 discant

2275 3414 2413 3489 quia
2443 3412 2670 3469 divitias
2702 3428 2845 3484 quas
2876 3411 2954 3481 (g)
2987 3426 3099 3466 non
3133 3409 3501 3482 conspiciunt
3531 3410 3918 3482 possident,et

2272 3502 2367 3558 isti
2384 3506 2732 3575 cognoscant
2749 3501 2883 3570 quia
2896 3516 2991 3555 eas
3004 3515 3153 3571 quas
3167 3499 3527 3577 conspiciunt
3542 3516 3917 3572 nequaquam

2271 3596 2467 3648 tenere
2491 3588 3115 3662 possunt.Plerumque
3138 3595 3329 3644 tamen
3356 3604 3734 3660 persoiiarum
3754 3590 3923 3645 ordi-

2272 3697 2400 3739 nem
2435 3685 2723 3753 permutat
2754 3678 3004 3757 qualitas
3036 3677 3447 3743 morum,utsit
3470 3678 3629 3733 dives
3651 3677 3920 3746 humilis,

2270 3770 2346 3827 sit
2366 3784 2582 3839 pauper
2596 3767 2803 3824 elatus.
2826 3765 2990 3823 Unde
3013 3782 3145 3822 mox
3168 3765 3536 3838 praedicanti:
3555 3766 3756 3840 lingua
3776 3784 3914 3823 cum

2269 3857 2562 3914 audientis
2591 3858 2763 3913 debet
2780 3857 2897 3912 vita
2914 3872 3040 3911 com
3055 3855 3278 3913 noni.ut
3299 3863 3459 3911 tanto
3483 3856 3812 3912 districtius
3839 3857 3927 3927 (Ii)

2266 3947 2325 4003 in
2351 3964 2458 4019 pan
2471 3963 2603 4019 pere
2616 3945 2922 4001 elationem
2946 3944 3128 4013 feriat,
3153 3946 3220 4015 (ί)
3247 3949 3463 4017 quanto
3485 3962 3609 4001 eam
3634 3961 3738 4002 nec
3755 3946 3926 4002 illata

2268 4033 2842 4108 paupertasinclinat
2864 4050 2879 4100 ;
2900 4037 2957 4089 et
2985 4037 3149 4088 tanto
3181 4033 3373 4088 lenius
3402 4032 3800 4090 humilitatem
3835 4034 3929 4089 di-

2266 4124 2448 4179 vitum
2483 4122 2757 4187 mulceat.
2811 4125 3029 4196 quanto
3079 4137 3179 4178 eos
3232 4137 3336 4178 nec
3385 4122 3749 4179 abundantia
3793 4138 3926 4195 quas

2267 4210 2555 4284 sublevat,
2589 4210 2826 4268 exaltat.

2335 4300 2766 4370 Nonnunquam
2791 4305 2988 4356 tamen
3013 4300 3184 4357 etiam
3210 4301 3498 4372 superbus
3517 4300 3677 4358 dives
3708 4301 3924 4358 exhor-

2266 4390 2506 4448 tationis
2537 4389 2934 4446 blandimento
2958 4387 3280 4461 placandus
3304 4390 3556 4462 est,quia
3578 4396 3633 4446 et
3658 4391 3932 4463 plerum-

2191 4474 2236 4539 D
2268 4496 2382 4551 que
2413 4479 2562 4535 dura
2589 4477 2831 4535 vulnera
2860 4494 2963 4551 per
2992 4478 3147 4535 lenia
3176 4479 3430 4535 fomenta
3455 4480 3833 4548 mollescunt,
3866 4485 3928 4537 et

2260 4615 2486 4683 singula
2516 4613 2875 4671 disseramus.
2897 4616 3310 4672 Assumentum
3334 4623 3418 4671 est
3442 4615 3497 4671 in
3523 4616 3659 4675 Mss.
3680 4617 3923 4685 Anglic.

2263 4692 2321 4745 et
2338 4687 2854 4759 nostrisignotum.
2875 4687 3271 4759 Aliundevero
3294 4688 3499 4745 inutile
3517 4695 3605 4743 est
3637 4694 3768 4759 post
3799 4689 3929 4745 ista.

576 4735 656 4809 (ὑ)
688 4733 862 4831 βάλω,
886 4732 1069 4831 aliter.
1091 4736 1437 4831 pecuniarum
1484 4737 1685 4831 oa‘rnis
1727 4738 1952 4831 cgnfcii,
1984 4739 2153 4797 aliter

2287 4732 2444 4831 ξρὲιῖεἶ
2473 4732 2486 4812 Ξ
2519 4732 2623 4812 Sa?
2649 4732 3122 4831 ξγῖιίςΐιξίῖιίιαιῑεῖ
3143 4732 3533 4831 ὸῖὀῗξᾶἇυὲἷό
3552 4732 3933 4817 magis?

509 4802 723 4876 ignari.
758 4802 913 4868 Quod
949 4802 1146 4859 nullus
1176 4819 1244 4860 ex
1272 4805 1409 4860 Mss.
1439 4808 1654 4864 nostris
1682 4810 1933 4866 exhibet.

577 4878 650 4944 (c)
681 4877 840 4947 Trec.
876 4880 933 4931 et
964 4876 1157 4940 Corb.,
1190 4879 1252 4930 in
1277 4877 1560 4947 gravibus.

575 4948 657 5019 ((1)
689 4946 773 5019 Ab
804 4946 896 5000 bis
924 4950 1116 5019 verbis
1141 4946 1323 5019 usque
1345 4950 1418 5005 ad
1440 4950 1583 5017 haec,
1605 4951 1909 5008 admonitio
1942 4954 2147 5019 l.nihi|

504 5015 785 5094 legiturin
809 5017 978 5073 Corb.
1006 5015 1478 5094 prater‘eapitum
1504 5015 1745 5091 huiusce
1769 5023 1950 5094 partis
1967 5015 2147 5082 tertiis

500 5092 558 5143 et
588 5097 805 5168 quartae
838 5104 966 5158 quae
998 5089 1490 5168 admonitionibus
1513 5089 1963 5168 ‘su'bjung‘untur
1986 5114 2146 5168 sum-

505 5160 710 5256 ξιὶθτείέλ
741 5158 1226 5256 “liif‘iﬂﬂi'ttf.
1259 5163 1457 5256 11w?“
1505 5158 1649 5256 ιέθενῖ
1687 5158 1974 5256 “3W”-
2014 5166 2147 5256 ,ῌιῖο

2287 5158 2876 5248 νὸἕὸἀονῖοηθθριιον..
2902 5182 3146 5256 (iamet,
3175 5191 3310 5253 em,
3330 5158 3624 5256 ιῖοη,‹1ιιαέ
3643 5204 3745 5243 "0"
3772 5158 3925 5246 03;"

2257 5257 2631 5323 cupiscunt,ut
2656 5259 2745 5309 est
2776 5255 2831 5308 in
2859 5254 3027 5311 Gilot.
3047 5261 3104 5309 et
3126 5255 3256 5311 aliis
3282 5254 3933 5326 posteriEditisPaulo

2251 5332 2401 5395 post,
2464 5326 2645 5407 iidem,
2692 5326 2924 5395 Excusi,
2976 5328 3246 5384 omnibus
3296 5329 3436 5385 Mss.
3491 5329 3709 5398 invitis,
3774 5350 3933 5404 quas

2254 5405 2666 5461 caurupisrimt.

504 5230 561 5284 in
595 5230 736 5286 Cod.
768 5229 915 5285 liber
944 5228 1319 5298 Reg.Post.in
1351 5228 1497 5289 duos
1528 5241 1754 5293 tantum
1786 5237 1967 5295 libros
1998 5240 2144 5295 divi-

499 5303 678 5383 ditur.
714 5300 935 5383 Eadem
960 5310 1046 5354 est
1075 5302 1313 5383 partitio
1343 5306 1778 5383 t_rium_G‘emet.
1812 5314 1869 5363 et
1899 5310 2139 5383 Longip.

500 5376 563 5455 in
595 5373 782 5439 Trec.,
817 5370 975 5427 nulla
1007 5379 1094 5427 est
1124 5373 1416 5430 distinctio
1454 5377 1543 5432 vel
1571 5378 1852 5437 librorum
1883 5383 1971 5438 vel
2002 5370 2139 5454 phi-

496 5450 760 5591 mlgfﬂic
781 5512 1128 5591 in‘Vulgatis
1156 5516 1432 5571 attexitur
1454 5533 1466 5572 :
1491 5520 1564 5575 De
1581 5520 1671 5577 his
1693 5523 1866 5591 igitur
1884 5523 2138 5580 omnibus

491 5603 528 5641 a
549 5584 857 5660 principali
885 5584 1156 5643 sumentes
1184 5591 1503 5659 exordium,

2261 4828 2338 4884 al.
2372 4834 2607 4897 excepto
2638 4829 2805 4885 Corb.
2840 4827 3129 4893 leguntur.

2330 4901 2401 4970 (Γ)
2431 4901 2491 4973 in
2519 4900 2682 4973 Trec.
2715 4906 2773 4955 et
2803 4898 2874 4973 al.
2910 4899 3049 4955 Msa.
3083 4916 3210 4973 cap.
3243 4900 3423 4973 2l.et
3481 4901 3566 4956 sio
3605 4902 3925 4973 deinceps,

2258 4969 2518 5094 sinuuldas
2544 4971 2973 5027 admonitiones
3004 4986 3105 5043 pro
3136 4969 3385 5041 singulis
3423 4972 3713 5043 capitibus
3744 4969 3925 5031 corn?

2258 5052 2429 5094 nutan
2476 5060 2530 5094 0.
2824 5068 2833 5078 '

2258 5059 2530 5114 putando.
2558 5111 2569 5114 Α
2748 5112 2759 5114 Α
2824 5068 2833 5078 ~

2326 5113 2402 5182 (ῃ)
2434 5113 2535 5193 _Sic_
2558 5111 2867 5193 legendum
2901 5127 2967 5193 ex
3000 5117 3139 5193 Mss.
3182 5113 3368 5193 Trec.,
3411 5115 3603 5179 Carn..
3638 5115 3766 5172 Val.
3807 5119 3934 5193 CL,

2317 5469 2405 5544 (li)
2418 5468 2594 5544 _Carn.
2629 5467 2943 5529 secundus.
2966 5467 3028 5524 in
3058 5472 3315 5544 pauperis
3342 5470 3632 5544 elationem
3657 5482 3913 5544 ferveat.

2316 5542 2385 5609 (ί)
2418 5539 2622 5608 Laud.,
2653 5544 3011 5617 quantoeum
3037 5539 3214 5603 tumOr
3241 5543 3494 5599 elationis
3520 5539 3771 5617 infestat,
3805 5564 3924 5604 nec

1533 5591 1702 5648 latius
1729 5610 1799 5650 ex
1817 5595 2011 5651 ordine
2032 5612 2137 5667 per
2245 5591 2409 5668 ίιιὶιίἀ
2419 5591 3031 5684 saeuissimus.
