4136 6178
296 223 367 284 sa
1064 215 1402 280 REGULE
1445 213 1938 281 PASTORALIS
1982 201 2228 286 uena.
2277 252 2352 264 -
2396 219 2593 286 PARS
2635 223 2956 285 TERTIA.
3625 235 3704 300 si

286 355 1052 428 furoriusanerumsepead
1074 352 1328 409 salutem
1345 352 1568 408 medico
1601 349 1941 409 blandiente
1971 355 2024 419 Α
2057 352 2224 418 fiunt,
2257 354 2354 410 sed
2376 354 2448 425 (b)
2477 358 2994 426 conspersionibus
3018 360 3297 424 existunt.
3321 363 3547 432 Quibus
3575 381 3704 435 pro.

288 451 597 506 reducitur
617 461 893 517 ;cumque
922 443 1007 500 eis
1026 445 1083 498 in
1108 442 1417 498 dulcedine
1431 439 1938 507 condesceuditur,
2053 442 2197 496 tecto
2216 441 2610 499 intimandum
2634 451 2722 500 est
2744 448 2893 516 quod
2913 450 3176 520 quaedam
3194 452 3328 508 vitia
3343 453 3694 524 quibusdam

286 540 538 608 languor
562 537 798 592 insaniae
831 533 1153 605 mitigatur.
1180 536 1378 602 Neque
1401 529 1558 586 enim
1585 529 1941 601 negligenter
2048 532 2740 605 conspersionibusjuxta
2761 513 3332 598 sunt-Habentenim
3356 513 3548 600 ltetiex
3567 513 3695 616 pro?

289 628 629 684 intuendum
647 628 758 688 est,
778 624 935 694 quod
963 637 1098 677 cum
1121 619 1355 679 Saulem
1391 618 1640 690 spiritus
1662 619 1938 676 adversus
2049 621 2263 691 pinquo
2293 620 2607 689 luxuriam,
2639 623 2834 686 tristes
2855 624 3024 686 iram.
3061 627 3222 688 Unde
3249 646 3485 688 necesse
3515 638 3602 689 est,
3623 638 3690 690 ut

286 715 598 780 invaderet,
620 713 992 783 apprehensa
1013 707 1193 763 David
1216 706 1464 772 cithara,
1487 705 1618 776 ejus
1642 704 1933 762 vesaniam
2047 725 2161 765 non
2176 709 2368 766 solum
2384 709 2636 782 quisque
2663 714 2989 770 consideret
3009 718 3160 787 quod
3185 734 3252 776 ex
3274 721 3687 792 conspersione

275 813 516 867 sedebat
549 810 596 879 ξι
630 814 758 878 Reg.
794 823 957 870 xvui,
992 806 1099 875 10).
1133 803 1282 870 Quid
1343 803 1500 858 enim
1536 819 1638 874 per
1677 802 1929 860 Saulem,
2045 798 2319 865 sustinet,
2339 800 2632 864 sedpetiam
2649 801 2805 872 quod
2828 804 3368 866 exviciuodeterius
3391 822 3680 883 perurget;

275 900 382 956 nisi
412 899 591 953 elatio
624 901 968 969 potentum;
996 900 1056 951 ct
1101 895 1242 965 quid
1279 909 1380 965 per
1411 890 1596 947 David
1639 891 1926 957 innuitur,
2042 906 2114 945 ne
2131 890 2268 945 dum
2294 906 2666 962 nequaquam
2692 897 2913 963 pugnat
2934 897 3138 951 contra
3157 895 3260 951 hoc
3275 899 3427 968 quod
3452 898 3682 971 tolerat,

272 991 375 1046 nisi
409 988 658 1044 humilis
675 989 796 1042 vita
815 991 1154 1042 sanctorum
1173 983 1202 1038 ?
1239 983 1382 1039 Cum
1407 998 1544 1054 ergo
1565 982 1699 1038 Saul
1721 982 1794 1036 ab
1815 980 1894 1036 im
1910 1010 1926 1023 -
2039 978 2090 1033 ei
2109 994 2339 1050 quoque
2357 995 2518 1050 aquo
2533 995 2594 1034 se
2611 979 2854 1036 liberum
2876 984 3146 1048 aestimat,
3166 983 3303 1040 vitio
3319 987 3678 1044 succumbat.

270 1081 483 1136 mundo
507 1077 726 1144 spiritu
758 1075 1054 1146 arripitur,
1088 1072 1264 1130 David
1297 1077 1564 1135 canente,
1607 1071 1730 1140 ejus
1763 1086 1929 1124 vesa-
2469 1067 2700 1124 CAPUT
2741 1067 2811 1122 IV
2848 1069 2956 1140 [Αι.
2997 1071 3250 1143 XXVIII].

265 1171 355 1224 nia
399 1172 803 1239 temperatur;
841 1165 979 1237 quia
1027 1179 1162 1220 cum
1204 1179 1414 1217 sensus
1472 1166 1772 1230 potentum
1825 1176 1926 1230 per
2251 1155 2522 1224 Quomodo
2543 1156 2875 1215 admonendi
2901 1158 3110 1214 subditi
3138 1164 3187 1216 et
3216 1162 3464 1230 praelati.

261 1258 578 1313 elationem
612 1257 673 1310 in
712 1257 966 1310 furorem
1017 1253 1283 1316 vertitur,
1318 1250 1560 1322 dignum
1593 1254 1681 1304 est
1737 1253 1803 1304 ut
1850 1249 1921 1303 ad
2104 1245 2445 1317 (Admonitio
2476 1245 2763 1315 5.)Aliter
2791 1249 3142 1306 admonendi
3169 1260 3302 1307 sunt
3326 1255 3566 1324 subditi,
3591 1260 3678 1312 at-

259 1347 512 1402 salutem
546 1345 767 1400 mentis
797 1343 967 1415 quasi
989 1341 1296 1397 dulcedine
1316 1340 1574 1404 cithara),
1607 1338 1921 1393 locutionis
2031 1350 2143 1405 que
2174 1333 2342 1391 aliter
2371 1333 2612 1407 praelati.
2647 1335 2784 1393 Illos
2817 1353 2885 1392 ne
2917 1337 3205 1407 subjectio
3229 1344 3672 1410 conterat,istos

258 1443 475 1492 nostris
509 1433 948 1506 tranquillitate
977 1435 1295 1487 revocetur.
1334 1429 1666 1499 Aliquando
1725 1432 1917 1482 autem

2031 1440 2102 1479 ne
2124 1423 2286 1479 locus
2319 1424 2584 1496 superior
2615 1424 2872 1480 extollat.
2897 1424 3079 1490 Illinc
3103 1426 3295 1484 minus
3312 1447 3436 1500 quis
3459 1432 3670 1502 juben-

256 1540 387 1579 cum
432 1523 620 1591 hujus
675 1519 893 1576 seculi
922 1522 1189 1590 potentes
1228 1520 1579 1586 arguuntur,
1614 1513 1773 1586 prius
1817 1529 1920 1585 per
2027 1517 2124 1568 tur
2153 1512 2663 1585 impleant,istine
2685 1514 3667 1593 plusiustojubeant(c)qusscom-

255 1613 546 1684 quasdam
582 1608 1003 1665 similitudines
1034 1607 1190 1660 velut
1215 1606 1311 1660 37
1348 1605 1419 1659 de
1450 1603 1636 1658 alieno
1683 1603 1914 1674 negotio

253 1699 593 1771 requirendi
626 1702 806 1763 sunt;
838 1701 895 1751 et
925 1712 1058 1751 cum
1090 1700 1308 1750 rectam
1360 1691 1709 1748 sententiam
1743 1692 1912 1762 quasi

257 1792 313 1846 in
327 1792 586 1845 alterum
605 1784 980 1858 protulerint,
999 1789 1136 1839 tunc
1154 1779 1818 1852 modiscongruentibus
1840 1782 1908 1836 de

259 1879 488 1954 proprio
517 1882 687 1932 reatu
722 1874 966 1931 feriendi
997 1877 1169 1940 sunt;
1205 1875 1268 1928 ut
1297 1887 1460 1927 mens
1486 1870 1790 1941 temporali
1813 1885 1910 1940 po-

255 1971 436 2026 tentia
474 1967 712 2022 tumida
750 1969 950 2019 contra
979 1962 1389 2033 corripientem
1430 1975 1802 2030 nequaquam
1845 1975 1908 2015 se

249 2057 457 2127 erigat,
489 2071 626 2126 qum
641 2068 751 2109 suo
783 2051 894 2106 sibi
921 2050 1144 2120 judicio
1165 2047 1451 2119 superbire
1482 2047 1764 2103 cervicem
1789 2046 1905 2102 cal-

246 2153 368 2212 cat;
404 2152 467 2200 et
504 2146 569 2200 in
597 2141 766 2198 nulla
795 2142 887 2196 sui
926 2139 1263 2194 defensione
1301 2152 1364 2192 se
1398 2139 1683 2201 exerceat,
1725 2150 1904 2206 quam

244 2234 539 2292 sententia
573 2230 794 2305 proprii
827 2229 946 2284 oris
970 2229 1130 2298 ligat.
1164 2226 1310 2283 Hinc
1327 2229 1412 2281 est
1439 2224 1592 2281 enim
1619 2225 1772 2295 quod
1799 2223 1906 2281 Na-

241 2328 383 2382 than
423 2323 715 2396 prapheta
743 2334 986 2389 arguere
1017 2333 1212 2388 regem
1242 2318 1498 2383 venerat,
1531 2319 1588 2370 et
1630 2313 1799 2384 quasi
1832 2313 1902 2369 de

240 2430 425 2471 causa
456 2410 738 2485 pauperis
767 2413 971 2466 contra
999 2405 1238 2461 divitem
1273 2403 1563 2474 judicium
1607 2402 1903 2474 quaerebat

240 2507 306 2573 (II
342 2505 471 2573 Reg.
503 2517 612 2566 xu,
645 2501 703 2564 4,
731 2500 788 2566 5,
817 2497 988 2568 seq.);
1023 2500 1088 2552 ut
1113 2494 1272 2566 prius
1300 2509 1398 2548 rex
1427 2491 1778 2547 sententiam
1813 2490 1902 2544 di.-

239 2597 418 2656 ceret,
450 2595 514 2646 et
556 2594 783 2644 reatum
816 2601 989 2640 suum
1015 2582 1388 2656 postmodum
1422 2580 1672 2650 audiret,
1705 2588 1901 2651 quate-

239 2700 347 2738 nus
378 2692 764 2752 nequaquam
793 2674 1032 2746 justitiaa
1073 2671 1513 2739 contradiceret,
1554 2685 1733 2740 quam
1772 2668 1900 2740 ipse

237 2774 292 2828 in
319 2789 386 2828 se
420 2768 786 2839 protulisset.
819 2763 926 2818 Vir
955 2763 1151 2833 itaque
1179 2765 1418 2816 sanctus
1449 2767 1503 2815 et
1535 2763 1894 2830 peccatorem

235 2861 622 2918 considerans
653 2863 712 2911 et
741 2869 962 2925 regem,
995 2852 1140 2906 miro
1183 2849 1387 2907 ordine
1414 2849 1695 2904 audacem
1730 2862 1895 2904 reum

241 2954 402 3023 prius
416 2967 524 3022 per
543 2944 973 3002 confessionem
991 2941 1174 3013 ligare
1189 2939 1436 3007 studuit,
1456 2942 1515 2993 et
1530 2937 1894 3008 postmodum

241 3055 338 3110 per
366 3036 769 3092 inventionem
800 3045 1016 3087 secare.
1049 3027 1264 3084 Celavit
1285 3026 1586 3097 paululum
1620 3026 1697 3098 (α)
1720 3041 1891 3096 quem

2026 1601 2314 1670 pleantur.
2351 1601 2522 1658 llliut
2559 1602 2854 1658 humiliter
2876 1605 3672 1681 subjaceant,istiuttempe.

2026 1697 2221 1750 rauter
2251 1694 2508 1764 praesint.
2543 1697 2690 1750 Nam
2746 1695 2903 1763 quod
2943 1695 3190 1769 intelligi
3243 1703 3301 1752 et.
3344 1698 3670 1771 ﬁguraliter

2022 1787 2231 1853 potest,
2264 1782 2384 1840 illis
2414 1783 2624 1838 dicitur
2657 1805 2669 1841 ς
2705 1783 2860 1852 Filii,
2890 1783 3109 1846 abedite
3121 1789 3441 1857 parentibus
3477 1791 3666 1848 vestris

2019 1871 2078 1927 in
2110 1872 2377 1934 Domini:
2411 1870 2539 1938 istis
2569 1887 2702 1927 vero
2735 1871 3065 1946 priecipitur
3099 1889 3113 1929 :
3145 1876 3220 1930 Et
3247 1884 3452 1946 patres,
3484 1878 3668 1938 nolite

2016 1961 2088 2016 ad
2118 1959 2476 2018 iracundiam
2498 1976 2794 2030 prouocare
2817 1961 2963 2042 ﬁlios
2987 1972 3192 2021 vestro:
3211 1965 3437 2034 (Colon.
3465 1984 3548 2036 iu,
3570 1969 3662 2038 20,

2018 2050 2127 2121 21).
2165 2049 2251 2111 Illi
2284 2049 2385 2114 38
2416 2049 2648 2108 discant
2676 2052 2964 2123 quomodo
2997 2058 3130 2110 ante
3159 2054 3236 2126 (ά)
3277 2057 3488 2114 occulti
3511 2058 3661 2114 arbi-

2014 2141 2087 2195 tri
2118 2139 2315 2196 oculos
2353 2155 2461 2198 sua
2490 2137 2769 2201 interiora
2799 2147 3175 2212 componant,
3217 2143 3318 2208 isti
3367 2148 3660 2216 quomodo

2015 2231 2188 2292 etiam
2220 2228 2552 2290 commissis
2595 2228 2706 2292 sibi
2740 2230 3007 2302 exempla
3066 2232 3210 2288 bene
3241 2232 3468 2296 vivendi
3500 2240 3660 2300 sate,

2014 2319 2135 2382 rius
2167 2319 2481 2389 praebeant.

2083 2409 2240 2463 Scire
2265 2406 2479 2470 etenim
2503 2405 2724 2478 praelati
2748 2407 2964 2472 debent
2990 2411 3078 2479 (ιι,
3110 2426 3162 2483 q.
3193 2411 3248 2483 5,
3279 2425 3325 2467 ο.
3351 2412 3654 2484 Praecipue,

2007 2514 2064 2568 ρ.
2095 2498 2236 2552 scire
2253 2496 2515 2568 prtelati),
2549 2495 2687 2567 quia
2736 2494 2785 2552 si
2817 2512 3087 2567 perversa
3139 2514 3397 2568 unquam
3445 2517 3654 2573 perpe-

2007 2591 2178 2653 trant,
2204 2586 2276 2658 (ε)
2309 2591 2395 2641 tot
2424 2587 2710 2641 mortibus
2732 2587 2892 2658 digni
2916 2596 3074 2653 sunt,
3098 2593 3241 2658 quot
3279 2590 3352 2646 ad
3385 2591 3654 2657 subditos

2007 2692 2144 2738 suos
2161 2674 2502 2748 perditionis
2517 2675 3219 2746 exemplatraasmittunt.
3246 2678 3400 2742 Unde
3419 2696 3655 2747 necesse

2006 2772 2097 2822 est
2124 2770 2186 2822 ut
2211 2769 2374 2822 tanto
2401 2781 2463 2822 se
2489 2764 2717 2829 cautius
2747 2781 2782 2821 a
2829 2765 3003 2837 culpa
3051 2767 3406 2839 custodiant,
3437 2775 3654 2839 quanto

2007 2870 2108 2926 per
2138 2870 2314 2926 prava
2342 2869 2471 2925 quae
2501 2853 2752 2921 faciunt,
2786 2870 2902 2909 non
2960 2853 3064 2910 soli
3118 2855 3445 2920 moriuntur
3465 2857 3520 2930 [f
3541 2859 3650 2914 sed

2004 2942 2253 3000 aliorum
2283 2946 2636 3014 animarum,
2660 2960 2809 3014 quas
2831 2944 3021 3012 pravis
3041 2947 3327 3020 exemplis
3349 2949 3652 3006 destruxe-

2006 3032 2249 3101 runt,rei
2269 3032 2454 3104 sunt].
2491 3031 3269 3098 Undeadmonendisuntilli
3289 3054 3302 3108 ;
3323 3052 3392 3092 ne
3415 3037 3650 3096 district-

241 3094 528 3199 :IWBSlVit:
549 3123 654 3178 33d
670 3120 1393 3192 Ρθτουεείίτθρθηίθίῖυθηι
1424 3094 1636 3170 “mm;
1666 3094 1889 3184 Ρίέζνῖυε
1921 3094 1964 3162 C
2001 3094 3648 3198 tiuspuniantu'rsiabsolutireperirinequiverintsaltem,

240 3218 392 3274 enim
423 3217 681 3270 fortasse
702 3208 1007 3275 incideret,
1030 3207 1080 3261 si
1106 3206 1178 3260 ab
1196 3206 1323 3277 ipso
1346 3204 1635 3262 sermonis
1657 3202 1890 3259 exordio

242 3313 433 3376 aperte
465 3301 708 3373 culpam
743 3299 912 3354 ferire
930 3295 1244 3362 voluisset;
1275 3293 1370 3348 sed
1397 3292 1700 3364 prmmissa
1729 3291 1890 3348 simi-

242 3394 510 3457 litudine,
539 3405 674 3446 eam
705 3403 878 3458 quam
910 3383 1242 3442 occultabat
1269 3382 1499 3437 exacuit
1541 3380 1887 3449 increpatio-

243 3499 388 3539 nem.
411 3483 499 3536 Ad
547 3493 773 3551 aegrum
807 3475 1071 3531 medicus
1099 3479 1356 3536 venerat,
1406 3473 1726 3527 secandum
1756 3469 1885 3524 vul-

236 3590 338 3630 nus
367 3571 637 3638 videbat,
667 3568 769 3624 sed
801 3567 872 3622 de
903 3563 1186 3636 patientia
1214 3561 1351 3633 agri
1384 3562 1708 3616 dubitabat.
1739 3559 1889 3614 Abs-

235 3665 428 3719 condit
456 3663 649 3734 igitur
693 3660 911 3714 ferrum
959 3653 1302 3713 medicinale
1351 3653 1462 3709 sub
1511 3656 1688 3718 veste,
1730 3650 1884 3722 quod

231 3755 510 3809 eductum
544 3749 741 3806 subito
773 3748 899 3802 ﬁxit
930 3746 989 3801 in
1030 3743 1284 3812 vulnere,
1318 3747 1384 3798 ut
1424 3745 1716 3798 secantem
1758 3739 1886 3811 gina

231 3842 382 3897 dium
407 3840 669 3896 sentiret
711 3853 862 3909 aeger
893 3838 1211 3906 antequam
1243 3834 1522 3900 cerneret,
1556 3845 1629 3885 ne
1667 3829 1718 3886 si
1749 3833 1884 3885 ante

230 3935 513 3996 cerneret,
538 3927 756 3984 sentire
787 3927 1100 3981 recusaret.

679 4023 912 4080 CAPUT
954 4021 1029 4077 ιιι
1073 4019 1182 4092 [Αι.
1215 4018 1432 4088 κείνη]

493 4115 778 4184 Quomodo
810 4107 1142 4166 admonendi
1175 4108 1290 4161 laeti
1317 4112 1371 4162 et
1398 4106 1600 4161 tristes.

299 4202 642 4278 (Admonitio
675 4202 748 4270 4.)
779 4199 962 4255 Aliter
993 4193 1348 4253 admonendi
1371 4199 1508 4249 sunt
1538 4193 1674 4257 laeti,
1706 4196 1883 4262 atque

239 4297 399 4354 aliter
429 4295 661 4350 tristes.
696 4288 868 4346 Laetis
899 4287 1166 4342 videlicet
1195 4285 1495 4340 inferenda
1534 4290 1664 4338 sunt
1695 4281 1884 4336 tristia

237 4405 353 4458 qua
375 4386 720 4456 sequuntur
735 4396 800 4436 ex
826 4375 1136 4457 supplicio;
1155 4373 1418 4429 tristibus
1433 4388 1566 4426 vero
1583 4371 1882 4427 inferenda

2001 3211 2071 3269 de
2100 3227 2196 3266 se:
2229 3210 2326 3268 isti
2361 3225 2432 3268 ne
2480 3210 2552 3264 de
2591 3207 2958 3268 subditorum
2988 3213 3644 3284 erratibusjudicentur,

1999 3299 2229 3362 etiamsi
2250 3315 2310 3355 se
2337 3300 2460 3366 jam
2482 3296 2554 3354 de
2583 3312 2644 3356 se
2665 3312 2901 3359 securos
2923 3297 3244 3362 inveniunt.
3271 3299 3357 3365 Illi
3384 3308 3445 3358 ut
3477 3309 3642 3372 tanto

1997 3389 2151 3445 circa
2177 3404 2239 3446 se
2263 3385 3344 3456 sollicitiusvivant,quantaeosaliena
3367 3406 3634 3454 Curanon

1997 3476 2262 3548 implicat
2280 3495 2294 3543 ;
2311 3475 2406 3531 isti
2421 3491 2552 3530 vero
2568 3475 2728 3530 utsic
2744 3475 2988 3539 aliorum
3003 3491 3174 3538 curas
3199 3477 3642 3552 expleant,qua—

2000 3571 2168 3628 tenus
2200 3571 2256 3622 et
2286 3581 2426 3624 suas
2448 3580 2617 3634 agere
2648 3579 2761 3624 nan
2793 3564 3274 3630 desistant,etsic
3305 3567 3362 3631 in
3406 3570 3640 3640 prapria

1996 3656 2392 3714 sollicitudine
2425 3656 2699 3724 ferveant,
2732 3660 2798 3711 ut
2826 3672 2860 3720 β
2889 3657 3338 3714 commissorum
3368 3660 3642 3720 custodia

1995 3746 2239 3808 minime
2254 3743 2878 3816 torpescentJllienim
2898 3744 3132 3806 sibimet
3157 3747 3639 3806 vaeantidicitur:

1999 3836 2144 3895 Vade
2163 3835 2234 3890 ad
2287 3835 2604 3904 formicam,
2635 3849 2665 3888 ο
2684 3835 2864 3905 piger,
2885 3839 2942 3888 et
2989 3834 3275 3894 considera
3296 3836 3413 3892 vias
3431 3837 3567 3906 eius,
3594 3848 3648 3894 et

1992 3926 2136 3982 disco
2153 3925 2486 3994 sapientiam
2513 3925 2793 3994 (Proverb.
2827 3935 2902 3992 vx,
2933 3924 3011 3994 6).
3047 3928 3157 3980 Iste
3186 3930 3380 3984 autem
3402 3926 3636 3988 teri-ibi.

1991 4016 2127 4072 liter
2153 4017 2671 4083 admonetur,cum
2707 4013 3262 4084 dicitur:Fitimi,ti
3283 4019 3644 4087 spoponderis

1990 4121 2093 4177 pro
2109 4106 2287 4166 amico
2309 4103 2680 4174 tuo,deﬁ.cirti
2698 4103 2847 4176 apud
2866 4107 3194 4160 extraneum
3214 4122 3443 4163 manum
3465 4112 3640 4176 tuam,

1991 4201 2044 4252 et
2072 4195 2408 4266 ittaqueatu:
2433 4209 2487 4249 es
2508 4194 2688 4248 verbis
2700 4191 2928 4260 orirtui,
2954 4199 3007 4249 et
3029 4204 3218 4264 captu:
3250 4197 3503 4267 propriis
3523 4213 3638 4260 ,ςεν-

1990 4283 2450 4354 monibus(lbid.,
2485 4284 2554 4352 1).
2586 4283 2881 4350 Spondere
2905 4299 3158 4353 namque
3188 4301 3292 4355 pro
3312 4286 3524 4352 amico,
3547 4293 3636 4342 est

1992 4373 2242 4429 alienam
2262 4370 2514 4426 animam
2533 4371 2589 4425 in
2611 4368 2865 4442 periculo
2879 4373 3633 4430 aumconversationieacci—

236 4481 366 4531 sunt
399 4479 540 4528 laeta
573 4486 705 4541 quae
739 4467 1162 4538 promittuntur
1184 4479 1253 4517 ex
1285 4477 1483 4534 regno.
1511 4459 1747 4515 Discant
1771 4458 1884 4514 laeti
1913 4466 1958 4530 ι)
1991 4460 2317 4533 pere.Unde
2336 4460 2558 4529 ctapud
2582 4463 2922 4520 extraneum
2941 4475 3154 4516 manus
3176 4461 3630 4533 deiigitur,quia

235 4582 292 4619 ex
325 4565 626 4619 minarum
661 4557 970 4630 asperitate
1009 4553 1162 4622 quod
1196 4552 1474 4617 timeant;
1499 4548 1742 4604 audiant
1779 4548 1882 4602 tri-

237 4665 342 4709 stes
375 4649 751 4724 praemiorum
785 4643 995 4716 gaudia
1027 4643 1098 4697 de
1129 4641 1340 4714 quibus
1370 4643 1737 4711 praesumant.
1762 4637 1880 4692 lllls

238 4745 446 4813 quippe
476 4737 694 4794 dicitur
726 4752 739 4790 :
779 4736 867 4791 Va:
891 4733 1041 4789 vobis
1061 4733 1156 4804 qut
1194 4729 1388 4785 ridetis
1417 4743 1584 4795 nunc,
1617 4729 1880 4799 quoniam

241 4832 439 4898 ﬂebitis
466 4832 622 4898 (Luc.
655 4843 735 4892 vi,
763 4826 857 4894 25)
885 4843 899 4891 ;
931 4821 1030 4876 isti
1065 4836 1196 4876 vero
1227 4819 1428 4874 eodem
1464 4817 1740 4890 magistro
1784 4819 1880 4872 do-

242 4927 400 4975 recte
428 4917 678 4974 audiunt
704 4915 942 4971 :Iterum
973 4908 1162 4966 videbo
1194 4923 1303 4975 vos,
1325 4916 1377 4963 et
1403 4906 1658 4978 gaudebit
1685 4923 1780 4961 cur
1795 4921 1880 4961 ve-

239 5016 432 5073 stram,
465 5016 517 5063 et
548 5005 812 5076 gaudium
831 5006 1073 5057 vestrum
1093 5014 1249 5054 nemo
1282 4996 1438 5052 tollet
1464 5013 1498 5051 a
1527 4996 1674 5052 vobis
1695 4996 1871 5063 (Joan.

237 5114 344 5166 xvr,
375 5098 496 5163 22).
533 5090 810 5149 Nonnulli
835 5093 1032 5145 autem
1063 5087 1174 5142 lteti
1206 5085 1293 5141 vel
1336 5085 1532 5141 tristes
1560 5100 1672 5139 non
1705 5086 1877 5139 rebus

303 5240 378 5309 ta)
409 5239 466 5292 ln
505 5233 765 5296 Excusis,
796 5229 937 5302 quod
965 5227 1232 5303 quaesivit.
1264 5233 1472 5284 Omnes
1504 5226 1645 5282 Mss.
1670 5225 1872 5296 nostri,

239 5327 413 5380 quem,
440 5311 666 5376 optimo
696 5319 892 5380 sensu.

309 5367 521 5450 {bitter
549 5377 988 5450 conspersinnrm
1019 5369 1334 5450 Gregorius
1360 5367 1657 5450 intelligit
1687 5368 1781 5424 hic
1819 5373 1875 5425 et

245 5441 377 5506 alibi
408 5441 688 5515 indolem,
710 5455 1000 5512 naturam,
1032 5441 1379 5515 corporiset
1417 5441 1625 5515 animai
1657 5449 1874 5515 tempe-

247 5525 520 5584 rationem
565 5527 621 5576 et
659 5511 948 5583 habitum,
978 5511 1043 5570 ut
1081 5513 1223 5575 satis
1269 5511 1469 5584 liquet.
1489 5512 1642 5584 itide
1697 5513 1870 5580 intra,

245 5610 362 5666 cap.
396 5582 481 5658 38,
509 5595 675 5663 juxta
704 5593 917 5658 recent.
944 5584 1096 5650 Edit.
1123 5584 1178 5651 3,
1206 5591 1260 5642 et
1288 5582 1352 5639 6t
1394 5583 1453 5646 in
1486 5582 1623 5646 Mss.

1989 4551 2143 4622 apud
2176 4566 2374 4606 curam
2407 4548 2823 4603 sollicitudinis
2845 4564 2970 4618 quis
2990 4553 3121 4604 ante
3139 4548 3359 4618 deerat,
3383 4569 3546 4607 mens
3568 4551 3636 4606 li-

1987 4652 2174 4713 gatur.
2193 4639 2394 4695 Verbis
2415 4655 2549 4695 vero
2564 4639 2684 4695 oris
2707 4640 2796 4702 sui
2813 4640 3165 4711 illaqueatus
3178 4646 3285 4709 est,
3302 4657 3368 4698 ac
3383 4643 3632 4712 prepriis

1988 4730 2358 4787 sermonibus
2371 4738 2575 4800 captus
2595 4747 2608 4796 ;
2623 4729 2761 4799 quia
2774 4728 2847 4782 du
2861 4745 2913 4782 ru
2931 4728 3264 4784 commissis
3277 4729 3388 4784 sibi
3405 4731 3638 4802 cogitur

1988 4820 2143 4877 bona
2172 4820 2384 4886 dicere,
2408 4818 2604 4889 ipsum
2621 4817 2780 4888 prius
2806 4833 3041 4872 necesse
3063 4823 3292 4888 estqum
3315 4818 3636 4876 dixeritcu-

1987 4909 2224 4966 stodire.
2240 4908 2599 4979 lllaqueatur
2617 4908 2799 4980 igitur
2821 4906 3012 4963 verbis
3025 4906 3144 4962 oris
3165 4908 3436 4977 sui,dum
3461 4910 3637 4967 ratio-

1989 5015 2060 5055 ne
2081 5001 2345 5072 exigente
2367 5000 2818 5069 constringitur,
2843 4997 3054 5069 neejus
3068 4998 3178 5054 vita
3193 4999 3264 5055 ad
3283 4999 3441 5058 aliud
3455 5019 3633 5075 quam

1987 5089 2267 5144 admonet
2297 5087 2607 5144 relaxetur.
2641 5085 2806 5142 Unde
2833 5087 2983 5157 apud
3005 5087 3338 5148 districtum
3375 5090 3635 5160 iudicem

2055 5233 2125 5304 (ε)
2161 5233 2336 5288 Laud.
2366 5236 2422 5289 et
2453 5231 2647 5304 Corb,,
2679 5246 2840 5304 quam
2869 5232 3270 5304 compleantur.

2057 5303 2128 5375 (il)
2164 5303 2339 5358 Laud.
2375 5309 2432 5358 et
2462 5303 2651 5375 Trec.,
2676 5303 2880 5356 occulti
2909 5303 3164 5361 arbitris.

2052 5373 2121 5443 (e)
2151 5378 2375 5430 Gemet.
2411 5391 2477 5429 ac
2511 5373 2680 5442 plur.,
2717 5384 2790 5429 tat
2821 5378 3125 5432 tormentis.

2054 5449 2118 5518 (/)
2149 5446 2359 5520 Carent
2391 5447 2496 5520 hac
2529 5445 2856 5520 parenthesi
2891 5446 3297 5520 Trec.,7Corb.,
3326 5449 3505 5509 Laud.
3531 5450 3634 5516 Est

1985 5516 2574 5582 in'Gemeticensibus
2599 5525 2654 5573 et
2677 5517 2734 5581 in
2767 5517 2954 5589 primo
2985 5519 3154 5576 And.-
