4136 6178
516 267 590 323 55
1756 265 2032 326 SANCTl
2079 261 2441 326 GBEGORll
2490 263 2731 324 MAGNI
3828 273 3894 332 56

514 399 740 469 cogitur
762 408 916 454 tanta
939 400 996 456 in
1021 416 1190 472 opere
1212 400 1522 465 exsolvere,
1551 403 2160 470 quantaeumconstat
2192 404 2238 467 Α
2276 397 2607 468 ρτωροεὶἰοε
2638 404 2967 470 conceptam
3001 401 3058 454 in
3101 402 3274 456 corde
3323 402 3604 458 malitiam
3641 405 3892 474 usquead

521 485 651 542 aliis
677 503 816 544 voce
835 490 1188 558 praecepisse.
1227 489 1332 544 Ubi
1379 493 1436 542 et
1482 489 1622 543 bene
1655 504 1780 543 mox
1837 489 2163 544 exhortatio

511 575 808 644 subditur,
841 581 905 631 ut
936 576 1166 632 dicatur
1197 593 1210 630 :
1247 581 1356 632 Fae
1379 591 1508 644 ergo
1539 577 1678 647 quod
1693 576 1829 642 dico,
1861 577 1946 646 ﬁli
1983 579 2082 644 mi,
2107 583 2161 631 et

507 669 849 738 temetipsum
869 668 1100 736 libera,q
1111 666 1202 720 uia
1221 665 1470 720 incidisti
1485 666 1544 720 in
1570 683 1694 719 man
1705 681 1764 718 us
1781 665 2028 736 proximi
2047 669 2157 723 tui:

505 755 772 820 discurre,
803 759 1026 825 festina,
1055 757 1266 810 suscita
1316 758 1556 810 amicum
1606 763 1802 823 tuum;
1833 774 1902 812 ue
1949 758 2160 813 dederis

507 861 766 899 somnum
784 845 954 899 oculis
972 843 1102 906 tuis,
1122 858 1220 898 nec
1235 844 1528 898 dor-mitent
1547 845 1954 916 palpebrzetuze
1971 849 2156 914 (Prov.

509 948 584 997 νι,
618 932 692 1000 3).
717 931 995 1002 Quisquis
1027 931 1178 987 enim
1209 932 1277 986 ad
1311 931 1618 986 vivendum
1643 932 1772 988 aliis
1807 933 1864 988 in
1897 934 2158 1004 exemplo

513 1020 891 1091 praeponitur,
921 1037 1034 1074 non
1068 1019 1254 1075 solutn
1289 1025 1351 1074 ut
1380 1020 1499 1091 ipse
1517 1020 1732 1091 vigilet,
1763 1023 1861 1078 sed
1895 1023 2069 1078 etiam
2097 1029 2159 1078 ut

505 1109 762 1165 amicum
785 1109 1405 1164 suscitetadinonelur.
1433 1109 1503 1162 Et
1526 1126 1777 1180 namque
1801 1111 2038 1183 vigilare
2061 1113 2158 1168 be-

506 1214 576 1252 ne
606 1197 845 1253 vivendo
867 1215 976 1252 non
1011 1198 1248 1263 sufficit,
1269 1195 1319 1252 si
1347 1213 1462 1251 non
1483 1198 1720 1254 etillum
1751 1198 1842 1253 cui
1879 1207 2104 1270 prasest,
2126 1219 2159 1256 a

505 1286 720 1354 peccati
767 1290 996 1354 torpore
1029 1283 1333 1355 disjungit.
1358 1283 1508 1339 Bene
1548 1291 1741 1341 autem
1788 1287 2004 1343 dicitur
2033 1307 2046 1344 :
2078 1294 2160 1346 Ne

505 1374 721 1429 dederis
750 1389 1004 1428 somnum
1031 1371 1209 1428 oculis
1241 1371 1373 1439 tuis,
1406 1389 1506 1428 nec
1537 1377 1839 1430 dormitent
1877 1375 2157 1447 palpebrae

503 1466 623 1518 tua?
650 1462 834 1533 (Ibid.,
857 1462 929 1530 4).
953 1467 1234 1517 Somnum
1255 1463 1466 1532 quippe
1485 1463 1668 1516 oculis
1686 1465 1842 1531 dare,
1867 1476 1946 1519 est
1971 1466 2158 1522 inten-

506 1559 667 1614 tione
685 1562 968 1624 cessante,
984 1557 1346 1615 subditorum
1369 1577 1563 1617 curam
1581 1561 1820 1616 omnino
1839 1563 2152 1635 negligere.

505 1647 799 1718 Palpebrae
817 1662 949 1700 vero
967 1648 1302 1713 dormitant,
1319 1666 1445 1705 cum
1467 1649 1840 1717 cogitationes
1865 1659 2072 1708 nostrae
2091 1672 2158 1709 ea

507 1753 636 1806 quae
670 1735 727 1790 in
755 1735 1004 1790 subditis
1025 1739 1324 1808 arguenda
1341 1749 1721 1810 cognoscunt,
1748 1741 2049 1812 pigredine
2069 1744 2159 1798 de-

505 1825 798 1896 primente
815 1824 1208 1880 dissimulant.
1236 1826 1414 1883 Plene
1436 1828 1591 1882 enim
1615 1829 1890 1897 dormire,
1909 1838 1994 1886 est
2009 1848 2158 1887 com-

504 1913 817 1968 missorum
849 1918 979 1968 acta
1008 1929 1113 1969 nec
1137 1915 1303 1981 scire,
1331 1932 1433 1971 nec
1465 1917 1773 1986 corrigere.
1805 1917 1929 1974 Non
1963 1929 2156 1975 autem

506 2000 784 2066 dormire,
817 2003 915 2057 sed
941 2001 1251 2059 dormitare
1283 2009 1388 2072 est,
1415 2020 1542 2076 quae
1573 2005 1810 2076 quidem
1844 2008 2160 2077 reprehen-

506 2090 699 2145 denda
715 2097 1224 2162 suntcognoscere,
1246 2094 1346 2148 sed
1365 2102 1557 2149 tamen
1581 2100 1812 2164 prepter
1835 2097 2046 2151 mentis
2062 2104 2157 2152 tte-

505 2178 869 2250 diumdignis
885 2179 1468 2252 eaincrepationibus
1505 2199 1618 2238 non
1655 2184 1985 2240 emendare.
2011 2186 2158 2241 Dor-

507 2269 773 2326 mitando
793 2286 928 2326 vero
949 2270 1158 2327 oculus
1181 2273 1253 2328 ad
1275 2272 1676 2344 plenissimum
1701 2291 1968 2331 somnum
1994 2275 2160 2333 duci-

507 2366 622 2429 tur,
647 2360 941 2431 quiadum
959 2361 1304 2433 plerumque
1322 2362 1420 2433 qui
1438 2368 1644 2433 praeest
1659 2363 1878 2418 malum
1895 2367 2044 2433 quod
2064 2383 2157 2422 co-

506 2449 867 2518 gnoscitnon
889 2457 1125 2514 resecat,
1147 2451 1216 2504 ad
1265 2452 1369 2505 hoc
1411 2453 1759 2522 quandoque
1788 2455 2158 2525 negligentia

505 2551 625 2590 suae
652 2537 858 2591 merito
883 2537 1162 2608 pervenit,
1183 2543 1246 2592 ut
1264 2539 1413 2608 quod
1432 2556 1464 2594 a
1486 2539 1760 2610 subjectis
1777 2542 2157 2616 delinquitur,

504 2639 609 2680 nec
639 2630 948 2695 agnoscat.
1818 2623 1830 2632 ’

577 2712 953 2769 Admonendi
986 2718 1122 2769 sunt
1153 2713 1355 2785 itaque
1386 2717 1488 2787 qui
1538 2726 1810 2788 presunt,
1841 2724 1900 2774 ut
1924 2736 2023 2792 per
2053 2722 2154 2776 89

509 2801 1056 2872 circumspectionis
1083 2804 1333 2860 studium
1367 2805 1565 2861 oculos
1588 2807 1896 2878 pervigiles
1925 2811 2084 2865 intus
2102 2815 2160 2866 et

506 2889 566 2945 in
586 2890 831 2947 circuitu
871 2891 1145 2962 habeant,
1169 2900 1223 2947 et
1273 2893 1401 2947 cceli
1425 2893 1703 2951 animalia
1752 2896 1877 2952 fieri
1919 2904 2159 2955 conten-

507 2981 668 3036 dant.
697 2983 915 3053 (Ezech.
939 2999 980 3045 ι,
1005 2983 1111 3051 18).
1138 2982 1380 3039 Ostensa
1401 2984 1616 3057 quippe
1640 2986 1770 3042 coeli
1795 2987 2078 3045 animalia
2097 2989 2157 3046 in

507 3071 749 3128 circuitu
773 3077 830 3126 et
849 3071 1011 3126 intus
1033 3070 1217 3126 oculis
1243 3071 1411 3144 plena
1445 3074 2052 3149 describuntur(Apoc.
2077 3095 2151 3146 iv,

505 3161 582 3231 6).
611 3160 860 3231 Dignum
882 3159 1095 3231 quippe
1113 3131 1274 3216 estut
1293 3162 1491 3216 cuncti
1507 3163 1603 3233 qui
1626 3131 2054 3234 praesunt‘intus-
2194 3131 2238 3198 Ο

511 3248 699 3321 quein
719 3249 964 3304 circuitu
996 3247 1196 3304 oculos
1227 3249 1500 3318 habeant,
1526 3258 1813 3322 quatenus
1831 3263 1883 3308 et
1929 3255 2158 3313 interno

500 3338 689 3409 judici
723 3338 783 3393 in
807 3338 1126 3407 semetipsis
1151 3335 1378 3409 placere
1399 3341 1694 3406 studeant,
1717 3347 1774 3396 et
1789 3344 2054 3415 exempla
2076 3346 2159 3401 vi-

503 3433 574 3481 ιω
597 3427 850 3482 exterius
887 3425 1228 3496 praebentes,
1252 3443 1320 3482 ea
1358 3427 1534 3483 etiam
1579 3443 1702 3499 quae
1746 3430 1803 3486 in
1849 3430 1977 3486 aliis
2018 3440 2156 3489 sunt

511 3514 856 3585 corrigenda
879 3514 1340 3583 deprehendant.

578 3602 1089 3658 Admonendisunl
1109 3601 1344 3668 subditi,
1365 3617 1438 3656 ne
1461 3605 1890 3673 praepositorum
1915 3624 2150 3664 suorum

504 3685 683 3740 vitam
726 3684 1238 3753 temerejudicent,
1263 3687 1307 3740 si
1327 3685 1465 3755 quid
1489 3701 1587 3741 eos
1607 3689 1843 3745 fortasse
1865 3708 2033 3763 agere
2065 3709 2152 3748 re-

501 3771 1274 3844 prehensibilitervident;ne
1289 3777 1440 3831 unde
1454 3775 1593 3830 mala
1609 3783 1760 3832 recte
1775 3783 2149 3852 redarguunt,

503 3865 639 3917 inde
671 3878 769 3932 per
791 3861 1392 3932 elationisimpulsum
1421 3865 1475 3920 in
1499 3867 1875 3938 profundiora
1889 3886 2154 3942 mergan-

501 3957 613 4006 tur.
649 3950 1011 4006 Admonendi
1037 3959 1195 4018 sunt,
1220 3968 1292 4007 ne
1314 3969 1447 4008 cum
1473 3953 1677 4026 culpas
1703 3959 2146 4028 praepositorum

499 4038 889 4106 considerant,
919 4043 1122 4094 contra
1151 4055 1249 4095 eos
1279 4042 1614 4098 audaciores
1655 4044 1817 4111 fiant,
1840 4047 1937 4100 sed
1981 4047 2065 4102 sic
2097 4051 2146 4105 si

500 4143 614 4196 qua
628 4125 787 4182 valde
809 4133 944 4180 sunt
965 4141 1164 4182 eorum
1181 4145 1374 4199 prava,
1392 4132 1543 4202 apud
1567 4133 1911 4203 semetipsos
1933 4135 2144 4206 dijudi-

499 4221 652 4282 cent,
679 4217 740 4268 ut
761 4219 957 4268 tamen
983 4215 1177 4270 divino
1201 4215 1408 4274 timore
1436 4219 1732 4276 constricti
1760 4223 1905 4277 ferre
1928 4224 2036 4279 sub
2059 4225 2142 4280 eis

491 4305 703 4373 jugum
736 4302 1069 4357 reverentiae
1091 4319 1202 4358 non
1228 4312 1511 4363 recusent.
1539 4309 1697 4374 Quod
1725 4309 1936 4366 melius
1957 4319 2142 4369 osten-

495 4388 767 4452 dimus,si
786 4389 963 4445 David
980 4389 1196 4445 factum
1211 4391 1283 4446 ad
1301 4393 1558 4449 medium
1574 4395 2137 4470 deducamusUReg.

2271 501 2444 554 Opera
2475 485 2671 541 miseri
2703 487 2896 542 odoris
2925 489 3250 558 extendere,
3284 495 3342 545 et
3372 492 3624 561 cogitata
3655 493 3802 562 apud
3844 508 3895 547 se

2270 572 2440 627 noxia
2489 574 2654 628 factis
2714 577 3087 632 exterioribus
3143 581 3508 649 exsequendo
3573 592 3894 637 monstrare.

2222 666 2230 672 '
2267 661 2448 725 Quem
2481 666 2676 717 tamen
2711 663 2889 718 David
2922 665 3088 720 ferire
3109 668 3332 732 metuit,
3358 669 3494 739 quia
3517 671 3620 740 pia:
3652 669 3893 726 subdito-

2265 765 2397 804 rum
2431 758 2648 806 mentes
2680 753 2749 806 ab
2782 753 2940 807 omni
2974 770 3034 808 se
3066 760 3224 824 peste
3250 757 3688 814 obtrectationis
3727 759 3893 814 absti-

2266 843 2488 906 nentes,
2509 840 2946 910 prapositorum
2967 843 3143 898 vitam
3171 844 3754 919 nullolinguaegladio
3775 864 3899 918 per-

2265 925 2516 994 cutiunt,
2551 928 2725 983 etiam
2749 944 2881 982 cum
2913 928 3440 1000 deimperfectione
3461 935 3892 1004 reprehendunt.

2266 1013 2369 1077 Qui
2402 1015 2502 1069 etsi
2538 1016 2768 1084 quando
2802 1033 2902 1086 pro
2954 1017 3294 1075 infirmitate
3328 1037 3452 1076 sese
3484 1023 3768 1078 abstinere
3811 1023 3898 1076 vix

2265 1112 2529 1174 possunt,
2547 1108 2627 1176 (τι)
2653 1116 2710 1161 ul
2726 1113 2984 1163 extrema
2997 1109 3261 1178 quedam
3279 1115 3450 1182 atque
3473 1115 3753 1171 exteriora
3776 1134 3902 1188 pro:-

2267 1193 2593 1264 pOsitorum
2637 1195 2810 1261 mala,
2843 1197 2942 1252 sed
2989 1206 3182 1253 tamen
3223 1198 3523 1256 humiliter
3577 1202 3893 1276 loquantur,

2263 1283 2424 1353 quasi
2439 1301 2595 1339 oram
2613 1284 2918 1342 chlamidis
2937 1286 3452 1344 silenterinciduut
3471 1292 3636 1361 ;quia
3650 1295 3900 1352 videlicet

2272 1373 2406 1427 dum
2443 1374 2688 1443 praelata:
2711 1375 2981 1445 dignitati
3007 1377 3209 1432 saltem
3237 1377 3467 1434 innoxie
3481 1390 3530 1434 et
3551 1379 3791 1438 latenter
3809 1386 3900 1441 de-

2264 1469 2489 1532 rogant,
2523 1465 2691 1534 quasi
2729 1465 2880 1535 regis
2919 1467 3263 1536 superpositi
3297 1468 3369 1538 (b)
3411 1475 3624 1526 vestem
3671 1476 3896 1547 fmdant,

2265 1551 2366 1605 sed
2394 1557 2587 1606 tamen
2615 1553 2682 1606 ad
2709 1552 3046 1623 semetipsos
3071 1556 3503 1628 redeuntseque
3526 1559 3901 1623 vehementis-

2263 1641 2411 1695 sime
2432 1641 2516 1696 vel
2549 1641 2619 1696 de
2650 1643 2997 1698 tenuissima
3027 1645 3182 1700 verbi
3207 1645 3558 1704 laceratione
3597 1655 3897 1723 reprehen-

2267 1730 2429 1784 dunt.
2469 1729 2628 1785 Unde
2662 1732 2804 1786 bene
2832 1733 3022 1787 etilli:
3046 1736 3319 1804 scriptum
3345 1743 3432 1791 est
3471 1754 3483 1791 :
3519 1745 3643 1794 Post
3666 1740 3776 1798 haec
3797 1746 3898 1800 Da-

2263 1817 2353 1872 vid
2403 1822 2662 1890 percussit
2709 1837 2800 1875 cor
2838 1838 3018 1888 suum,
3074 1839 3134 1878 co
3196 1825 3337 1896 quot
3387 1827 3707 1885 abscidisset
3761 1849 3901 1889 orum

2263 1908 2555 1963 chlamidis
2577 1908 2912 1980 Saul(l‘bid.,
2935 1911 3013 1980 6).
3043 1911 3212 1968 Facta
3227 1914 3443 1984 quippe
3474 1921 3899 1988 praepositorum

2266 1997 2384 2052 oris
2413 1999 2608 2069 gladio
2643 2001 2895 2056 ferienda
2927 2019 3041 2055 non
3073 2009 3226 2071 sunt,
3259 2007 3429 2059 etiam
3472 2023 3604 2062 cum
3641 2017 3788 2068 recte
3819 2029 3904 2069 re-

2266 2087 2676 2158 prehendenda
2699 2090 3060 2159 judicantur.
3087 2092 3147 2147 Si
3180 2095 3417 2164 quando
3448 2113 3580 2154 vero
3598 2107 3794 2156 contra
3813 2119 3904 2158 eos

2267 2175 2356 2230 vel
2386 2177 2443 2231 in
2478 2178 2738 2233 minimis
2773 2179 2970 2249 lingua
2998 2179 3236 2249 labitur,
3269 2200 3499 2242 necesse
3521 2193 3607 2243 est
3630 2198 3689 2244 ut
3712 2207 3810 2260 per
3831 2194 3905 2247 af-

2266 2263 2582 2320 ﬂictionem
2612 2267 2964 2338 paenitentiae
3009 2285 3110 2324 cor
3140 2277 3442 2342 prematur
3470 2294 3484 2342 ;
3519 2287 3804 2346 quatenus
3833 2282 3902 2335 ad

2267 2355 2644 2426 semetipsum
2678 2356 2894 2423 redeat,
2926 2365 3136 2413 etcum
3161 2362 3480 2431 praepositae
3514 2369 3783 2436 potestati
3804 2369 3900 2424 de-

2267 2443 2524 2514 liquerit,
2557 2445 2682 2515 ejus
2715 2451 2918 2501 contra
2943 2447 3310 2516 sejudicium
3337 2468 3367 2504 a
3391 2468 3506 2523 quo
3536 2455 3647 2509 sibi
3680 2457 3906 2526 praelata

2265 2537 2351 2587 est
2382 2533 2801 2604 perhorrescat.
2825 2533 2972 2589 Nam
2997 2552 3122 2591 cum
3160 2540 3481 2610 praepositis
3495 2543 3904 2616 delinquimus,

2265 2624 2390 2691 ejus
2420 2623 2770 2678 ordinationi
2807 2623 2904 2694 qui
2937 2640 3036 2679 eos
3082 2627 3248 2682 nobis
3281 2629 3537 2698 praetulit
3585 2633 3910 2693 obviamus.

2267 2711 2433 2765 Unde
2455 2711 2678 2782 Moyses
2710 2727 2942 2782 quoque
2973 2729 3100 2768 cum
3161 2722 3364 2772 contra
3395 2734 3454 2773 se
3482 2724 3539 2774 et
3557 2722 3748 2778 Aaron
3778 2741 3911 2780 con-

2269 2800 2430 2872 queri
2465 2800 2744 2871 populum
2777 2804 3158 2872 cognovisset,
3192 2805 3270 2860 ait
3301 2822 3314 2862 :
3349 2807 3454 2862 Nos
3475 2809 3620 2864 enim
3655 2813 3785 2882 quid
3813 2830 3910 2868 su-

2265 2905 2388 2945 mus
2408 2891 2435 2943 ?
2464 2893 2573 2946 Nec
2595 2896 2793 2945 contra
2819 2907 2916 2945 nos
2943 2895 3021 2946 est
3039 2909 3296 2949 murmur
3320 2903 3578 2963 vestrum,
3608 2900 3697 2954 sed
3717 2906 3912 2957 contra

2268 2979 2562 3034 Dominum
2593 2979 2787 3050 (Exod.
2821 2996 2936 3047 xvr,
2968 2983 3041 3049 8).

2674 3069 2776 3123 40
2807 3068 3034 3125 CAPUT
3072 3071 3119 3124 v
3173 3074 3281 3142 [Αι.
3315 3074 3507 3145 XXIX].

2512 3156 2785 3221 Quomodo
2816 3157 3150 3214 admonendi
3175 3163 3321 3217 servi
3346 3167 3398 3217 et
3427 3165 3548 3219 dam
3561 3166 3663 3220 ini.

2337 3243 2676 3314 (Admonitio
2694 3247 2774 3314 6.)
2804 3245 2984 3301 Aliter
3015 3248 3515 3307 admonendisunt
3537 3255 3706 3323 servi,
3733 3261 3909 3328 atque

2266 3331 2436 3386 aliter
2465 3333 2708 3390 domini.
2741 3334 2899 3388 Servi
2934 3335 3173 3402 scilicet,
3209 3343 3272 3392 ut
3301 3339 3360 3393 in
3382 3355 3441 3394 se
3473 3357 3694 3412 semper
3717 3345 3920 3400 humi-

2265 3417 2485 3475 litatem
2501 3422 2846 3476 conditionis
2860 3424 3151 3494 aspiciant
3171 3443 3184 3492 ;
3202 3427 3587 3494 dominivero,
3606 3437 3668 3486 ut
3688 3438 3909 3488 natura:

2261 3525 2381 3563 suis
2411 3525 2526 3579 qua
2554 3511 2856 3581 aequaliter
2885 3517 3176 3569 suntcum
3209 3516 3386 3571 servis
3414 3518 3653 3584 conditi,
3687 3535 3911 3576 meme-

2262 3596 2409 3651 riam
2427 3613 2539 3652 tion
2555 3598 2842 3653 amittant.
2857 3599 3013 3655 Servi
3027 3601 3095 3655 ad
3107 3603 3379 3658 monendi
3395 3622 3457 3659 su
3469 3613 3532 3660 nt
3545 3623 3615 3661 ne
3635 3608 3908 3665 dominos

2261 3685 2603 3756 despiciant,
2638 3702 2707 3742 ne
2742 3687 2923 3743 Deum
2957 3689 3256 3746 oll'endant
3285 3692 3330 3746 si
3355 3694 3707 3750 ordinationi
3742 3697 3908 3753 illius

2260 3776 2642 3846 superbiendo
2695 3779 3134 3845 contradicunt;
3169 3779 3386 3836 domini
3436 3799 3663 3855 quoque
3709 3789 3913 3842 admo-

2260 3863 2435 3917 nendi
2467 3869 2621 3927 sunt,
2648 3866 3187 3935 quiacontraDeum
3221 3869 3290 3923 de
3307 3885 3545 3926 munere
3571 3874 3694 3941 ejus
3711 3891 3916 3945 super-

2259 3951 2446 4019 biunt,
2479 3953 2520 4005 si
2563 3968 2659 4007 eos
2689 3970 2830 4022 quos
2865 3957 3372 4024 perconditionem
3393 3963 3910 4032 tenentsubditos,

2257 4039 2509 4109 aequales
2530 4040 2637 4094 sibi
2661 4057 2757 4110 per
2779 4049 2996 4096 naturae.
3019 4045 3380 4100 consortium
3403 4062 3515 4100 non
3549 4055 3904 4118 agnoscunt.

2256 4127 2355 4182 Isti
2373 4129 2722 4184 admonendi
2738 4138 2869 4184 sunt
2895 4137 2956 4184 ut
2976 4131 3164 4186 sciant
3185 4149 3244 4188 se
3265 4150 3460 4191 servos
3482 4152 3607 4192 esse
3629 4139 3906 4195 domino-

2254 4232 2384 4271 rum
2403 4233 2414 4270 :
2433 4216 2518 4272 illi
2535 4217 2884 4274 admonendi
2905 4226 3040 4274 sunt
3065 4227 3125 4275 ut
3147 4230 3498 4293 cognoscant
3515 4241 3575 4279 se
3596 4242 3910 4283 conservos

2251 4319 2374 4360 esse
2403 4321 2724 4361 servorum.
2759 4306 2889 4362 Istis
2915 4325 3166 4380 namque
3197 4311 3411 4366 dicitur
3438 4329 3451 4367 :
3483 4313 3656 4382 Serui,
3688 4315 3912 4372 obedite

2249 4392 2490 4448 dominis
2511 4395 2828 4450 carnalibus
2851 4396 3083 4466 (Coloss.
3110 4414 3192 4466 Ill,
3215 4400 3322 4467 2'2).
3361 4405 3431 4455 Et
3453 4417 3684 4457 rursum
3719 4420 3732 4458 :
3758 4404 3908 4472 Qui-

496 4478 709 4547 xxiv,4,
746 4478 908 4548 seq.).
941 4477 1077 4532 Saul
1101 4479 1319 4550 quippe
1351 4489 1707 4552 persecutor,
1740 4501 1870 4542 cum
1901 4491 1968 4542 ad
1998 4505 2136 4559 pur-
2167 4498 2214 4563 D
2243 4499 2456 4556 cunque
2482 4489 2610 4539 sunt
2641 4487 2972 4556 (c)subjugo
3003 4490 3166 4553 servi,
3189 4488 3437 4546 dominos
3466 4507 3594 4546 suos
3618 4494 3768 4548 omni
3798 4495 3907 4550 ho-

495 4567 754 4640 gandum
773 4573 1035 4622 ventrem
1066 4568 1403 4637 speluncam
1437 4571 1642 4628 fuisset
1672 4573 1990 4644 ingressus,
2016 4577 2134 4633 illic

496 4673 624 4712 cum
639 4656 775 4711 viris
795 4655 918 4711 suis
947 4654 1125 4710 David
1159 4656 1480 4730 inerat,qui
1500 4662 1625 4732 jam
1656 4662 1964 4735 tamlongo
1987 4671 2138 4720 tem-

491 4761 631 4816 pore
645 4743 1063 4816 persecutionis
1075 4745 1124 4814 ej
1137 4761 1202 4799 us
1219 4744 1372 4800 mala
1387 4747 1692 4804 tolerabat.
1727 4752 1986 4823 Cumque
2002 4771 2132 4809 eum

488 4835 596 4888 viri
626 4833 712 4889 sui
744 4834 815 4889 ad
852 4833 1176 4890 feriendum
1223 4833 1357 4888 Saul
1395 4838 1798 4909 accenderent,
1836 4842 1997 4909 fregit
2037 4859 2135 4898 eos

488 4923 990 4992 responsionibus,
1023 4923 1164 4995 quia
1194 4940 1435 4981 manum
1485 4927 1714 4984 mittere
1746 4929 1803 4984 in
1843 4933 2131 4988 ebristum

488 5011 720 5068 Domini
755 5028 867 5066 non
901 5011 1157 5068 deberet.
1185 5012 1289 5076 Qui
1313 5018 1506 5070 tamen
1535 5016 1761 5072 occulte
1790 5021 2055 5088 surrexit,
2079 5032 2132 5076 et

485 5118 647 5157 oram
679 5099 1002 5167 chlamydis
1032 5101 1155 5169 ejus
1185 5103 1454 5158 abscidit.
1487 5105 1632 5171 Quid
1661 5106 1815 5161 enim
1851 5125 1952 5177 per
1971 5109 2127 5178 Saul,

487 5191 600 5246 nisi
633 5189 768 5244 mali
798 5193 1076 5254 rectores;
1111 5191 1249 5259 quid
1273 5209 1370 5260 per
1387 5192 1590 5262 David,
1613 5194 1722 5249 nisi
1750 5196 1884 5252 boni
1910 5198 2127 5255 subditi

483 5275 1047 5349 designantur?Saul
1073 5277 1522 5349 igiturventrem
1543 5296 2126 5357 purgare,estpravos

553 5418 630 5490 (ιι)
663 5417 856 5490 garb"
881 5416 1081 5482 Laud.,
1115 5418 1384 5488 Longip.,
1414 5425 1476 5475 ut
1505 5438 1611 5477 non
1644 5435 1913 5481 extrema.

555 5488 632 5559 (b)
662 5488 918 5570 Vulgati,
943 5493 1141 5570 vestem
1170 5497 1383 5556 secant;
1434 5495 1626 5570 potius
1664 5512 1731 5550 ex
1783 5501 2123 5570 conjectura

481 5577 752 5632 quamAex
769 5563 922 5626 Mss,
955 5559 1055 5629 qui
1087 5575 1291 5632 omnes
1331 5559 1757 5621 contradicunt.

551 5631 619 5702 (ο)
651 5630 878 5687 Carnot.
912 5631 1222 5697 secundus,
1254 5633 1351 5685 sub
1365 5633 1500 5703 jugo
1519 5637 1826 5692 seruitutis.

2244 4588 2380 4626 nore
2399 4573 2592 4640 dignos
2623 4573 2978 4629 arbitrentur
2995 4577 3042 4646 (1
3062 4577 3194 4631 Tim.
3215 4595 3289 4646 v1,
3309 4581 3356 4648 1)
3375 4596 3396 4640 ;
3412 4579 3731 4635 illisautem
3747 4582 3910 4637 dici-

2247 4665 2387 4716 tur:
2421 4662 2483 4715 Et
2513 4678 2606 4717 vos
2648 4661 2860 4718 domini
2904 4665 3098 4719 eadem
3139 4667 3310 4736 facite
3367 4668 3505 4736 illis,
3555 4671 3913 4726 remittentes

2245 4752 2448 4816 minus,
2480 4752 2708 4806 scientes
2735 4751 2876 4822 quod
2901 4761 2953 4808 et
2984 4754 3208 4810 illorum
3247 4760 3296 4810 et
3325 4761 3496 4811 vester
3524 4757 3791 4814 Dominus
3818 4766 3911 4815 est

2247 4839 2306 4891 in
2334 4839 2486 4893 cretis
2517 4839 2734 4910 (Ep/tes.
2769 4855 2844 4904 Vt,
2880 4844 2952 4910 2).

2719 4937 2948 4993 CAPUT
2987 4941 3060 4993 v1
3091 4940 3198 5011 [Αι.
3239 4943 3402 5014 XXX).

2395 5025 2693 5096 Quomodo
2722 5027 3057 5083 admonendi
3085 5032 3362 5100 sapientes
3393 5042 3444 5087 et
3469 5033 3696 5088 hebetes.

2313 5115 2644 5184 (Admonitio
2673 5115 2750 5185 7.)
2781 5115 2962 5170 Aliter
3007 5118 3360 5174 admonendi
3411 5128 3552 5177 sunt
3599 5124 3912 5196 sapientes

2240 5200 2416 5271 hujus
2448 5203 2666 5270 szeculi,
2695 5208 2867 5272 atque
2890 5203 3057 5258 aliter
3081 5205 3338 5262 hebetes.
3357 5209 3656 5280 Sapientes
3677 5214 3912 5284 quippe

2241 5291 2588 5346 admonendi
2613 5297 2769 5358 sunt,
2799 5292 3391 5362 ut(d)amittantscire
3409 5315 3532 5370 quae
3554 5301 3748 5357 sciunt
3769 5318 3782 5355 :
3801 5303 3911 5358 he-

2306 5433 2492 5502 (d)Sic
2514 5431 2701 5496 legere
2723 5439 2940 5502 cogunt
2968 5435 3107 5490 Mss.
3133 5441 3312 5505 Trec.,
3335 5444 3743 5505 Carnotenses,
3789 5444 3911 5499 Val

2231 5503 2336 5568 CL,
2369 5510 2483 5557 duo
2544 5509 2766 5580 gemet.
2804 5512 2940 5580 vet.,
2983 5509 3097 5563 duo
3154 5503 3307 5566 And.
3348 5512 3497 5566 Editi
3549 5503 3792 5580 habent,
3843 5525 3916 5570 ut

2226 5580 2408 5628 sciant
2437 5577 2707 5641 amittere,
2740 5578 2956 5642 quibus
2989 5579 3138 5635 favet
3169 5583 3308 5635 Cod.
3343 5582 3568 5637 Belvac.
3619 5585 3681 5640 ln
3715 5577 3904 5643 tertio

2229 5647 2452 5701 Gemct.
2489 5645 2714 5715 legitur,
2741 5663 2810 5702 ne
2831 5649 3093 5705 amittant
3113 5654 3272 5706 scire.
