4136 6178
435 326 510 385 59
1642 279 1917 388 cineri
1961 311 2329 386 causam:
2377 308 2621 379 MAGNI
3748 313 3812 378 eo

435 460 625 532 magis
653 459 804 532 apud
833 456 1236 526 pusillanimes
1256 454 1576 512 exhortatio
1595 450 1917 508 verecunda
1939 463 2070 504 con-
2099 447 2153 514 Α
2262 447 2368 498 Per
2397 441 2505 496 hoc
2532 457 2761 532 quoque
2790 441 3167 532 impatientia
3213 441 3432 532 vitium
3471 442 3812 532 (plerumque

430 550 706 608 valescat.
742 547 905 604 Unde
935 548 1085 602 idem
1127 545 1344 601 Paulus
1370 561 1498 599 cum
1524 539 2077 602 Thessalonicences

430 636 486 691 in
511 641 748 708 accepta
775 634 1182 708 praedicatione
1205 629 1778 705 perdurantes,quasi
1800 628 1868 683 de
1887 625 2074 680 vicino

2189 535 2440 588 mentem
2467 530 2815 602 arrogantiae
2834 531 3005 602 culpa
3027 531 3322 598 transfigit
3345 548 3360 604 ς
3383 531 3518 606 quia
3541 531 3682 586 dum
3698 533 3812 587 des-

2187 620 2300 692 pici
2318 622 2376 675 in
2403 619 2619 675 mundo
2646 619 2754 674 hoc
2777 619 3027 692 quisque
3050 637 3160 675 non
3187 620 3425 692 patitur,
3460 621 3613 676 bona
3633 621 3813 692 siqua

432 725 637 781 mundi
661 725 904 781 termino
928 723 1181 793 quadam
1198 725 1574 791 cognosceret
1596 715 2076 790 pusillanimitale
2185 711 2298 769 sibi
2325 709 2550 770 occulta
2571 714 3482 783 sunt,ostentareconatur,atque
3504 710 3586 766 sic
3603 727 3702 786 per
3724 711 3814 768 im-

428 813 889 885 turbatos,prius
919 813 977 868 in
1011 810 1096 866 eis
1116 827 1243 880 qua)
1268 809 1440 864 fortia
1463 805 1742 879 prospicit
1763 804 1982 868 laudat,
2017 806 2074 857 et

429 907 593 958 caute
621 901 911 958 monendo
943 899 1310 972 postmodum
1335 913 1462 967 quas
1491 895 1727 950 inﬁrma
1751 901 1884 947 sunt
1907 890 2073 946 robo-

427 998 536 1048 rat.
558 994 652 1047 Ait
673 991 828 1046 enim
855 1008 868 1046 :
897 988 1112 1045 Gratias
1142 1003 1305 1058 agere
1331 987 1586 1042 debemus
1612 985 1716 1042 Deo
1739 999 1954 1050 semper
1973 997 2070 1052 pro

423 1083 826 1152 robis,fratres,
855 1081 938 1134 ita
965 1083 1025 1132 ut
1067 1078 1295 1146 dignum
1317 1073 1693 1147 est,quonium
1713 1071 2074 1138 supercrescit

422 1169 556 1239 ﬁdes
597 1174 795 1239 vestra,
830 1173 882 1223 et
908 1169 1156 1222 abundat
1193 1163 1435 1220 charitas
1472 1162 1907 1231 uniuscujusque
1951 1175 2067 1216 ves.

420 1263 568 1313 trum
599 1257 659 1314 in
692 1260 922 1313 invicem
941 1272 963 1317 ;
994 1257 1070 1310 ita
1092 1258 1150 1308 ut
1181 1261 1234 1308 et
1263 1269 1360 1309 nos
1418 1255 1525 1322 ipsi
1585 1254 1640 1307 in
1684 1249 1831 1306 vobis
1873 1249 2068 1320 glorie-

422 1364 550 1401 mur
578 1349 638 1402 in
667 1347 908 1402 ecclesiis
943 1345 1056 1415 Dei,
1083 1359 1182 1416 pro
1228 1342 1510 1415 patientia
1555 1344 1733 1396 vestra
1775 1344 1823 1394 et
1866 1337 1970 1408 ﬁde
1999 1338 2068 1406 (II

423 1437 596 1493 Thess.
631 1454 667 1505 ι,
695 1437 748 1500 3,
775 1437 852 1500 4).

488 1525 595 1591 Qui
629 1540 760 1580 cum
798 1523 1011 1578 blanda
1039 1523 1158 1578 haec
1206 1523 1333 1578 vitae
1364 1536 1565 1577 eorum
1600 1518 1887 1592 praeconia
1920 1534 2061 1589 prte-

417 1614 697 1679 misisset,
732 1612 906 1684 paulo
941 1616 1072 1683 post
1102 1610 1602 1675 eubdidit,dicens
1625 1626 1638 1664 :
1661 1610 1929 1680 Rogamus
1958 1623 2059 1662 au-

415 1710 520 1757 tem
551 1718 660 1768 vos,
691 1702 918 1771 fratres,
948 1717 1046 1772 per
1075 1701 1368 1756 adventum
1428 1700 1647 1754 Domini
1702 1698 1880 1754 nostri
1929 1698 2060 1756 Jesu

417 1793 640 1858 Christi,
659 1802 709 1848 et
733 1802 936 1850 nostra?
951 1793 1400 1862 congregationis
1423 1793 1478 1846 in
1504 1793 1704 1861 ipsum,
1728 1793 1786 1843 ut
1815 1804 1923 1844 non
1953 1788 2058 1842 cito
2090 1819 2138 1885 Β

411 1881 794 1938 movraminia
823 1888 999 1938 vestro
1029 1898 1212 1950 sensu,
1232 1896 1406 1952 neque
1427 1880 1950 1949 terreamini,ncque
1962 1891 2061 1948 per

409 1970 696 2042 spiritum,
728 1987 903 2043 neque
925 1987 1028 2044 per
1053 1986 1376 2037 sermonem,
1431 1983 1608 2038 neque
1651 1983 1748 2040 per
1775 1967 2060 2038 epistolam

413 2066 676 2130 tanquam
707 2077 806 2131 per
833 2076 928 2116 nos
967 2060 1216 2128 missam,
1246 2057 1404 2130 quasi
1459 2056 1626 2114 instet
1681 2055 1797 2112 dies
1840 2056 2062 2111 Domini

408 2146 572 2216 (Ibid.
606 2164 668 2212 ιι,
705 2147 780 2217 1).
815 2148 943 2218 Egit
971 2148 1128 2207 enim
1162 2162 1332 2209 verus
1365 2146 1590 2213 doctor,
1624 2147 1688 2202 ut
1745 2142 1908 2215 prius
1953 2159 2058 2197 au-

413 2237 602 2292 dirent
661 2237 884 2294 laudati
943 2237 1097 2308 quod
1157 2237 1657 2306 recognoscerent,
1699 2241 1752 2290 et
1797 2238 2060 2305 βοειωυε-

408 2327 546 2381 dum
581 2327 734 2398 quod
770 2327 1463 2398 exhortatisequerentur
1493 2344 1508 2394 ;
1533 2329 1823 2395 quatenus
1856 2339 2058 2384 eorum

411 2420 668 2472 mentem
703 2432 774 2472 ne
808 2416 1133 2473 admonitio
1179 2415 1495 2483 subiuncta
1541 2416 1896 2481 concuteret,
1929 2410 2058 2468 laus

412 2507 718 2574 praemissa
748 2503 1062 2560 solidaret:
1096 2507 1154 2559 et
1212 2502 1312 2573 qui
1350 2507 1676 2560 commotos
1733 2517 1832 2558 eos
1883 2499 2059 2558 vicini

413 2592 550 2647 finis
583 2591 923 2664 suspicione
952 2596 1319 2664 cognoverat,
1355 2606 1467 2648 non
1503 2591 1629 2661 jam
1680 2589 2059 2660 redarguebat

415 2686 624 2747 motos,
659 2682 757 2736 sed
783 2683 952 2752 quasi
984 2684 1282 2736 transacta
1339 2679 1627 2747 nesciens,
1660 2677 1850 2734 adhuc
1897 2694 2056 2733 com-

415 2771 634 2826 moveri
697 2770 1084 2843 prohibebat;
1144 2775 1209 2828 υς
1263 2771 1404 2826 dum
1469 2769 1540 2824 de
1569 2768 1644 2840 (α)
1672 2769 1800 2840 ipsa
1831 2766 2056 2824 levitate

415 2861 691 2918 motionis
723 2860 1085 2932 prsedicatori
1117 2877 1222 2918 suo
1256 2876 1318 2916 se
1347 2859 1676 2931 incognitas
1731 2859 2054 2924 crederent,

408 2955 574 3008 tanto
605 2948 1095 3022 reprehensibiles
1130 2948 1278 3018 fieri,
1312 2953 1530 3019 quanto
1573 2951 1631 3004 et
1676 2947 1949 3020 cognosci
1981 2947 2052 3006 ab

408 3039 511 3096 illo
543 3039 944 3098 formidarent.
1244 3070 1246 3073 -

845 3129 1078 3186 CAPUT
1120 3129 1188 3185 1x
1222 3130 1330 3200 [Αι.
1355 3129 1606 3200 xxxm].

2184 800 2527 872 patientiam
2551 816 2736 870 usque
2757 799 2828 854 ad
2853 799 3242 872 arrogantiam
3267 801 3539 869 ducitur;
3565 800 3811 874 dumque

2181 889 2331 946 ferre
2353 888 2783 961 despectionem
2809 905 2924 944 non
2949 892 3160 962 potest,
3192 888 3508 960 detegendo
3546 891 3808 962 semetip-

2181 993 2310 1033 sum
2346 977 2403 1034 in
2436 976 2821 1033 ostentatione
2838 976 3142 1050 gloriatur.
3170 975 3334 1032 Unde
3355 978 3638 1050 scriptum
3681 984 3765 1034 est
3794 996 3806 1035 :

2177 1067 2371 1123 Melior
2386 1075 2464 1124 est
2479 1069 2703 1138 patiens
2726 1070 3020 1137 arrogante
3049 1065 3242 1136 (Ercle.
3273 1083 3371 1131 vn,
3394 1067 3470 1142 9).
3495 1065 3640 1134 Quia
3666 1068 3806 1123 vide-

2176 1154 2312 1212 licet
2333 1155 2496 1228 eligit
2517 1157 2745 1228 patiens
2779 1154 3054 1226 quaelibet
3085 1155 3240 1210 mala
3263 1154 3480 1228 perpeti
3509 1173 3684 1227 quam
3718 1173 3811 1229 per

2177 1246 2583 1308 ostentationis
2611 1245 2809 1302 vilium
2841 1246 2991 1300 bona
3023 1261 3126 1300 sua
3156 1243 3384 1299 occulta
3413 1247 3705 1314 cognosci.
3744 1252 3810 1301 At

2175 1342 2377 1394 contra
2398 1335 2557 1407 eligit
2581 1353 2860 1415 arrogans
2874 1337 3024 1392 bona
3045 1335 3116 1392 de
3137 1353 3195 1391 se
3218 1335 3303 1391 vel
3325 1334 3467 1391 falso
3483 1337 3712 1407 jactari,
3745 1353 3808 1394 ne

2175 1426 2326 1486 mala
2348 1425 2526 1495 possit
2546 1423 2894 1484 veiminima
2920 1424 3163 1497 perpeti.
3182 1424 3326 1487 Quia
3348 1423 3526 1496 igitur
3555 1441 3684 1480 cum
3715 1442 3806 1496 pa-

2172 1515 2379 1576 tientia
2400 1513 2956 1590 relinquitur,etiam
2973 1515 3123 1569 bona
3145 1514 3367 1586 reliqua
3382 1514 3637 1588 quaajam
3655 1520 3809 1586 gesta

2173 1604 2736 1672 suntdestruuntur,
2770 1610 2921 1664 recte
2948 1603 3016 1659 ad
3042 1603 3395 1658 Ezechielem
3419 1602 3478 1658 in
3510 1604 3676 1663 altari
3711 1604 3805 1666 Dei

2172 1695 2295 1754 fieri
2321 1695 2476 1755 fossa
2499 1694 2845 1768 praecipitur,
2878 1699 2944 1752 ut
2966 1694 3022 1750 in
3046 1710 3113 1750 ea
3135 1692 3404 1750 videlicet
3441 1694 3805 1767 superposita

2171 1782 2507 1838 holocausta
2531 1789 2834 1838 erventur
2851 1782 3068 1854 (Ezrch.
3101 1799 3258 1851 xmu,
3280 1782 3450 1847 13i.Si
3474 1785 3628 1838 enim
3647 1783 3704 1838 in
3726 1783 3802 1840 al-

2170 1873 2278 1929 teri
2304 1874 2459 1929 fossa
2480 1889 2594 1932 non
2619 1877 2973 1941 esset,omne
2990 1873 3142 1943 quod
3171 1872 3228 1926 in
3251 1889 3316 1927 eo
3338 1871 3687 1927 sacriﬁcium
3720 1889 3804 1926 re-

2170 1962 2479 2034 periret,su
2491 1962 2829 2034 perveniens
2850 1978 2989 2018 aura
3008 1961 3386 2032 dispergeret.
3402 1960 3546 2028 Quid
3570 1978 3698 2017 vero
3720 1978 3804 2018 ac-

2168 2051 2417 2122 cipimus
2439 2052 2619 2109 altare
2641 2049 2885 2118 Dei,nisi
2909 2049 3478 2122 animamjusti,quae
3499 2057 3642 2121 quot
3659 2052 3805 2108 bona

2167 2140 2369 2212 egerit,
2398 2145 2477 2195 tot
2498 2155 2673 2212 super
2695 2155 2756 2196 se
2780 2143 2914 2194 ante
2937 2139 3062 2208 ejus
3084 2138 3284 2195 oculos
3309 2139 3588 2195 sacriﬁcia
3617 2141 3800 2214 impo-

2169 2229 2254 2291 nit
2278 2228 2305 2285 ?
2327 2228 2477 2295 Quid
2499 2239 2689 2292 autem
2712 2233 2800 2292 est
2821 2227 3023 2290 altaris
3046 2230 3221 2294 fossa,
3257 2227 3365 2290 nisi
3392 2229 3676 2285 bonorum
3704 2247 3802 2300 pa-

2167 2318 2392 2384 tientia,
2421 2334 2549 2390 qute
2585 2319 2722 2378 dum
2749 2323 3000 2384 mentem
3025 2319 3092 2381 ad
3117 2317 3358 2374 adversa
3382 2317 3678 2377 toleranda
3699 2317 3801 2375 hu-

2166 2407 2371 2474 miliat,
2403 2407 2573 2479 quasi
2606 2423 2765 2466 more
2808 2408 2979 2462 foveae
3005 2407 3153 2462 hanc
3200 2407 3257 2462 in
3279 2406 3396 2462 imo
3421 2407 3671 2479 positam
3703 2411 3800 2464 de-

2167 2501 2451 2558 monstrat
2470 2496 2497 2561 ?
2514 2497 2694 2559 Fossa
2717 2513 2849 2568 ergo
2872 2498 2930 2556 in
2949 2496 3118 2555 altari
3143 2496 3264 2564 fiat,
3282 2512 3348 2552 ne
3368 2497 3798 2572 superpositum

2164 2584 2517 2661 sacrificium
2550 2602 2690 2646 aura
2710 2586 3008 2659 dispergat
3032 2602 3044 2640 :
3068 2584 3123 2641 id
3147 2591 3255 2654 est,
3279 2584 3594 2650 electorum
3636 2603 3799 2642 mens

2163 2673 2503 2745 patientiam
2525 2675 2838 2748 custodiat,
2863 2691 2933 2730 ne
2955 2680 3246 2732 commota
3284 2679 3452 2732 vento
3492 2675 3798 2748 impatien-

2163 2764 2276 2831 tias,
2309 2768 2366 2824 et
2387 2764 2495 2828 hoc
2525 2765 2678 2838 quod
2705 2765 2848 2824 bene
2869 2773 3104 2836 operata
3125 2764 3480 2824 estamittat.
3515 2765 3666 2826 Bene
3695 2781 3798 2822 au-

2161 2858 2274 2910 tem
2301 2853 2423 2910 tunc
2444 2854 2644 2918 eadem
2671 2854 2824 2915 fossa
2855 2855 3025 2919 unius
3048 2852 3224 2912 cubiti
3277 2869 3404 2916 esse
3445 2861 3803 2918 monstratur

2163 2943 2519 3016 (lbid.);quia
2535 2942 2813 3006 nimirum
2840 2942 2888 3004 si
2914 2942 3187 3013 patientia
3209 2960 3320 2998 non
3341 2943 3650 3013 deseritur,
3667 2945 3796 3000 uni-

2165 3033 2298 3094 tatis
2329 3049 2605 3094 mecsura
2627 3032 3080 3092 servatur.Unde
3103 3038 3160 3090 et
3183 3033 3396 3093 Paulus
3419 3035 3499 3092 ait
3521 3053 3539 3089 :
3561 3035 3796 3099 Invicem

2161 3139 2328 3186 onera
2349 3129 2532 3182 vestra
2553 3130 2786 3196 portate,
2817 3131 2868 3180 et
2895 3124 2975 3181 sic
3011 3122 3379 3196 adimplet/itis
3401 3124 3576 3194 legem
3599 3123 3802 3186 Christi

451 3217 736 3290 Quomodo
755 3175 1085 3274 admonendi
1111 3175 1601 3290 sintLimpatien't-ejs
1630 3225 1681 3274 et
1709 3217 1998 3288 patientes.
2090 3175 2132 3244 Ο
2161 3175 2524 3286 (ϐαιιὶιωῃὲ),
2552 3175 2664 3270 Lex
2687 3175 2903 3286 quippe
2923 3212 3133 3277 Christi
3156 3175 3510 3276 calehuritgs
3535 3183 3799 3290 Unitatis,

479 3309 811 3381 (Admonitio
843 3309 951 3376 10).
977 3309 1158 3364 Aliter
1187 3307 1539 3370 admonendi
1563 3311 1703 3364 sunt
1736 3307 2048 3379 impatien-

407 3403 518 3466 tes,
552 3406 726 3471 atque
756 3397 922 3454 aliter
953 3398 1254 3469 patientes.
1319 3397 1636 3454 Dicendum
1681 3412 1930 3467 namque
1959 3401 2048 3454 est

405 3487 851 3558 impatientibus
881 3486 1019 3558 quia
1049 3475 1189 3542 dum
1222 3486 1511 3545 refrenare
1558 3484 1830 3556 spiritum
1863 3484 2046 3556 negli-

407 3578 682 3644 gunt,per
704 3573 890 3628 multa
909 3572 1082 3626 etiam
1102 3589 1228 3642 quae
1244 3588 1354 3627 non
1369 3576 1653 3642 appetunt
1673 3570 2047 3641 iniquitatem

407 3661 656 3731 abrupta
687 3660 1014 3730 rapiuntur,
1049 3661 1187 3730 quia
1213 3659 1482 3715 videlicet
1512 3665 1768 3716 mentem
1802 3658 2052 3730 impellit

407 3749 568 3804 furor
597 3765 712 3819 quo
744 3765 859 3805 non
889 3748 1066 3803 trahit
1097 3749 1453 3804 desiderium
1481 3765 1495 3815 ;
1527 3753 1583 3803 et
1609 3748 1726 3818 agit
1755 3755 2050 3804 commota

411 3838 563 3894 velut
594 3839 878 3906 nesciens,
910 3839 1075 3894 unde
1105 3847 1231 3910 post
1264 3837 1458 3896 doleat
1487 3838 1700 3898 sciens.
1723 3837 2047 3896 Dicendum

407 3944 636 3999 quoque
665 3927 1275 4000 impatientibus,quia
1303 3927 1440 3986 dum
1483 3927 1759 3983 motionis
1790 3927 2048 3999 impulsu

405 4017 1018 4090 precipites,qumdam
1037 4017 1194 4072 velut
1215 4015 1453 4072 alienati
1479 4017 1878 4088 peragunt,vix
1901 4017 2050 4076 malo

407 4123 517 4162 sua
548 4114 851 4176 postquam
884 4105 1099 4160 fuerint
1148 4108 1476 4176 perpetrata
1527 4110 1908 4176 cognoscunt.
1943 4107 2051 4173 Qui

407 4195 547 4250 dum
571 4193 991 4265 perturbationi
1017 4211 1138 4250 suae
1189 4193 1432 4250 minime
1472 4193 1789 4262 obsistunt,
1822 4195 2050 4252 etiamsi

407 4300 520 4354 qua
541 4301 571 4337 ι
596 4282 985 4354 setranquilla
1002 4288 1198 4338 mente
1221 4283 1449 4338 fuerant
1471 4283 1614 4340 bene
1637 4283 2053 4354 gestacoufun-

405 4374 636 4440 dunt,et
661 4371 975 4444 impros'iso
997 4373 1100 4428 48
1125 4371 1382 4444 impulsu
1403 4371 1734 4438 destruunt,
1763 4373 2048 4444 quidquid

406 4459 651 4515 forsitan
671 4459 768 4512 diu
788 4458 982 4514 labore
1008 4459 1246 4530 provido
1269 4459 1876 4530 construxerunthsa
1895 4476 2054 4516 nam-

2158 3319 2337 3374 quam
2362 3303 2467 3360 soli
2490 3302 2815 3377 perﬁciunt,
2847 3306 2945 3375 qui
2973 3319 3078 3365 nec
3099 3320 3231 3369 cum
3271 3309 3591 3376 gravantur
3631 3321 3793 3364 exce-

2158 3391 2592 3448 dunt.Audiant
2613 3391 2980 3462 impatientes
2995 3393 3145 3465 quod
3162 3394 3440 3466 scriptum
3465 3401 3551 3450 est
3572 3410 3590 3446 :
3606 3394 3796 3454 Melior

2155 3489 2230 3535 est
2251 3483 2466 3551 patiens
2498 3480 2616 3536 viro
2645 3483 2798 3552 forti,
2831 3485 2882 3536 et
2912 3483 3006 3552 qui
3060 3480 3380 3537 dominatur
3429 3483 3614 3538 animo
3669 3499 3790 3551 suo.

2155 3576 2535 3641 expugnatores
2564 3571 2786 3634 urbium
2815 3572 2998 3644 (Prov.
3021 3587 3134 3634 xvt.
3158 3573 3274 3642 372).
3307 3571 3494 3632 Minor
3522 3573 3671 3627 enim
3707 3576 3796 3628 est

2155 3659 2396 3716 victoria
2416 3660 2676 3724 urbium,
2707 3659 2844 3731 quis
2873 3665 3030 3718 extra
3061 3666 3202 3722 sunt
3232 3677 3357 3736 qua:
3408 3661 3804 3732 subiguntur;

2156 3749 2324 3806 valde
2345 3755 2539 3808 autem
2565 3752 2638 3818 (b)
2660 3750 2850 3819 majus
2872 3749 3136 3822 estquod
3159 3766 3256 3822 per
3272 3751 3606 3828 patientiam
3621 3749 3804 3805 vinci-

2157 3844 2272 3907 tur,
2296 3839 2434 3911 quia
2455 3839 2579 3911 ipse
2601 3857 2634 3896 ιι
2654 3855 2716 3900 se
2738 3839 2970 3900 animus
2986 3845 3316 3910 superatur,
3349 3844 3405 3895 et
3426 3841 3807 3910 semetipsum

2159 3927 2513 4001 sibimetipsi
2549 3929 2811 3999 subiicit.
2844 3929 3080 3999 quando
3111 3944 3244 3985 eum
3265 3929 3542 3998 patientia
3573 3928 3725 3988 intra
3747 3944 3811 3984 se

2161 4021 2227 4088 (c)
2262 4019 2484 4080 tranare
2504 4016 2820 4087 compellit.
2842 4017 3098 4079 Audiant
3121 4016 3491 4089 impatientes
3513 4017 3664 4092 quod
3689 4015 3809 4072 ele-

2159 4108 2270 4166 ctis
2291 4109 2416 4164 suis
2438 4106 2662 4163 Veritas
2681 4105 2821 4161 dicit
2845 4123 2858 4164 :
2883 4107 2947 4168 In
2967 4108 3237 4175 patientia
3263 4109 3437 4169 vestra
3461 4105 3811 4178 possidebitis

2159 4193 2376 4250 animus
2401 4199 2611 4254 vestras
2643 4195 2796 4264 (Luc.
2831 4211 2948 4263 xxx,
2985 4193 3094 4265 19).
3129 4194 3224 4250 Sic
3250 4194 3406 4250 enim
3441 4192 3660 4250 conditi
3693 4193 3806 4248 mi-

2162 4286 2425 4343 rabiliter
2450 4302 2680 4356 sumus,
2713 4291 2776 4344 ut
2805 4287 2952 4342 ratio
2984 4285 3265 4356 animam,
3307 4290 3360 4342 et
3394 4287 3588 4348 anima
3613 4285 3812 4357 possi-

2159 4376 2291 4431 deat
2311 4390 2541 4445 corpus.
2565 4375 2673 4432 Jus
2696 4391 2828 4434 vero
2849 4375 3058 4436 animae
3082 4392 3115 4440 a
3155 4373 3414 4447 corporis
3437 4375 3813 4446 possessione

2161 4463 2537 4534 repellitur,si
2572 4481 2684 4520 non
2720 4463 2883 4536 prius
2915 4464 3110 4528 anima
3151 4462 3427 4520 aratione
3450 4463 3812 4534 possidetur.

404 4566 517 4621 quc
541 4565 666 4620 qua:
690 4553 877 4603 mater
896 4547 1266 4604 estomnium
1294 4555 1608 4619 custosque
1635 4548 2045 4618 virtutum,per
2077 4545 2121 4609 D
2159 4553 2467 4613 Custodem
2500 4551 2678 4623 igitur
2709 4551 3058 4608 conditionis
3087 4565 3296 4612 nostra.
3323 4553 3664 4624 patientiam
3699 4552 3820 4608 Do:

403 4637 778 4709 impatientius
805 4638 1009 4693 vitium
1044 4636 1228 4692 virtus
1251 4637 1544 4696 amittitur
1560 4635 2046 4696 chariratieﬁcri-

403 4735 562 4798 ptum
589 4728 807 4800 quippe
828 4735 914 4783 est
939 4744 952 4782 :
983 4726 1236 4782 Charitas
1262 4725 1482 4792 patiens
1510 4730 1585 4782 est
1615 4727 1660 4796 (ι
1690 4726 1809 4781 Cor.
1842 4727 2047 4795 11111.4).

401 4817 584 4886 Igitur
615 4834 749 4872 cum
771 4816 1009 4872 minime
1031 4821 1119 4871 est
1147 4814 1653 4888 patiens,charitas
1677 4832 1789 4870 non
1813 4821 1921 4870 est.
1945 4815 2049 4874 Per

400 4903 511 4959 hoc
530 4921 763 4974 quoque
783 4904 1160 4975 impatientia:
1185 4903 1389 4959 vitium
1412 4903 1540 4973 ipsa
1561 4903 1832 4960 virtutum
1855 4904 2046 4960 nutrix

401 4993 668 5050 doctrina
693 4993 1030 5064 dissipatur.
1060 4994 1344 5065 Scriptum
1366 5009 1621 5065 namque
1641 4998 1730 5051 est
1754 5011 1766 5052 :
1788 4994 2048 5052 Doctrina

400 5083 512 5138 viri
538 5098 640 5153 per
673 5082 1008 5152 patientiam
1038 5082 1283 5138 noscitur
1329 5083 1511 5153 (Prov.
1563 5098 1680 5148 xu,
1713 5082 1825 5154 11).
1862 5083 2044 5140 Tanto

400 5187 537 5242 ergo
563 5171 816 5241 quisque
849 5169 1042 5231 minus
1073 5171 1404 5228 ostenditur
1433 5172 1664 5237 doctus,
1698 5177 1916 5242 quanto
1941 5175 2044 5229 mi-

400 5277 512 5316 nus
543 5258 907 5322 convincitur
933 5259 1180 5330 patiens.
1203 5260 1400 5332 Neque
1431 5259 1585 5318 enim
1619 5264 1807 5332 potest
1829 5261 2042 5322 veraci-

400 5354 489 5405 ter
521 5349 672 5406 bona
730 5347 975 5404 dicendo
1035 5348 1388 5418 impendere,
1450 5349 1500 5406 si
1557 5349 1799 5406 vivendo
1858 5353 2044 5408 nescit

397 5441 802 5512 aequanimiter
823 5439 1013 5496 aliena
1040 5439 1194 5496 mala
1224 5441 1492 5496 tolerare.

468 5565 812 5638 (a)Tortius
867 5568 1063 5638 Carm.
1125 5563 1228 5622 lev.
1295 5567 1636 5638 monitionis.
1701 5567 1867 5631 Belv.,
1934 5567 2037 5626 tev.

395 5635 727 5693 monitionis.
760 5637 965 5703 Laud.,
998 5636 1220 5697 levitate
1250 5637 1529 5696 motionis.

2161 4642 2358 4700 minus
2387 4658 2516 4698 esse
2555 4641 2919 4708 monstravit,
2952 4641 3049 4713 qui
3085 4642 3144 4698 in
3192 4642 3320 4714 ipsa
3367 4658 3474 4698 nos
3507 4641 3814 4713 possidere

2160 4731 2546 4800 nosmetipsos
2571 4731 3017 4796 docuit.0uanta
3039 4748 3170 4801 ergo
3196 4732 3265 4786 sit
3291 4730 3814 4802 impatientiaecul-

2158 4837 2228 4892 pa
2249 4819 2672 4889 cognoscimus,
2707 4837 2805 4891 per
2826 4836 2998 4891 quam
3047 4821 3229 4880 ethoc
3261 4820 3452 4891 ipsum
3475 4821 3813 4882 amittimus

2158 4908 2454 4978 possidere
2475 4909 2627 4980 quod
2650 4908 3517 4978 sumus.Audianlimpatientes
3533 4911 3682 4980 quod
3704 4923 3816 4980 per

2155 4997 2522 5055 Salomoncm
2557 5013 2791 5058 rursum
2849 4997 3097 5059 dicitur:
3155 4999 3347 5054 Totum
3405 5001 3508 5060 44
3535 4997 3815 5066 Spiritum

2155 5104 2316 5144 suum
2344 5089 2559 5159 profert
2587 5087 3044 5156 stuttus,sapiens
3064 5089 3251 5143 autem
3274 5085 3459 5159 diﬂert
3485 5096 3535 5148 et
3564 5091 3816 5148 reservat

2159 5176 2216 5232 in
2243 5185 2522 5247 posterum
2553 5177 2733 5246 (Prov.
2762 5175 3416 5246 xxix,it).1mpatientia
3440 5177 3657 5249 quippe
3688 5177 3814 5233 im-

2155 5265 2404 5338 pellente
2434 5265 2622 5337 agitur
2652 5273 2712 5318 ut
2762 5267 2919 5320 totus
2966 5263 3121 5324 foras
3167 5264 3408 5336 spiritus
3438 5266 3816 5337 proferatur;

2155 5367 2327 5424 quem
2345 5351 2560 5406 idcirco
2579 5351 2930 5421 perlurbatio
2946 5350 3120 5411 citius
3136 5351 3636 5423 ejicit,qulanulla
3654 5353 3817 5408 inte-

2153 5439 2598 5512 riusdisciplina
2612 5439 2906 5510 sapientiae
2920 5440 3597 5512 circumcludit.Sapiens
3612 5447 3815 5500 autem

2223 5565 2298 5636 (ὁ)
2335 5567 2453 5620 Duo
2476 5564 2697 5637 priores
2718 5565 2904 5630 Gem.,
2934 5566 3133 5622 melius
3161 5569 3261 5622 est.

2221 5637 2293 5710 (ο)
2330 5636 2530 5706 Laud},
2562 5636 2741 5708 Belv.,
2775 5637 3007 5698 Carnot.
3041 5641 3350 5703 secundus,
3380 5638 3618 5709 lrenari.
