  <div class='ocr_page' id='page_1' title='image "/cluster/home/n/w/nwhite01/storage/ocr_20150623/77/hvd.32044054758818/040.png"; bbox 0 0 4136 6178; ppageno 0'>
   <div class='ocr_carea' id='block_1_1' title="bbox 327 349 3742 417">
    <p class='ocr_par' dir='ltr' id='par_1_1' title="bbox 327 349 3742 417">
     <span class='ocr_line' id='line_1_1' title="bbox 327 349 3742 417; baseline 0 -2"><span class='ocrx_word' id='word_1_1' title='bbox 327 351 399 417; x_wconf 80' lang='lat'><strong>69</strong></span> <span class='ocrx_word' id='word_1_2' title='bbox 1081 355 1416 417; x_wconf 72' lang='lat' dir='ltr'><strong>REGULE</strong></span> <span class='ocrx_word' id='word_1_3' title='bbox 1463 349 1947 416; x_wconf 63' lang='lat' dir='ltr'><strong>PASTORALIS</strong></span> <span class='ocrx_word' id='word_1_4' title='bbox 1993 351 2244 416; x_wconf 73' lang='lat' dir='ltr'><strong>LIBER.</strong></span> <span class='ocrx_word' id='word_1_5' title='bbox 2294 389 2368 399; x_wconf 90' lang='lat'><strong><em>—</em></strong></span> <span class='ocrx_word' id='word_1_6' title='bbox 2412 351 2614 414; x_wconf 80' lang='lat' dir='ltr'><strong>PARS</strong></span> <span class='ocrx_word' id='word_1_7' title='bbox 2659 357 2976 416; x_wconf 74' lang='lat' dir='ltr'><strong>TERTIA.</strong></span> <span class='ocrx_word' id='word_1_8' title='bbox 3664 357 3742 416; x_wconf 77' lang='grc' dir='ltr'><strong>ἰο</strong></span> 
     </span>
    </p>
   </div>
   <div class='ocr_carea' id='block_1_2' title="bbox 321 485 2070 562">
    <p class='ocr_par' dir='ltr' id='par_1_2' title="bbox 321 485 2070 562">
     <span class='ocr_line' id='line_1_2' title="bbox 321 485 2070 562; baseline -0.002 -14"><span class='ocrx_word' id='word_1_9' title='bbox 321 501 462 554; x_wconf 87' lang='lat' dir='ltr'><strong>tum,</strong></span> <span class='ocrx_word' id='word_1_10' title='bbox 488 488 631 562; x_wconf 72' lang='lat' dir='ltr'><strong>quod</strong></span> <span class='ocrx_word' id='word_1_11' title='bbox 650 489 706 543; x_wconf 90' lang='lat' dir='ltr'><strong>in</strong></span> <span class='ocrx_word' id='word_1_12' title='bbox 729 487 976 544; x_wconf 78' lang='lat' dir='ltr'><strong>hominis</strong></span> <span class='ocrx_word' id='word_1_13' title='bbox 999 503 1123 544; x_wconf 87' lang='lat' dir='ltr'><strong>voce</strong></span> <span class='ocrx_word' id='word_1_14' title='bbox 1151 485 1376 560; x_wconf 85' lang='lat' dir='ltr'><strong>loquens</strong></span> <span class='ocrx_word' id='word_1_15' title='bbox 1399 487 1686 560; x_wconf 77' lang='lat' dir='ltr'><strong>prohibuit</strong></span> <span class='ocrx_word' id='word_1_16' title='bbox 1709 488 1987 559; x_wconf 64' lang='lat' dir='ltr'><strong>proyhelze</strong></span> <span class='ocrx_word' id='word_1_17' title='bbox 2017 489 2070 554; x_wconf 82' lang='grc' dir='ltr'><strong>Α</strong></span> 
     </span>
    </p>
   </div>
   <div class='ocr_carea' id='block_1_3' title="bbox 329 577 1982 652">
    <p class='ocr_par' dir='ltr' id='par_1_3' title="bbox 329 577 1982 652">
     <span class='ocr_line' id='line_1_3' title="bbox 329 577 1982 652; baseline -0.002 -15"><span class='ocrx_word' id='word_1_18' title='bbox 329 580 797 652; x_wconf 73' lang='lat' dir='ltr'><strong>insipientiamw</strong></span> <span class='ocrx_word' id='word_1_19' title='bbox 813 581 1040 642; x_wconf 67' lang='lat' dir='ltr'><strong>Peli-.11,</strong></span> <span class='ocrx_word' id='word_1_20' title='bbox 1068 580 1178 650; x_wconf 76' lang='grc'>15).</span> <span class='ocrx_word' id='word_1_21' title='bbox 1215 580 1468 636; x_wconf 81' lang='lat' dir='ltr'><strong>Insanus</strong></span> <span class='ocrx_word' id='word_1_22' title='bbox 1499 577 1716 652; x_wconf 82' lang='lat' dir='ltr'><strong>quippe</strong></span> <span class='ocrx_word' id='word_1_23' title='bbox 1741 580 1916 634; x_wconf 89' lang='lat' dir='ltr'><strong>homo</strong></span> <span class='ocrx_word' id='word_1_24' title='bbox 1949 595 1982 633; x_wconf 89' lang='lat' dir='ltr'><strong>a</strong></span> 
     </span>
    </p>
   </div>
   <div class='ocr_carea' id='block_1_4' title="bbox 330 667 1978 742">
    <p class='ocr_par' dir='ltr' id='par_1_4' title="bbox 330 667 1978 742">
     <span class='ocr_line' id='line_1_4' title="bbox 330 667 1978 742; baseline -0.003 -15"><span class='ocrx_word' id='word_1_25' title='bbox 330 669 614 742; x_wconf 85' lang='lat' dir='ltr'><strong>subjugali</strong></span> <span class='ocrx_word' id='word_1_26' title='bbox 651 678 813 726; x_wconf 89' lang='lat' dir='ltr'><strong>muto</strong></span> <span class='ocrx_word' id='word_1_27' title='bbox 844 668 1436 741; x_wconf 80' lang='lat' dir='ltr'><strong>corripitur,quando</strong></span> <span class='ocrx_word' id='word_1_28' title='bbox 1489 669 1640 724; x_wconf 85' lang='lat' dir='ltr'><strong>elata</strong></span> <span class='ocrx_word' id='word_1_29' title='bbox 1688 685 1853 723; x_wconf 88' lang='lat' dir='ltr'><strong>mens</strong></span> <span class='ocrx_word' id='word_1_30' title='bbox 1877 667 1978 723; x_wconf 84' lang='lat' dir='ltr'><strong>hu-</strong></span> 
     </span>
    </p>
   </div>
   <div class='ocr_carea' id='block_1_5' title="bbox 334 756 1980 831">
    <p class='ocr_par' dir='ltr' id='par_1_5' title="bbox 334 756 1980 831">
     <span class='ocr_line' id='line_1_5' title="bbox 334 756 1980 831; baseline -0.003 -15"><span class='ocrx_word' id='word_1_31' title='bbox 334 762 590 816; x_wconf 73' lang='lat' dir='ltr'><strong>militatis</strong></span> <span class='ocrx_word' id='word_1_32' title='bbox 610 758 830 814; x_wconf 91' lang='lat' dir='ltr'><strong>bonum</strong></span> <span class='ocrx_word' id='word_1_33' title='bbox 859 759 1014 831; x_wconf 88' lang='lat' dir='ltr'><strong>quod</strong></span> <span class='ocrx_word' id='word_1_34' title='bbox 1039 766 1234 815; x_wconf 73' lang='lat' dir='ltr'><strong>tenere</strong></span> <span class='ocrx_word' id='word_1_35' title='bbox 1256 758 1462 813; x_wconf 85' lang='lat' dir='ltr'><strong>debeat</strong></span> <span class='ocrx_word' id='word_1_36' title='bbox 1483 759 1553 812; x_wconf 84' lang='lat' dir='ltr'><strong>ab</strong></span> <span class='ocrx_word' id='word_1_37' title='bbox 1578 756 1788 812; x_wconf 86' lang='lat' dir='ltr'><strong>alﬂicta</strong></span> <span class='ocrx_word' id='word_1_38' title='bbox 1811 773 1980 812; x_wconf 74' lang='lat' dir='ltr'><strong>carne</strong></span> 
     </span>
    </p>
   </div>
   <div class='ocr_carea' id='block_1_6' title="bbox 329 845 1978 918">
    <p class='ocr_par' dir='ltr' id='par_1_6' title="bbox 329 845 1978 918">
     <span class='ocr_line' id='line_1_6' title="bbox 329 845 1978 918; baseline -0.003 -13"><span class='ocrx_word' id='word_1_39' title='bbox 329 848 820 905; x_wconf 82' lang='lat' dir='ltr'><strong>mcmoratur.Sed</strong></span> <span class='ocrx_word' id='word_1_40' title='bbox 857 847 1034 917; x_wconf 87' lang='lat' dir='ltr'><strong>hujus</strong></span> <span class='ocrx_word' id='word_1_41' title='bbox 1067 845 1451 918; x_wconf 80' lang='lat' dir='ltr'><strong>correptionis</strong></span> <span class='ocrx_word' id='word_1_42' title='bbox 1499 845 1715 902; x_wconf 88' lang='lat' dir='ltr'><strong>donum</strong></span> <span class='ocrx_word' id='word_1_43' title='bbox 1764 845 1978 901; x_wconf 88' lang='lat' dir='ltr'><strong>idcirco</strong></span> 
     </span>
    </p>
   </div>
   <div class='ocr_carea' id='block_1_7' title="bbox 321 937 1978 1010">
    <p class='ocr_par' dir='ltr' id='par_1_7' title="bbox 321 937 1978 1010">
     <span class='ocr_line' id='line_1_7' title="bbox 321 937 1978 1010; baseline -0.003 -13"><span class='ocrx_word' id='word_1_44' title='bbox 321 941 552 997; x_wconf 77' lang='lat' dir='ltr'><strong>Balaam</strong></span> <span class='ocrx_word' id='word_1_45' title='bbox 579 956 696 994; x_wconf 91' lang='lat' dir='ltr'><strong>non</strong></span> <span class='ocrx_word' id='word_1_46' title='bbox 725 938 1007 1006; x_wconf 93' lang='lat' dir='ltr'><strong>obtinuit,</strong></span> <span class='ocrx_word' id='word_1_47' title='bbox 1043 938 1182 1010; x_wconf 85' lang='lat' dir='ltr'><strong>quia</strong></span> <span class='ocrx_word' id='word_1_48' title='bbox 1219 939 1290 994; x_wconf 89' lang='lat' dir='ltr'><strong>ad</strong></span> <span class='ocrx_word' id='word_1_49' title='bbox 1351 937 1815 993; x_wconf 81' lang='lat' dir='ltr'><strong>maledicendum</strong></span> <span class='ocrx_word' id='word_1_50' title='bbox 1850 953 1978 1008; x_wconf 85' lang='lat' dir='ltr'><strong>per-</strong></span> 
     </span>
    </p>
   </div>
   <div class='ocr_carea' id='block_1_8' title="bbox 315 1026 1978 1103">
    <p class='ocr_par' dir='ltr' id='par_1_8' title="bbox 315 1026 1978 1103">
     <span class='ocr_line' id='line_1_8' title="bbox 315 1026 1978 1103; baseline -0.002 -19"><span class='ocrx_word' id='word_1_51' title='bbox 315 1043 835 1103; x_wconf 86' lang='lat' dir='ltr'><strong>gens,vocem,non</strong></span> <span class='ocrx_word' id='word_1_52' title='bbox 861 1031 1118 1083; x_wconf 82' lang='lat' dir='ltr'><strong>mentem</strong></span> <span class='ocrx_word' id='word_1_53' title='bbox 1146 1027 1410 1083; x_wconf 80' lang='lat' dir='ltr'><strong>mutavit.</strong></span> <span class='ocrx_word' id='word_1_54' title='bbox 1442 1026 1808 1082; x_wconf 87' lang='lat' dir='ltr'><strong>Admonendi</strong></span> <span class='ocrx_word' id='word_1_55' title='bbox 1840 1031 1978 1082; x_wconf 87' lang='lat' dir='ltr'><strong>sunt</strong></span> 
     </span>
    </p>
   </div>
   <div class='ocr_carea' id='block_1_9' title="bbox 315 1119 1976 1192">
    <p class='ocr_par' dir='ltr' id='par_1_9' title="bbox 315 1119 1976 1192">
     <span class='ocr_line' id='line_1_9' title="bbox 315 1119 1976 1192; baseline -0.003 -14"><span class='ocrx_word' id='word_1_56' title='bbox 315 1122 445 1191; x_wconf 74' lang='lat' dir='ltr'><strong>aegri</strong></span> <span class='ocrx_word' id='word_1_57' title='bbox 473 1131 536 1176; x_wconf 91' lang='lat' dir='ltr'><strong>ut</strong></span> <span class='ocrx_word' id='word_1_58' title='bbox 558 1121 936 1176; x_wconf 88' lang='lat' dir='ltr'><strong>considerent</strong></span> <span class='ocrx_word' id='word_1_59' title='bbox 964 1119 1168 1192; x_wconf 91' lang='lat' dir='ltr'><strong>quanti</strong></span> <span class='ocrx_word' id='word_1_60' title='bbox 1189 1120 1268 1174; x_wconf 90' lang='lat' dir='ltr'><strong>sit</strong></span> <span class='ocrx_word' id='word_1_61' title='bbox 1290 1120 1547 1175; x_wconf 83' lang='lat' dir='ltr'><strong>muneris</strong></span> <span class='ocrx_word' id='word_1_62' title='bbox 1573 1119 1839 1174; x_wconf 77' lang='lat' dir='ltr'><strong>molestia</strong></span> <span class='ocrx_word' id='word_1_63' title='bbox 1856 1135 1976 1174; x_wconf 87' lang='lat' dir='ltr'><strong>cor-</strong></span> 
     </span>
    </p>
   </div>
   <div class='ocr_carea' id='block_1_10' title="bbox 315 1206 1974 1282">
    <p class='ocr_par' dir='ltr' id='par_1_10' title="bbox 315 1206 1974 1282">
     <span class='ocr_line' id='line_1_10' title="bbox 315 1206 1974 1282; baseline -0.002 -18"><span class='ocrx_word' id='word_1_64' title='bbox 315 1209 696 1282; x_wconf 76' lang='lat' dir='ltr'><strong>poralis,quze</strong></span> <span class='ocrx_word' id='word_1_65' title='bbox 719 1215 776 1264; x_wconf 88' lang='lat' dir='ltr'><strong>et</strong></span> <span class='ocrx_word' id='word_1_66' title='bbox 802 1208 1064 1264; x_wconf 85' lang='lat' dir='ltr'><strong>admissa</strong></span> <span class='ocrx_word' id='word_1_67' title='bbox 1087 1214 1326 1280; x_wconf 87' lang='lat' dir='ltr'><strong>peccata</strong></span> <span class='ocrx_word' id='word_1_68' title='bbox 1347 1207 1539 1278; x_wconf 90' lang='lat' dir='ltr'><strong>diluit,</strong></span> <span class='ocrx_word' id='word_1_69' title='bbox 1561 1215 1617 1263; x_wconf 88' lang='lat' dir='ltr'><strong>et</strong></span> <span class='ocrx_word' id='word_1_70' title='bbox 1640 1225 1706 1263; x_wconf 90' lang='lat' dir='ltr'><strong>ea</strong></span> <span class='ocrx_word' id='word_1_71' title='bbox 1728 1225 1855 1280; x_wconf 67' lang='lat' dir='ltr'><strong>quae</strong></span> <span class='ocrx_word' id='word_1_72' title='bbox 1875 1206 1974 1261; x_wconf 84' lang='lat' dir='ltr'><strong>ad-</strong></span> 
     </span>
    </p>
   </div>
   <div class='ocr_carea' id='block_1_11' title="bbox 317 1296 1975 1370">
    <p class='ocr_par' dir='ltr' id='par_1_11' title="bbox 317 1296 1975 1370">
     <span class='ocr_line' id='line_1_11' title="bbox 317 1296 1975 1370; baseline -0.003 -15"><span class='ocrx_word' id='word_1_73' title='bbox 317 1300 464 1355; x_wconf 89' lang='lat' dir='ltr'><strong>mitti</strong></span> <span class='ocrx_word' id='word_1_74' title='bbox 494 1303 766 1370; x_wconf 81' lang='lat' dir='ltr'><strong>poterant</strong></span> <span class='ocrx_word' id='word_1_75' title='bbox 791 1297 1147 1368; x_wconf 85' lang='lat' dir='ltr'><strong>compescit;</strong></span> <span class='ocrx_word' id='word_1_76' title='bbox 1172 1315 1299 1370; x_wconf 80' lang='lat' dir='ltr'><strong>quea</strong></span> <span class='ocrx_word' id='word_1_77' title='bbox 1322 1304 1559 1370; x_wconf 86' lang='lat' dir='ltr'><strong>sumpta</strong></span> <span class='ocrx_word' id='word_1_78' title='bbox 1581 1298 1652 1352; x_wconf 91' lang='lat' dir='ltr'><strong>ab</strong></span> <span class='ocrx_word' id='word_1_79' title='bbox 1675 1296 1975 1353; x_wconf 80' lang='lat' dir='ltr'><strong>exteriori-</strong></span> 
     </span>
    </p>
   </div>
   <div class='ocr_carea' id='block_1_12' title="bbox 317 1384 1972 1458">
    <p class='ocr_par' dir='ltr' id='par_1_12' title="bbox 317 1384 1972 1458">
     <span class='ocr_line' id='line_1_12' title="bbox 317 1384 1972 1458; baseline -0.004 -14"><span class='ocrx_word' id='word_1_80' title='bbox 317 1390 427 1444; x_wconf 89' lang='lat' dir='ltr'><strong>bus</strong></span> <span class='ocrx_word' id='word_1_81' title='bbox 449 1387 974 1458; x_wconf 76' lang='lat' dir='ltr'><strong>plagis,coucussa3</strong></span> <span class='ocrx_word' id='word_1_82' title='bbox 999 1386 1177 1441; x_wconf 89' lang='lat' dir='ltr'><strong>menti</strong></span> <span class='ocrx_word' id='word_1_83' title='bbox 1199 1385 1550 1457; x_wconf 58' lang='lat' dir='ltr'><strong>paenitentiae</strong></span> <span class='ocrx_word' id='word_1_84' title='bbox 1572 1389 1810 1440; x_wconf 78' lang='lat' dir='ltr'><strong>vulnera</strong></span> <span class='ocrx_word' id='word_1_85' title='bbox 1831 1384 1972 1440; x_wconf 88' lang='lat' dir='ltr'><strong>inﬂi-</strong></span> 
     </span>
    </p>
   </div>
   <div class='ocr_carea' id='block_1_13' title="bbox 315 1474 1974 1547">
    <p class='ocr_par' dir='ltr' id='par_1_13' title="bbox 315 1474 1974 1547">
     <span class='ocr_line' id='line_1_13' title="bbox 315 1474 1974 1547; baseline 0.002 -20"><span class='ocrx_word' id='word_1_86' title='bbox 315 1476 591 1547; x_wconf 83' lang='lat' dir='ltr'><strong>git.Unde</strong></span> <span class='ocrx_word' id='word_1_87' title='bbox 612 1477 837 1547; x_wconf 86' lang='lat' dir='ltr'><strong>scriptu</strong></span> <span class='ocrx_word' id='word_1_88' title='bbox 850 1493 903 1530; x_wconf 81' lang='lat' dir='ltr'><strong>n1</strong></span> <span class='ocrx_word' id='word_1_89' title='bbox 925 1485 1042 1531; x_wconf 89' lang='lat' dir='ltr'><strong>est:</strong></span> <span class='ocrx_word' id='word_1_90' title='bbox 1071 1475 1234 1532; x_wconf 86' lang='lat' dir='ltr'><strong>Livor</strong></span> <span class='ocrx_word' id='word_1_91' title='bbox 1260 1477 1502 1531; x_wconf 77' lang='lat' dir='ltr'><strong>vulneris</strong></span> <span class='ocrx_word' id='word_1_92' title='bbox 1522 1475 1780 1546; x_wconf 81' lang='lat' dir='ltr'><strong>abstergit</strong></span> <span class='ocrx_word' id='word_1_93' title='bbox 1803 1474 1974 1543; x_wconf 83' lang='lat' dir='ltr'><strong>mala,</strong></span> 
     </span>
    </p>
   </div>
   <div class='ocr_carea' id='block_1_14' title="bbox 318 1562 1976 1634">
    <p class='ocr_par' dir='ltr' id='par_1_14' title="bbox 318 1562 1976 1634">
     <span class='ocr_line' id='line_1_14' title="bbox 318 1562 1976 1634; baseline -0.004 -10"><span class='ocrx_word' id='word_1_94' title='bbox 318 1566 465 1634; x_wconf 80' lang='lat' dir='ltr'><strong>(alet</strong></span> <span class='ocrx_word' id='word_1_95' title='bbox 488 1567 682 1634; x_wconf 60' lang='lat' dir='ltr'><strong>plaga</strong></span> <span class='ocrx_word' id='word_1_96' title='bbox 706 1565 766 1620; x_wconf 85' lang='lat' dir='ltr'><strong>in</strong></span> <span class='ocrx_word' id='word_1_97' title='bbox 788 1565 1174 1621; x_wconf 74' lang='lat' dir='ltr'><strong>secretioribus</strong></span> <span class='ocrx_word' id='word_1_98' title='bbox 1196 1567 1400 1621; x_wconf 84' lang='lat' dir='ltr'><strong>ventris</strong></span> <span class='ocrx_word' id='word_1_99' title='bbox 1421 1564 1795 1633; x_wconf 79' lang='lat' dir='ltr'><strong>(Prov.xx,30)</strong></span> <span class='ocrx_word' id='word_1_100' title='bbox 1824 1562 1976 1618; x_wconf 80' lang='lat' dir='ltr'><strong>Mula</strong></span> 
     </span>
    </p>
   </div>
   <div class='ocr_carea' id='block_1_15' title="bbox 317 1651 1978 1724">
    <p class='ocr_par' dir='ltr' id='par_1_15' title="bbox 317 1651 1978 1724">
     <span class='ocr_line' id='line_1_15' title="bbox 317 1651 1978 1724; baseline -0.001 -16"><span class='ocrx_word' id='word_1_101' title='bbox 317 1654 471 1709; x_wconf 88' lang='lat' dir='ltr'><strong>enim</strong></span> <span class='ocrx_word' id='word_1_102' title='bbox 504 1652 654 1708; x_wconf 81' lang='lat' dir='ltr'><strong>livor</strong></span> <span class='ocrx_word' id='word_1_103' title='bbox 680 1653 938 1710; x_wconf 84' lang='lat' dir='ltr'><strong>vulneris</strong></span> <span class='ocrx_word' id='word_1_104' title='bbox 966 1654 1410 1724; x_wconf 82' lang='lat' dir='ltr'><strong>abstergit,quia</strong></span> <span class='ocrx_word' id='word_1_105' title='bbox 1432 1651 1789 1723; x_wconf 83' lang='lat' dir='ltr'><strong>ﬂagellorum</strong></span> <span class='ocrx_word' id='word_1_106' title='bbox 1814 1652 1978 1708; x_wconf 90' lang='lat' dir='ltr'><strong>dolor</strong></span> 
     </span>
    </p>
   </div>
   <div class='ocr_carea' id='block_1_16' title="bbox 317 1738 1977 1815">
    <p class='ocr_par' dir='ltr' id='par_1_16' title="bbox 317 1738 1977 1815">
     <span class='ocr_line' id='line_1_16' title="bbox 317 1738 1977 1815; baseline -0.002 -17"><span class='ocrx_word' id='word_1_107' title='bbox 317 1744 400 1798; x_wconf 89' lang='lat' dir='ltr'><strong>vel</strong></span> <span class='ocrx_word' id='word_1_108' title='bbox 423 1743 741 1814; x_wconf 81' lang='lat' dir='ltr'><strong>cogitatas,</strong></span> <span class='ocrx_word' id='word_1_109' title='bbox 773 1742 861 1798; x_wconf 90' lang='lat' dir='ltr'><strong>vel</strong></span> <span class='ocrx_word' id='word_1_110' title='bbox 896 1748 1249 1814; x_wconf 81' lang='lat' dir='ltr'><strong>perpetratae</strong></span> <span class='ocrx_word' id='word_1_111' title='bbox 1276 1741 1568 1815; x_wconf 81' lang='lat' dir='ltr'><strong>nequitias</strong></span> <span class='ocrx_word' id='word_1_112' title='bbox 1600 1738 1788 1797; x_wconf 84' lang='lat' dir='ltr'><strong>diluit.</strong></span> <span class='ocrx_word' id='word_1_113' title='bbox 1823 1739 1977 1796; x_wconf 87' lang='lat' dir='ltr'><strong>Solet</strong></span> 
     </span>
    </p>
   </div>
   <div class='ocr_carea' id='block_1_17' title="bbox 318 1830 1977 1904">
    <p class='ocr_par' dir='ltr' id='par_1_17' title="bbox 318 1830 1977 1904">
     <span class='ocr_line' id='line_1_17' title="bbox 318 1830 1977 1904; baseline -0.002 -17"><span class='ocrx_word' id='word_1_114' title='bbox 318 1849 445 1887; x_wconf 88' lang='lat' dir='ltr'><strong>vero</strong></span> <span class='ocrx_word' id='word_1_115' title='bbox 475 1833 703 1888; x_wconf 84' lang='lat' dir='ltr'><strong>ventris</strong></span> <span class='ocrx_word' id='word_1_116' title='bbox 737 1831 1132 1904; x_wconf 84' lang='lat' dir='ltr'><strong>appellatione</strong></span> <span class='ocrx_word' id='word_1_117' title='bbox 1190 1847 1354 1888; x_wconf 91' lang='lat' dir='ltr'><strong>mens</strong></span> <span class='ocrx_word' id='word_1_118' title='bbox 1385 1831 1570 1903; x_wconf 86' lang='lat' dir='ltr'><strong>accipi</strong></span> <span class='ocrx_word' id='word_1_119' title='bbox 1599 1848 1612 1898; x_wconf 89' lang='lat'><strong>;</strong></span> <span class='ocrx_word' id='word_1_120' title='bbox 1655 1830 1794 1901; x_wconf 83' lang='lat' dir='ltr'><strong>quia</strong></span> <span class='ocrx_word' id='word_1_121' title='bbox 1825 1830 1977 1886; x_wconf 83' lang='lat' dir='ltr'><strong>sicut</strong></span> 
     </span>
    </p>
   </div>
   <div class='ocr_carea' id='block_1_18' title="bbox 323 1920 1979 1992">
    <p class='ocr_par' dir='ltr' id='par_1_18' title="bbox 323 1920 1979 1992">
     <span class='ocr_line' id='line_1_18' title="bbox 323 1920 1979 1992; baseline -0.002 -16"><span class='ocrx_word' id='word_1_122' title='bbox 323 1927 517 1976; x_wconf 80' lang='lat' dir='ltr'><strong>venter</strong></span> <span class='ocrx_word' id='word_1_123' title='bbox 542 1921 845 1977; x_wconf 80' lang='lat' dir='ltr'><strong>consumit</strong></span> <span class='ocrx_word' id='word_1_124' title='bbox 873 1937 1059 1988; x_wconf 82' lang='lat' dir='ltr'><strong>escas,</strong></span> <span class='ocrx_word' id='word_1_125' title='bbox 1079 1921 1160 1976; x_wconf 88' lang='lat' dir='ltr'><strong>ita</strong></span> <span class='ocrx_word' id='word_1_126' title='bbox 1191 1937 1355 1977; x_wconf 88' lang='lat' dir='ltr'><strong>mens</strong></span> <span class='ocrx_word' id='word_1_127' title='bbox 1379 1920 1787 1992; x_wconf 88' lang='lat' dir='ltr'><strong>pertractando</strong></span> <span class='ocrx_word' id='word_1_128' title='bbox 1809 1935 1979 1974; x_wconf 82' lang='lat' dir='ltr'><strong>exco-</strong></span> 
     </span>
    </p>
   </div>
   <div class='ocr_carea' id='block_1_19' title="bbox 329 2011 1980 2083">
    <p class='ocr_par' dir='ltr' id='par_1_19' title="bbox 329 2011 1980 2083">
     <span class='ocr_line' id='line_1_19' title="bbox 329 2011 1980 2083; baseline 0 -19"><span class='ocrx_word' id='word_1_129' title='bbox 329 2011 450 2083; x_wconf 90' lang='lat' dir='ltr'><strong>quit</strong></span> <span class='ocrx_word' id='word_1_130' title='bbox 472 2029 671 2067; x_wconf 81' lang='lat' dir='ltr'><strong>curas.</strong></span> <span class='ocrx_word' id='word_1_131' title='bbox 704 2012 851 2078; x_wconf 77' lang='lat' dir='ltr'><strong>Quia</strong></span> <span class='ocrx_word' id='word_1_132' title='bbox 883 2012 1039 2066; x_wconf 85' lang='lat' dir='ltr'><strong>enim</strong></span> <span class='ocrx_word' id='word_1_133' title='bbox 1077 2017 1271 2067; x_wconf 84' lang='lat' dir='ltr'><strong>venter</strong></span> <span class='ocrx_word' id='word_1_134' title='bbox 1304 2011 1719 2080; x_wconf 86' lang='lat' dir='ltr'><strong>mensdicitur,</strong></span> <span class='ocrx_word' id='word_1_135' title='bbox 1753 2027 1819 2064; x_wconf 87' lang='lat' dir='ltr'><strong>ea</strong></span> <span class='ocrx_word' id='word_1_136' title='bbox 1851 2028 1980 2064; x_wconf 76' lang='lat' dir='ltr'><strong>sen-</strong></span> 
     </span>
    </p>
   </div>
   <div class='ocr_carea' id='block_1_20' title="bbox 331 2099 1984 2172">
    <p class='ocr_par' dir='ltr' id='par_1_20' title="bbox 331 2099 1984 2172">
     <span class='ocr_line' id='line_1_20' title="bbox 331 2099 1984 2172; baseline -0.001 -17"><span class='ocrx_word' id='word_1_137' title='bbox 331 2101 507 2155; x_wconf 86' lang='lat' dir='ltr'><strong>tentia</strong></span> <span class='ocrx_word' id='word_1_138' title='bbox 539 2101 784 2156; x_wconf 89' lang='lat' dir='ltr'><strong>docetur</strong></span> <span class='ocrx_word' id='word_1_139' title='bbox 809 2117 924 2171; x_wconf 88' lang='lat' dir='ltr'><strong>qua</strong></span> <span class='ocrx_word' id='word_1_140' title='bbox 952 2099 1239 2172; x_wconf 85' lang='lat' dir='ltr'><strong>sc_riptum</strong></span> <span class='ocrx_word' id='word_1_141' title='bbox 1270 2105 1359 2156; x_wconf 88' lang='lat' dir='ltr'><strong>est</strong></span> <span class='ocrx_word' id='word_1_142' title='bbox 1386 2115 1400 2154; x_wconf 88' lang='lat'><strong>:</strong></span> <span class='ocrx_word' id='word_1_143' title='bbox 1463 2101 1706 2155; x_wconf 85' lang='lat' dir='ltr'><strong>Lucerna</strong></span> <span class='ocrx_word' id='word_1_144' title='bbox 1764 2101 1984 2154; x_wconf 84' lang='lat' dir='ltr'><strong>Domini</strong></span> 
     </span>
    </p>
   </div>
   <div class='ocr_carea' id='block_1_21' title="bbox 326 2167 1983 2259">
    <p class='ocr_par' dir='ltr' id='par_1_21' title="bbox 326 2167 1983 2259">
     <span class='ocr_line' id='line_1_21' title="bbox 326 2167 1983 2259; baseline -0.001 -15"><span class='ocrx_word' id='word_1_145' title='bbox 326 2189 673 2259; x_wconf 67' lang='lat' dir='ltr'><strong>spiraculum</strong></span> <span class='ocrx_word' id='word_1_146' title='bbox 702 2189 970 2258; x_wconf 84' lang='lat' dir='ltr'><strong>hominis,</strong></span> <span class='ocrx_word' id='word_1_147' title='bbox 1007 2167 1134 2259; x_wconf 45' lang='lat' dir='ltr'><strong>Quae</strong></span> <span class='ocrx_word' id='word_1_148' title='bbox 1190 2188 1485 2257; x_wconf 69' lang='lat' dir='ltr'><strong>investigat</strong></span> <span class='ocrx_word' id='word_1_149' title='bbox 1541 2191 1724 2243; x_wconf 83' lang='lat' dir='ltr'><strong>omnia</strong></span> <span class='ocrx_word' id='word_1_150' title='bbox 1777 2194 1983 2243; x_wconf 84' lang='lat' dir='ltr'><strong>secreta</strong></span> 
     </span>
    </p>
   </div>
   <div class='ocr_carea' id='block_1_22' title="bbox 335 2276 1981 2347">
    <p class='ocr_par' dir='ltr' id='par_1_22' title="bbox 335 2276 1981 2347">
     <span class='ocr_line' id='line_1_22' title="bbox 335 2276 1981 2347; baseline 0 -15"><span class='ocrx_word' id='word_1_151' title='bbox 335 2280 546 2334; x_wconf 78' lang='lat' dir='ltr'><strong>ventris</strong></span> <span class='ocrx_word' id='word_1_152' title='bbox 570 2278 752 2347; x_wconf 77' lang='lat' dir='ltr'><strong>(ibid.)</strong></span> <span class='ocrx_word' id='word_1_153' title='bbox 775 2281 855 2333; x_wconf 84' lang='lat' dir='ltr'><strong>Ac</strong></span> <span class='ocrx_word' id='word_1_154' title='bbox 886 2278 932 2332; x_wconf 90' lang='lat' dir='ltr'><strong>si</strong></span> <span class='ocrx_word' id='word_1_155' title='bbox 967 2279 1219 2333; x_wconf 84' lang='lat' dir='ltr'><strong>diceret:</strong></span> <span class='ocrx_word' id='word_1_156' title='bbox 1277 2277 1463 2332; x_wconf 87' lang='lat' dir='ltr'><strong>Divini</strong></span> <span class='ocrx_word' id='word_1_157' title='bbox 1497 2278 1728 2333; x_wconf 86' lang='lat' dir='ltr'><strong>aiﬂalus</strong></span> <span class='ocrx_word' id='word_1_158' title='bbox 1761 2276 1981 2332; x_wconf 85' lang='lat' dir='ltr'><strong>illumi-</strong></span> 
     </span>
    </p>
   </div>
   <div class='ocr_carea' id='block_1_23' title="bbox 335 2366 1983 2434">
    <p class='ocr_par' dir='ltr' id='par_1_23' title="bbox 335 2366 1983 2434">
     <span class='ocr_line' id='line_1_23' title="bbox 335 2366 1983 2434; baseline -0.001 -12"><span class='ocrx_word' id='word_1_159' title='bbox 335 2370 659 2432; x_wconf 85' lang='lat' dir='ltr'><strong>natio,cum</strong></span> <span class='ocrx_word' id='word_1_160' title='bbox 685 2368 744 2421; x_wconf 89' lang='lat' dir='ltr'><strong>in</strong></span> <span class='ocrx_word' id='word_1_161' title='bbox 770 2373 1024 2422; x_wconf 89' lang='lat' dir='ltr'><strong>mentem</strong></span> <span class='ocrx_word' id='word_1_162' title='bbox 1044 2367 1298 2422; x_wconf 86' lang='lat' dir='ltr'><strong>hominis</strong></span> <span class='ocrx_word' id='word_1_163' title='bbox 1323 2367 1557 2434; x_wconf 83' lang='lat' dir='ltr'><strong>venerit,</strong></span> <span class='ocrx_word' id='word_1_164' title='bbox 1573 2383 1699 2422; x_wconf 89' lang='lat' dir='ltr'><strong>eam</strong></span> <span class='ocrx_word' id='word_1_165' title='bbox 1721 2366 1983 2421; x_wconf 83' lang='lat' dir='ltr'><strong>sibimet-</strong></span> 
     </span>
    </p>
   </div>
   <div class='ocr_carea' id='block_1_24' title="bbox 328 2454 1982 2528">
    <p class='ocr_par' dir='ltr' id='par_1_24' title="bbox 328 2454 1982 2528">
     <span class='ocr_line' id='line_1_24' title="bbox 328 2454 1982 2528; baseline -0.001 -17"><span class='ocrx_word' id='word_1_166' title='bbox 328 2455 440 2528; x_wconf 87' lang='lat' dir='ltr'><strong>ipsi</strong></span> <span class='ocrx_word' id='word_1_167' title='bbox 477 2456 826 2511; x_wconf 88' lang='lat' dir='ltr'><strong>illuminans</strong></span> <span class='ocrx_word' id='word_1_168' title='bbox 857 2456 1132 2520; x_wconf 84' lang='lat' dir='ltr'><strong>ostendit,</strong></span> <span class='ocrx_word' id='word_1_169' title='bbox 1165 2473 1292 2527; x_wconf 69' lang='lat' dir='ltr'><strong>quae</strong></span> <span class='ocrx_word' id='word_1_170' title='bbox 1328 2461 1462 2511; x_wconf 84' lang='lat' dir='ltr'><strong>ante</strong></span> <span class='ocrx_word' id='word_1_171' title='bbox 1491 2455 1748 2528; x_wconf 89' lang='lat' dir='ltr'><strong>Spiritus</strong></span> <span class='ocrx_word' id='word_1_172' title='bbox 1795 2454 1982 2510; x_wconf 86' lang='lat' dir='ltr'><strong>sancti</strong></span> 
     </span>
    </p>
   </div>
   <div class='ocr_carea' id='block_1_25' title="bbox 327 2545 1984 2617">
    <p class='ocr_par' dir='ltr' id='par_1_25' title="bbox 327 2545 1984 2617">
     <span class='ocr_line' id='line_1_25' title="bbox 327 2545 1984 2617; baseline -0.001 -16"><span class='ocrx_word' id='word_1_173' title='bbox 327 2547 649 2602; x_wconf 82' lang='lat' dir='ltr'><strong>adventum</strong></span> <span class='ocrx_word' id='word_1_174' title='bbox 681 2545 1065 2617; x_wconf 82' lang='lat' dir='ltr'><strong>cogitationes</strong></span> <span class='ocrx_word' id='word_1_175' title='bbox 1100 2562 1300 2612; x_wconf 81' lang='lat' dir='ltr'><strong>pravas</strong></span> <span class='ocrx_word' id='word_1_176' title='bbox 1330 2553 1383 2601; x_wconf 91' lang='lat' dir='ltr'><strong>et</strong></span> <span class='ocrx_word' id='word_1_177' title='bbox 1420 2551 1648 2616; x_wconf 85' lang='lat' dir='ltr'><strong>portare</strong></span> <span class='ocrx_word' id='word_1_178' title='bbox 1671 2549 1984 2614; x_wconf 84' lang='lat' dir='ltr'><strong>poterat,et</strong></span> 
     </span>
    </p>
   </div>
   <div class='ocr_carea' id='block_1_26' title="bbox 324 2633 1982 2705">
    <p class='ocr_par' dir='ltr' id='par_1_26' title="bbox 324 2633 1982 2705">
     <span class='ocr_line' id='line_1_26' title="bbox 324 2633 1982 2705; baseline 0 -19"><span class='ocrx_word' id='word_1_179' title='bbox 324 2651 576 2705; x_wconf 83' lang='lat' dir='ltr'><strong>pensare</strong></span> <span class='ocrx_word' id='word_1_180' title='bbox 608 2635 922 2691; x_wconf 85' lang='lat' dir='ltr'><strong>nesciebat.</strong></span> <span class='ocrx_word' id='word_1_181' title='bbox 979 2634 1151 2690; x_wconf 88' lang='lat' dir='ltr'><strong>Livor</strong></span> <span class='ocrx_word' id='word_1_182' title='bbox 1207 2650 1344 2705; x_wconf 71' lang='lat' dir='ltr'><strong>ergo</strong></span> <span class='ocrx_word' id='word_1_183' title='bbox 1399 2633 1656 2688; x_wconf 86' lang='lat' dir='ltr'><strong>vulneris</strong></span> <span class='ocrx_word' id='word_1_184' title='bbox 1700 2633 1982 2704; x_wconf 86' lang='lat' dir='ltr'><strong>abstergit</strong></span> 
     </span>
    </p>
   </div>
   <div class='ocr_carea' id='block_1_27' title="bbox 324 2722 1976 2795">
    <p class='ocr_par' dir='ltr' id='par_1_27' title="bbox 324 2722 1976 2795">
     <span class='ocr_line' id='line_1_27' title="bbox 324 2722 1976 2795; baseline -0.001 -16"><span class='ocrx_word' id='word_1_185' title='bbox 324 2724 501 2788; x_wconf 86' lang='lat' dir='ltr'><strong>mala,</strong></span> <span class='ocrx_word' id='word_1_186' title='bbox 534 2730 591 2778; x_wconf 85' lang='lat' dir='ltr'><strong>et</strong></span> <span class='ocrx_word' id='word_1_187' title='bbox 624 2725 806 2795; x_wconf 69' lang='lat' dir='ltr'><strong>plaga</strong></span> <span class='ocrx_word' id='word_1_188' title='bbox 839 2722 899 2780; x_wconf 91' lang='lat' dir='ltr'><strong>in</strong></span> <span class='ocrx_word' id='word_1_189' title='bbox 933 2724 1346 2780; x_wconf 86' lang='lat' dir='ltr'><strong>secretioribus</strong></span> <span class='ocrx_word' id='word_1_190' title='bbox 1368 2722 1593 2778; x_wconf 68' lang='lat' dir='ltr'><strong>ventris</strong></span> <span class='ocrx_word' id='word_1_191' title='bbox 1621 2740 1633 2788; x_wconf 92' lang='lat'><strong>;</strong></span> <span class='ocrx_word' id='word_1_192' title='bbox 1681 2723 1814 2794; x_wconf 89' lang='lat' dir='ltr'><strong>quia</strong></span> <span class='ocrx_word' id='word_1_193' title='bbox 1844 2739 1976 2778; x_wconf 91' lang='lat' dir='ltr'><strong>cum</strong></span> 
     </span>
    </p>
   </div>
   <div class='ocr_carea' id='block_1_28' title="bbox 321 2813 1976 2885">
    <p class='ocr_par' dir='ltr' id='par_1_28' title="bbox 321 2813 1976 2885">
     <span class='ocr_line' id='line_1_28' title="bbox 321 2813 1976 2885; baseline -0.001 -16"><span class='ocrx_word' id='word_1_194' title='bbox 321 2813 579 2869; x_wconf 79' lang='lat' dir='ltr'><strong>exterius</strong></span> <span class='ocrx_word' id='word_1_195' title='bbox 602 2813 985 2885; x_wconf 87' lang='lat' dir='ltr'><strong>percutimur,</strong></span> <span class='ocrx_word' id='word_1_196' title='bbox 1009 2814 1080 2868; x_wconf 92' lang='lat' dir='ltr'><strong>ad</strong></span> <span class='ocrx_word' id='word_1_197' title='bbox 1109 2817 1472 2885; x_wconf 84' lang='lat' dir='ltr'><strong>peccatorum</strong></span> <span class='ocrx_word' id='word_1_198' title='bbox 1497 2816 1832 2868; x_wconf 89' lang='lat' dir='ltr'><strong>nostrorum</strong></span> <span class='ocrx_word' id='word_1_199' title='bbox 1855 2829 1976 2868; x_wconf 82' lang='lat' dir='ltr'><strong>me-</strong></span> 
     </span>
    </p>
   </div>
   <div class='ocr_carea' id='block_1_29' title="bbox 321 2901 1979 2973">
    <p class='ocr_par' dir='ltr' id='par_1_29' title="bbox 321 2901 1979 2973">
     <span class='ocr_line' id='line_1_29' title="bbox 321 2901 1979 2973; baseline 0 -17"><span class='ocrx_word' id='word_1_200' title='bbox 321 2902 572 2957; x_wconf 84' lang='lat' dir='ltr'><strong>moriam</strong></span> <span class='ocrx_word' id='word_1_201' title='bbox 609 2902 773 2957; x_wconf 86' lang='lat' dir='ltr'><strong>taciti</strong></span> <span class='ocrx_word' id='word_1_202' title='bbox 829 2901 1149 2973; x_wconf 75' lang='lat' dir='ltr'><strong>alﬂtctique</strong></span> <span class='ocrx_word' id='word_1_203' title='bbox 1217 2917 1581 2966; x_wconf 85' lang='lat' dir='ltr'><strong>revocamur,</strong></span> <span class='ocrx_word' id='word_1_204' title='bbox 1615 2906 1790 2972; x_wconf 88' lang='lat' dir='ltr'><strong>atque</strong></span> <span class='ocrx_word' id='word_1_205' title='bbox 1847 2906 1979 2956; x_wconf 88' lang='lat' dir='ltr'><strong>ante</strong></span> 
     </span>
    </p>
   </div>
   <div class='ocr_carea' id='block_1_30' title="bbox 322 2989 1980 3062">
    <p class='ocr_par' dir='ltr' id='par_1_30' title="bbox 322 2989 1980 3062">
     <span class='ocr_line' id='line_1_30' title="bbox 322 2989 1980 3062; baseline -0.001 -16"><span class='ocrx_word' id='word_1_206' title='bbox 322 2991 530 3046; x_wconf 81' lang='lat' dir='ltr'><strong>oculos</strong></span> <span class='ocrx_word' id='word_1_207' title='bbox 553 2997 788 3047; x_wconf 86' lang='lat' dir='ltr'><strong>nostros</strong></span> <span class='ocrx_word' id='word_1_208' title='bbox 818 3002 1027 3046; x_wconf 87' lang='lat' dir='ltr'><strong>cuncta</strong></span> <span class='ocrx_word' id='word_1_209' title='bbox 1065 3007 1194 3062; x_wconf 78' lang='lat' dir='ltr'><strong>quas</strong></span> <span class='ocrx_word' id='word_1_210' title='bbox 1228 3007 1262 3044; x_wconf 89' lang='lat' dir='ltr'><strong>a</strong></span> <span class='ocrx_word' id='word_1_211' title='bbox 1293 2989 1461 3046; x_wconf 87' lang='lat' dir='ltr'><strong>nobis</strong></span> <span class='ocrx_word' id='word_1_212' title='bbox 1483 2995 1624 3044; x_wconf 90' lang='lat' dir='ltr'><strong>sunt</strong></span> <span class='ocrx_word' id='word_1_213' title='bbox 1645 2989 1793 3044; x_wconf 84' lang='lat' dir='ltr'><strong>male</strong></span> <span class='ocrx_word' id='word_1_214' title='bbox 1815 2995 1980 3062; x_wconf 84' lang='lat' dir='ltr'><strong>gesta</strong></span> 
     </span>
    </p>
   </div>
   <div class='ocr_carea' id='block_1_31' title="bbox 323 3077 1976 3152">
    <p class='ocr_par' dir='ltr' id='par_1_31' title="bbox 323 3077 1976 3152">
     <span class='ocr_line' id='line_1_31' title="bbox 323 3077 1976 3152; baseline -0.001 -15"><span class='ocrx_word' id='word_1_215' title='bbox 323 3083 690 3152; x_wconf 85' lang='lat' dir='ltr'><strong>reducimus,</strong></span> <span class='ocrx_word' id='word_1_216' title='bbox 725 3087 780 3137; x_wconf 89' lang='lat' dir='ltr'><strong>et</strong></span> <span class='ocrx_word' id='word_1_217' title='bbox 812 3099 912 3152; x_wconf 87' lang='lat' dir='ltr'><strong>per</strong></span> <span class='ocrx_word' id='word_1_218' title='bbox 939 3081 1049 3137; x_wconf 88' lang='lat' dir='ltr'><strong>hoc</strong></span> <span class='ocrx_word' id='word_1_219' title='bbox 1078 3081 1231 3152; x_wconf 90' lang='lat' dir='ltr'><strong>quod</strong></span> <span class='ocrx_word' id='word_1_220' title='bbox 1279 3081 1419 3137; x_wconf 88' lang='lat' dir='ltr'><strong>i‘oris</strong></span> <span class='ocrx_word' id='word_1_221' title='bbox 1477 3081 1754 3152; x_wconf 87' lang='lat' dir='ltr'><strong>patimur,</strong></span> <span class='ocrx_word' id='word_1_222' title='bbox 1788 3077 1976 3152; x_wconf 86' lang='lat' dir='ltr'><strong>magis</strong></span> 
     </span>
    </p>
   </div>
   <div class='ocr_carea' id='block_1_32' title="bbox 323 3169 1976 3243">
    <p class='ocr_par' dir='ltr' id='par_1_32' title="bbox 323 3169 1976 3243">
     <span class='ocr_line' id='line_1_32' title="bbox 323 3169 1976 3243; baseline 0.001 -20"><span class='ocrx_word' id='word_1_223' title='bbox 323 3171 488 3226; x_wconf 86' lang='lat' dir='ltr'><strong>intus</strong></span> <span class='ocrx_word' id='word_1_224' title='bbox 515 3173 670 3243; x_wconf 88' lang='lat' dir='ltr'><strong>quod</strong></span> <span class='ocrx_word' id='word_1_225' title='bbox 735 3170 980 3226; x_wconf 80' lang='lat' dir='ltr'><strong>fecimus</strong></span> <span class='ocrx_word' id='word_1_226' title='bbox 1037 3169 1328 3226; x_wconf 88' lang='lat' dir='ltr'><strong>dolemus.</strong></span> <span class='ocrx_word' id='word_1_227' title='bbox 1389 3169 1550 3225; x_wconf 90' lang='lat' dir='ltr'><strong>Unde</strong></span> <span class='ocrx_word' id='word_1_228' title='bbox 1606 3169 1671 3224; x_wconf 87' lang='lat' dir='ltr'><strong>iit</strong></span> <span class='ocrx_word' id='word_1_229' title='bbox 1731 3169 1976 3224; x_wconf 87' lang='lat' dir='ltr'><strong>utinter</strong></span> 
     </span>
    </p>
   </div>
   <div class='ocr_carea' id='block_1_33' title="bbox 325 3257 1974 3331">
    <p class='ocr_par' dir='ltr' id='par_1_33' title="bbox 325 3257 1974 3331">
     <span class='ocr_line' id='line_1_33' title="bbox 325 3257 1974 3331; baseline -0.001 -17"><span class='ocrx_word' id='word_1_230' title='bbox 325 3265 526 3331; x_wconf 81' lang='lat' dir='ltr'><strong>aperta</strong></span> <span class='ocrx_word' id='word_1_231' title='bbox 557 3259 804 3316; x_wconf 82' lang='lat' dir='ltr'><strong>vulnera</strong></span> <span class='ocrx_word' id='word_1_232' title='bbox 835 3259 1094 3331; x_wconf 90' lang='lat' dir='ltr'><strong>corporis</strong></span> <span class='ocrx_word' id='word_1_233' title='bbox 1124 3259 1378 3330; x_wconf 87' lang='lat' dir='ltr'><strong>amplius</strong></span> <span class='ocrx_word' id='word_1_234' title='bbox 1420 3275 1527 3314; x_wconf 90' lang='lat' dir='ltr'><strong>nos</strong></span> <span class='ocrx_word' id='word_1_235' title='bbox 1575 3257 1774 3314; x_wconf 87' lang='lat' dir='ltr'><strong>abluat</strong></span> <span class='ocrx_word' id='word_1_236' title='bbox 1803 3258 1974 3330; x_wconf 81' lang='lat' dir='ltr'><strong>plaga</strong></span> 
     </span>
    </p>
   </div>
   <div class='ocr_carea' id='block_1_34' title="bbox 325 3347 1975 3422">
    <p class='ocr_par' dir='ltr' id='par_1_34' title="bbox 325 3347 1975 3422">
     <span class='ocr_line' id='line_1_34' title="bbox 325 3347 1975 3422; baseline -0.001 -18"><span class='ocrx_word' id='word_1_237' title='bbox 325 3359 547 3406; x_wconf 79' lang='lat' dir='ltr'><strong>secreta</strong></span> <span class='ocrx_word' id='word_1_238' title='bbox 576 3350 822 3416; x_wconf 83' lang='lat' dir='ltr'><strong>ventris,</strong></span> <span class='ocrx_word' id='word_1_239' title='bbox 855 3351 994 3422; x_wconf 87' lang='lat' dir='ltr'><strong>quia</strong></span> <span class='ocrx_word' id='word_1_240' title='bbox 1023 3353 1194 3405; x_wconf 90' lang='lat' dir='ltr'><strong>sanat</strong></span> <span class='ocrx_word' id='word_1_241' title='bbox 1249 3348 1547 3420; x_wconf 86' lang='lat' dir='ltr'><strong>nequitias</strong></span> <span class='ocrx_word' id='word_1_242' title='bbox 1589 3348 1750 3420; x_wconf 85' lang='lat' dir='ltr'><strong>pravi</strong></span> <span class='ocrx_word' id='word_1_243' title='bbox 1782 3347 1975 3420; x_wconf 87' lang='lat' dir='ltr'><strong>operis</strong></span> 
     </span>
    </p>
   </div>
   <div class='ocr_carea' id='block_1_35' title="bbox 317 3438 1137 3495">
    <p class='ocr_par' dir='ltr' id='par_1_35' title="bbox 317 3438 1137 3495">
     <span class='ocr_line' id='line_1_35' title="bbox 317 3438 1137 3495; baseline -0.004 0"><span class='ocrx_word' id='word_1_244' title='bbox 317 3441 625 3495; x_wconf 85' lang='lat' dir='ltr'><strong>occultum</strong></span> <span class='ocrx_word' id='word_1_245' title='bbox 657 3438 870 3494; x_wconf 88' lang='lat' dir='ltr'><strong>vulnus</strong></span> <span class='ocrx_word' id='word_1_246' title='bbox 901 3439 1137 3494; x_wconf 90' lang='lat' dir='ltr'><strong>doloris.</strong></span> 
     </span>
    </p>
   </div>
   <div class='ocr_carea' id='block_1_36' title="bbox 391 3526 1968 3599">
    <p class='ocr_par' dir='ltr' id='par_1_36' title="bbox 391 3526 1968 3599">
     <span class='ocr_line' id='line_1_36' title="bbox 391 3526 1968 3599; baseline -0.001 -15"><span class='ocrx_word' id='word_1_247' title='bbox 391 3527 764 3585; x_wconf 79' lang='lat' dir='ltr'><strong>Admonendi</strong></span> <span class='ocrx_word' id='word_1_248' title='bbox 786 3527 1070 3599; x_wconf 65' lang='lat' dir='ltr'><strong>suntmgri</strong></span> <span class='ocrx_word' id='word_1_249' title='bbox 1087 3531 1379 3599; x_wconf 87' lang='lat' dir='ltr'><strong>quatenus</strong></span> <span class='ocrx_word' id='word_1_250' title='bbox 1395 3526 1684 3598; x_wconf 59' lang='lat' dir='ltr'><strong>patientia:</strong></span> <span class='ocrx_word' id='word_1_251' title='bbox 1697 3526 1968 3583; x_wconf 90' lang='lat' dir='ltr'><strong>virtutem</strong></span> 
     </span>
    </p>
   </div>
   <div class='ocr_carea' id='block_1_37' title="bbox 318 3617 1970 3688">
    <p class='ocr_par' dir='ltr' id='par_1_37' title="bbox 318 3617 1970 3688">
     <span class='ocr_line' id='line_1_37' title="bbox 318 3617 1970 3688; baseline -0.001 -13"><span class='ocrx_word' id='word_1_252' title='bbox 318 3624 653 3684; x_wconf 80' lang='lat' dir='ltr'><strong>eervent,ut</strong></span> <span class='ocrx_word' id='word_1_253' title='bbox 676 3619 1034 3674; x_wconf 89' lang='lat' dir='ltr'><strong>incessanter</strong></span> <span class='ocrx_word' id='word_1_254' title='bbox 1055 3622 1276 3687; x_wconf 89' lang='lat' dir='ltr'><strong>quanta</strong></span> <span class='ocrx_word' id='word_1_255' title='bbox 1299 3617 1652 3688; x_wconf 80' lang='lat' dir='ltr'><strong>Redemptor</strong></span> <span class='ocrx_word' id='word_1_256' title='bbox 1673 3622 1868 3673; x_wconf 86' lang='lat' dir='ltr'><strong>noster</strong></span> <span class='ocrx_word' id='word_1_257' title='bbox 1899 3618 1970 3673; x_wconf 90' lang='lat' dir='ltr'><strong>ab</strong></span> 
     </span>
    </p>
   </div>
   <div class='ocr_carea' id='block_1_38' title="bbox 318 3706 1969 3780">
    <p class='ocr_par' dir='ltr' id='par_1_38' title="bbox 318 3706 1969 3780">
     <span class='ocr_line' id='line_1_38' title="bbox 318 3706 1969 3780; baseline -0.001 -18"><span class='ocrx_word' id='word_1_258' title='bbox 318 3709 414 3763; x_wconf 89' lang='lat' dir='ltr'><strong>his</strong></span> <span class='ocrx_word' id='word_1_259' title='bbox 440 3725 594 3780; x_wconf 85' lang='lat' dir='ltr'><strong>quos</strong></span> <span class='ocrx_word' id='word_1_260' title='bbox 621 3706 1186 3779; x_wconf 86' lang='lat' dir='ltr'><strong>creaverat,pertulit</strong></span> <span class='ocrx_word' id='word_1_261' title='bbox 1208 3706 1796 3774; x_wconf 77' lang='lat' dir='ltr'><strong>mala,eonsiderent;</strong></span> <span class='ocrx_word' id='word_1_262' title='bbox 1814 3707 1969 3777; x_wconf 91' lang='lat' dir='ltr'><strong>quod</strong></span> 
     </span>
    </p>
   </div>
   <div class='ocr_carea' id='block_1_39' title="bbox 316 3795 1972 3867">
    <p class='ocr_par' dir='ltr' id='par_1_39' title="bbox 316 3795 1972 3867">
     <span class='ocr_line' id='line_1_39' title="bbox 316 3795 1972 3867; baseline -0.001 -16"><span class='ocrx_word' id='word_1_263' title='bbox 316 3802 402 3852; x_wconf 80' lang='lat' dir='ltr'><strong>tot</strong></span> <span class='ocrx_word' id='word_1_264' title='bbox 432 3798 666 3866; x_wconf 72' lang='lat' dir='ltr'><strong>abiecta</strong></span> <span class='ocrx_word' id='word_1_265' title='bbox 695 3796 1087 3852; x_wconf 84' lang='lat' dir='ltr'><strong>conviciorum</strong></span> <span class='ocrx_word' id='word_1_266' title='bbox 1119 3796 1320 3867; x_wconf 84' lang='lat' dir='ltr'><strong>probra</strong></span> <span class='ocrx_word' id='word_1_267' title='bbox 1362 3795 1686 3863; x_wconf 87' lang='lat' dir='ltr'><strong>sustinuit;</strong></span> <span class='ocrx_word' id='word_1_268' title='bbox 1712 3795 1868 3867; x_wconf 89' lang='lat' dir='ltr'><strong>quod</strong></span> <span class='ocrx_word' id='word_1_269' title='bbox 1900 3797 1972 3850; x_wconf 92' lang='lat' dir='ltr'><strong>de</strong></span> 
     </span>
    </p>
   </div>
   <div class='ocr_carea' id='block_1_40' title="bbox 318 3884 1968 3956">
    <p class='ocr_par' dir='ltr' id='par_1_40' title="bbox 318 3884 1968 3956">
     <span class='ocr_line' id='line_1_40' title="bbox 318 3884 1968 3956; baseline 0 -16"><span class='ocrx_word' id='word_1_270' title='bbox 318 3903 496 3941; x_wconf 84' lang='lat' dir='ltr'><strong>manu</strong></span> <span class='ocrx_word' id='word_1_271' title='bbox 524 3886 750 3956; x_wconf 84' lang='lat' dir='ltr'><strong>antiqui</strong></span> <span class='ocrx_word' id='word_1_272' title='bbox 770 3884 955 3942; x_wconf 82' lang='lat' dir='ltr'><strong>hostis</strong></span> <span class='ocrx_word' id='word_1_273' title='bbox 975 3886 1330 3956; x_wconf 90' lang='lat' dir='ltr'><strong>captivorum</strong></span> <span class='ocrx_word' id='word_1_274' title='bbox 1347 3885 1576 3939; x_wconf 77' lang='lat' dir='ltr'><strong>an‘mas</strong></span> <span class='ocrx_word' id='word_1_275' title='bbox 1594 3884 1856 3955; x_wconf 88' lang='lat' dir='ltr'><strong>quotidie</strong></span> <span class='ocrx_word' id='word_1_276' title='bbox 1879 3902 1968 3940; x_wconf 91' lang='lat' dir='ltr'><strong>ra-</strong></span> 
     </span>
    </p>
   </div>
   <div class='ocr_carea' id='block_1_41' title="bbox 317 3973 1970 4046">
    <p class='ocr_par' dir='ltr' id='par_1_41' title="bbox 317 3973 1970 4046">
     <span class='ocr_line' id='line_1_41' title="bbox 317 3973 1970 4046; baseline 0.001 -18"><span class='ocrx_word' id='word_1_277' title='bbox 317 3974 930 4046; x_wconf 84' lang='lat' dir='ltr'><strong>piens,resultantium</strong></span> <span class='ocrx_word' id='word_1_278' title='bbox 945 3973 1146 4046; x_wconf 89' lang='lat' dir='ltr'><strong>alapas</strong></span> <span class='ocrx_word' id='word_1_279' title='bbox 1159 3976 1409 4045; x_wconf 87' lang='lat' dir='ltr'><strong>accepit;</strong></span> <span class='ocrx_word' id='word_1_280' title='bbox 1424 3975 1579 4044; x_wconf 91' lang='lat' dir='ltr'><strong>quod</strong></span> <span class='ocrx_word' id='word_1_281' title='bbox 1598 3989 1747 4045; x_wconf 86' lang='lat' dir='ltr'><strong>aqua</strong></span> <span class='ocrx_word' id='word_1_282' title='bbox 1761 3973 1970 4030; x_wconf 79' lang='lat' dir='ltr'><strong>salutis</strong></span> 
     </span>
    </p>
   </div>
   <div class='ocr_carea' id='block_1_42' title="bbox 318 4063 1972 4135">
    <p class='ocr_par' dir='ltr' id='par_1_42' title="bbox 318 4063 1972 4135">
     <span class='ocr_line' id='line_1_42' title="bbox 318 4063 1972 4135; baseline 0.001 -16"><span class='ocrx_word' id='word_1_283' title='bbox 318 4081 427 4120; x_wconf 88' lang='lat' dir='ltr'><strong>nos</strong></span> <span class='ocrx_word' id='word_1_284' title='bbox 445 4065 708 4128; x_wconf 86' lang='lat' dir='ltr'><strong>diluens,</strong></span> <span class='ocrx_word' id='word_1_285' title='bbox 729 4081 761 4117; x_wconf 78' lang='grc' dir='ltr'><strong>ει</strong></span> <span class='ocrx_word' id='word_1_286' title='bbox 788 4063 1141 4134; x_wconf 75' lang='lat' dir='ltr'><strong>perfidorum</strong></span> <span class='ocrx_word' id='word_1_287' title='bbox 1159 4063 1349 4135; x_wconf 88' lang='lat' dir='ltr'><strong>sputis</strong></span> <span class='ocrx_word' id='word_1_288' title='bbox 1373 4063 1569 4120; x_wconf 80' lang='lat' dir='ltr'><strong>iaciam</strong></span> <span class='ocrx_word' id='word_1_289' title='bbox 1595 4081 1709 4119; x_wconf 91' lang='lat' dir='ltr'><strong>non</strong></span> <span class='ocrx_word' id='word_1_290' title='bbox 1729 4063 1972 4120; x_wconf 86' lang='lat' dir='ltr'><strong>abscon-</strong></span> 
     </span>
    </p>
   </div>
   <div class='ocr_carea' id='block_1_43' title="bbox 315 4151 1969 4224">
    <p class='ocr_par' dir='ltr' id='par_1_43' title="bbox 315 4151 1969 4224">
     <span class='ocr_line' id='line_1_43' title="bbox 315 4151 1969 4224; baseline 0 -17"><span class='ocrx_word' id='word_1_291' title='bbox 315 4154 441 4220; x_wconf 83' lang='lat' dir='ltr'><strong>dit;</strong></span> <span class='ocrx_word' id='word_1_292' title='bbox 466 4153 546 4222; x_wconf 77' lang='grc' dir='ltr'><strong>(ὁ)</strong></span> <span class='ocrx_word' id='word_1_293' title='bbox 570 4153 724 4224; x_wconf 81' lang='lat' dir='ltr'><strong>quod</strong></span> <span class='ocrx_word' id='word_1_294' title='bbox 744 4151 1240 4209; x_wconf 83' lang='lat' dir='ltr'><strong>advocationesua</strong></span> <span class='ocrx_word' id='word_1_295' title='bbox 1263 4169 1370 4208; x_wconf 88' lang='lat' dir='ltr'><strong>nos</strong></span> <span class='ocrx_word' id='word_1_296' title='bbox 1391 4152 1463 4208; x_wconf 88' lang='lat' dir='ltr'><strong>ab</strong></span> <span class='ocrx_word' id='word_1_297' title='bbox 1487 4151 1720 4208; x_wconf 67' lang='lat' dir='ltr'><strong>aeternis</strong></span> <span class='ocrx_word' id='word_1_298' title='bbox 1741 4152 1969 4224; x_wconf 85' lang='lat' dir='ltr'><strong>suppli-</strong></span> 
     </span>
    </p>
   </div>
   <div class='ocr_carea' id='block_1_44' title="bbox 313 4239 1969 4313">
    <p class='ocr_par' dir='ltr' id='par_1_44' title="bbox 313 4239 1969 4313">
     <span class='ocr_line' id='line_1_44' title="bbox 313 4239 1969 4313; baseline 0.001 -17"><span class='ocrx_word' id='word_1_299' title='bbox 313 4241 426 4296; x_wconf 88' lang='lat' dir='ltr'><strong>ciis</strong></span> <span class='ocrx_word' id='word_1_300' title='bbox 459 4241 735 4307; x_wconf 85' lang='lat' dir='ltr'><strong>liberans,</strong></span> <span class='ocrx_word' id='word_1_301' title='bbox 768 4241 979 4296; x_wconf 87' lang='lat' dir='ltr'><strong>tacitus</strong></span> <span class='ocrx_word' id='word_1_302' title='bbox 1007 4239 1236 4312; x_wconf 89' lang='lat' dir='ltr'><strong>ﬂagella</strong></span> <span class='ocrx_word' id='word_1_303' title='bbox 1275 4240 1577 4308; x_wconf 85' lang='lat' dir='ltr'><strong>toleravit;</strong></span> <span class='ocrx_word' id='word_1_304' title='bbox 1629 4241 1784 4313; x_wconf 90' lang='lat' dir='ltr'><strong>quod</strong></span> <span class='ocrx_word' id='word_1_305' title='bbox 1818 4243 1969 4297; x_wconf 87' lang='lat' dir='ltr'><strong>inter</strong></span> 
     </span>
    </p>
   </div>
   <div class='ocr_carea' id='block_1_45' title="bbox 313 4327 1964 4402">
    <p class='ocr_par' dir='ltr' id='par_1_45' title="bbox 313 4327 1964 4402">
     <span class='ocr_line' id='line_1_45' title="bbox 313 4327 1964 4402; baseline 0 -17"><span class='ocrx_word' id='word_1_306' title='bbox 313 4328 664 4402; x_wconf 77' lang='lat' dir='ltr'><strong>angelorum</strong></span> <span class='ocrx_word' id='word_1_307' title='bbox 688 4329 896 4385; x_wconf 86' lang='lat' dir='ltr'><strong>choros</strong></span> <span class='ocrx_word' id='word_1_308' title='bbox 920 4345 1204 4400; x_wconf 87' lang='lat' dir='ltr'><strong>perennes</strong></span> <span class='ocrx_word' id='word_1_309' title='bbox 1222 4327 1390 4384; x_wconf 90' lang='lat' dir='ltr'><strong>nobis</strong></span> <span class='ocrx_word' id='word_1_310' title='bbox 1412 4329 1656 4385; x_wconf 88' lang='lat' dir='ltr'><strong>honores</strong></span> <span class='ocrx_word' id='word_1_311' title='bbox 1679 4330 1964 4400; x_wconf 88' lang='lat' dir='ltr'><strong>tribuens,</strong></span> 
     </span>
    </p>
   </div>
   <div class='ocr_carea' id='block_1_46' title="bbox 314 4417 1966 4490">
    <p class='ocr_par' dir='ltr' id='par_1_46' title="bbox 314 4417 1966 4490">
     <span class='ocr_line' id='line_1_46' title="bbox 314 4417 1966 4490; baseline 0.001 -18"><span class='ocrx_word' id='word_1_312' title='bbox 314 4418 597 4488; x_wconf 81' lang='lat' dir='ltr'><strong>colaphos</strong></span> <span class='ocrx_word' id='word_1_313' title='bbox 630 4417 901 4487; x_wconf 82' lang='lat' dir='ltr'><strong>pertulit;</strong></span> <span class='ocrx_word' id='word_1_314' title='bbox 935 4417 1094 4488; x_wconf 86' lang='lat' dir='ltr'><strong>quod</strong></span> <span class='ocrx_word' id='word_1_315' title='bbox 1123 4434 1157 4471; x_wconf 74' lang='grc' dir='ltr'><strong>ιι</strong></span> <span class='ocrx_word' id='word_1_316' title='bbox 1190 4424 1559 4489; x_wconf 89' lang='lat' dir='ltr'><strong>peccatorum</strong></span> <span class='ocrx_word' id='word_1_317' title='bbox 1581 4434 1686 4474; x_wconf 88' lang='lat' dir='ltr'><strong>nos</strong></span> <span class='ocrx_word' id='word_1_318' title='bbox 1703 4418 1966 4490; x_wconf 85' lang='lat' dir='ltr'><strong>punctio-</strong></span> 
     </span>
    </p>
   </div>
   <div class='ocr_carea' id='block_1_47' title="bbox 316 4504 1961 4578">
    <p class='ocr_par' dir='ltr' id='par_1_47' title="bbox 316 4504 1961 4578">
     <span class='ocr_line' id='line_1_47' title="bbox 316 4504 1961 4578; baseline 0 -18"><span class='ocrx_word' id='word_1_319' title='bbox 316 4507 492 4561; x_wconf 85' lang='lat' dir='ltr'><strong>nibus</strong></span> <span class='ocrx_word' id='word_1_320' title='bbox 512 4504 964 4576; x_wconf 80' lang='lat' dir='ltr'><strong>salvans,spinis</strong></span> <span class='ocrx_word' id='word_1_321' title='bbox 977 4514 1152 4576; x_wconf 86' lang='lat' dir='ltr'><strong>caput</strong></span> <span class='ocrx_word' id='word_1_322' title='bbox 1167 4522 1497 4578; x_wconf 88' lang='lat' dir='ltr'><strong>supponere</strong></span> <span class='ocrx_word' id='word_1_323' title='bbox 1515 4523 1629 4562; x_wconf 91' lang='lat' dir='ltr'><strong>non</strong></span> <span class='ocrx_word' id='word_1_324' title='bbox 1647 4511 1961 4575; x_wconf 79' lang='lat' dir='ltr'><strong>recusavit;</strong></span> 
     </span>
    </p>
   </div>
   <div class='ocr_carea' id='block_1_48' title="bbox 313 4594 1967 4667">
    <p class='ocr_par' dir='ltr' id='par_1_48' title="bbox 313 4594 1967 4667">
     <span class='ocr_line' id='line_1_48' title="bbox 313 4594 1967 4667; baseline 0.001 -17"><span class='ocrx_word' id='word_1_325' title='bbox 313 4598 469 4667; x_wconf 85' lang='lat' dir='ltr'><strong>quod</strong></span> <span class='ocrx_word' id='word_1_326' title='bbox 492 4600 710 4650; x_wconf 65' lang='lat' dir='ltr'><strong>aeterno</strong></span> <span class='ocrx_word' id='word_1_327' title='bbox 737 4611 840 4650; x_wconf 90' lang='lat' dir='ltr'><strong>nos</strong></span> <span class='ocrx_word' id='word_1_328' title='bbox 862 4595 1171 4651; x_wconf 89' lang='lat' dir='ltr'><strong>dulcedine</strong></span> <span class='ocrx_word' id='word_1_329' title='bbox 1188 4595 1483 4652; x_wconf 84' lang='lat' dir='ltr'><strong>inebrians</strong></span> <span class='ocrx_word' id='word_1_330' title='bbox 1505 4595 1564 4650; x_wconf 91' lang='lat' dir='ltr'><strong>in</strong></span> <span class='ocrx_word' id='word_1_331' title='bbox 1579 4594 1672 4650; x_wconf 85' lang='lat' dir='ltr'><strong>siti</strong></span> <span class='ocrx_word' id='word_1_332' title='bbox 1692 4612 1798 4650; x_wconf 87' lang='lat' dir='ltr'><strong>sua</strong></span> <span class='ocrx_word' id='word_1_333' title='bbox 1818 4594 1967 4652; x_wconf 78' lang='lat' dir='ltr'><strong>fellis</strong></span> 
     </span>
    </p>
   </div>
   <div class='ocr_carea' id='block_1_49' title="bbox 314 4681 1964 4757">
    <p class='ocr_par' dir='ltr' id='par_1_49' title="bbox 314 4681 1964 4757">
     <span class='ocr_line' id='line_1_49' title="bbox 314 4681 1964 4757; baseline 0.001 -18"><span class='ocrx_word' id='word_1_334' title='bbox 314 4685 772 4740; x_wconf 79' lang='lat' dir='ltr'><strong>auinritudinem</strong></span> <span class='ocrx_word' id='word_1_335' title='bbox 795 4686 1050 4755; x_wconf 88' lang='lat' dir='ltr'><strong>accepit;</strong></span> <span class='ocrx_word' id='word_1_336' title='bbox 1074 4685 1226 4754; x_wconf 88' lang='lat' dir='ltr'><strong>quod</strong></span> <span class='ocrx_word' id='word_1_337' title='bbox 1250 4685 1347 4755; x_wconf 92' lang='lat' dir='ltr'><strong>qui</strong></span> <span class='ocrx_word' id='word_1_338' title='bbox 1373 4702 1476 4757; x_wconf 90' lang='lat' dir='ltr'><strong>pro</strong></span> <span class='ocrx_word' id='word_1_339' title='bbox 1499 4685 1669 4741; x_wconf 91' lang='lat' dir='ltr'><strong>nobis</strong></span> <span class='ocrx_word' id='word_1_340' title='bbox 1718 4681 1964 4754; x_wconf 81' lang='lat' dir='ltr'><strong>Patrem,</strong></span> 
     </span>
    </p>
   </div>
   <div class='ocr_carea' id='block_1_50' title="bbox 314 4769 1962 4842">
    <p class='ocr_par' dir='ltr' id='par_1_50' title="bbox 314 4769 1962 4842">
     <span class='ocr_line' id='line_1_50' title="bbox 314 4769 1962 4842; baseline 0.001 -17"><span class='ocrx_word' id='word_1_341' title='bbox 314 4769 589 4842; x_wconf 81' lang='lat' dir='ltr'><strong>quamvis</strong></span> <span class='ocrx_word' id='word_1_342' title='bbox 609 4770 908 4826; x_wconf 84' lang='lat' dir='ltr'><strong>divinitate</strong></span> <span class='ocrx_word' id='word_1_343' title='bbox 927 4776 1082 4828; x_wconf 83' lang='lat' dir='ltr'><strong>esset</strong></span> <span class='ocrx_word' id='word_1_344' title='bbox 1105 4770 1660 4842; x_wconf 67' lang='lat' dir='ltr'><strong>tequelis,adoravit,</strong></span> <span class='ocrx_word' id='word_1_345' title='bbox 1693 4771 1804 4828; x_wconf 86' lang='lat' dir='ltr'><strong>sub</strong></span> <span class='ocrx_word' id='word_1_346' title='bbox 1828 4771 1962 4826; x_wconf 79' lang='lat' dir='ltr'><strong>irri-</strong></span> 
     </span>
    </p>
   </div>
   <div class='ocr_carea' id='block_1_51' title="bbox 313 4859 1964 4932">
    <p class='ocr_par' dir='ltr' id='par_1_51' title="bbox 313 4859 1964 4932">
     <span class='ocr_line' id='line_1_51' title="bbox 313 4859 1964 4932; baseline 0.001 -18"><span class='ocrx_word' id='word_1_347' title='bbox 313 4863 479 4915; x_wconf 83' lang='lat' dir='ltr'><strong>sione</strong></span> <span class='ocrx_word' id='word_1_348' title='bbox 496 4859 777 4916; x_wconf 87' lang='lat' dir='ltr'><strong>adoratus</strong></span> <span class='ocrx_word' id='word_1_349' title='bbox 797 4860 981 4914; x_wconf 86' lang='lat' dir='ltr'><strong>tacuit</strong></span> <span class='ocrx_word' id='word_1_350' title='bbox 1005 4876 1019 4928; x_wconf 86' lang='lat'><strong>;</strong></span> <span class='ocrx_word' id='word_1_351' title='bbox 1043 4861 1197 4932; x_wconf 87' lang='lat' dir='ltr'><strong>quod</strong></span> <span class='ocrx_word' id='word_1_352' title='bbox 1229 4860 1410 4916; x_wconf 88' lang='lat' dir='ltr'><strong>vitam</strong></span> <span class='ocrx_word' id='word_1_353' title='bbox 1461 4859 1710 4916; x_wconf 87' lang='lat' dir='ltr'><strong>mortuis</strong></span> <span class='ocrx_word' id='word_1_354' title='bbox 1743 4877 1964 4932; x_wconf 73' lang='lat' dir='ltr'><strong>praepa-</strong></span> 
     </span>
    </p>
   </div>
   <div class='ocr_carea' id='block_1_52' title="bbox 313 4943 1965 5021">
    <p class='ocr_par' dir='ltr' id='par_1_52' title="bbox 313 4943 1965 5021">
     <span class='ocr_line' id='line_1_52' title="bbox 313 4943 1965 5021; baseline 0.001 -18"><span class='ocrx_word' id='word_1_355' title='bbox 313 4964 477 5012; x_wconf 85' lang='lat' dir='ltr'><strong>rans,</strong></span> <span class='ocrx_word' id='word_1_356' title='bbox 505 4963 694 5019; x_wconf 83' lang='lat' dir='ltr'><strong>usque</strong></span> <span class='ocrx_word' id='word_1_357' title='bbox 711 4949 782 5002; x_wconf 85' lang='lat' dir='ltr'><strong>ad</strong></span> <span class='ocrx_word' id='word_1_358' title='bbox 809 4953 1044 5004; x_wconf 90' lang='lat' dir='ltr'><strong>mortem</strong></span> <span class='ocrx_word' id='word_1_359' title='bbox 1071 4949 1194 5021; x_wconf 89' lang='lat' dir='ltr'><strong>ipse</strong></span> <span class='ocrx_word' id='word_1_360' title='bbox 1207 4948 1323 5005; x_wconf 85' lang='lat' dir='ltr'><strong>vita</strong></span> <span class='ocrx_word' id='word_1_361' title='bbox 1349 4949 1746 5020; x_wconf 85' lang='lat' dir='ltr'><strong>pervenit.Cur</strong></span> <span class='ocrx_word' id='word_1_362' title='bbox 1765 4943 1965 5020; x_wconf 84' lang='lat' dir='ltr'><strong>itaque</strong></span> 
     </span>
    </p>
   </div>
   <div class='ocr_carea' id='block_1_53' title="bbox 315 5036 1964 5110">
    <p class='ocr_par' dir='ltr' id='par_1_53' title="bbox 315 5036 1964 5110">
     <span class='ocr_line' id='line_1_53' title="bbox 315 5036 1964 5110; baseline 0.001 -19"><span class='ocrx_word' id='word_1_363' title='bbox 315 5053 591 5106; x_wconf 84' lang='lat' dir='ltr'><strong>asperum</strong></span> <span class='ocrx_word' id='word_1_364' title='bbox 616 5037 891 5106; x_wconf 87' lang='lat' dir='ltr'><strong>creditur,</strong></span> <span class='ocrx_word' id='word_1_365' title='bbox 911 5044 1023 5092; x_wconf 91' lang='lat' dir='ltr'><strong>uta</strong></span> <span class='ocrx_word' id='word_1_366' title='bbox 1043 5036 1158 5092; x_wconf 90' lang='lat' dir='ltr'><strong>Deo</strong></span> <span class='ocrx_word' id='word_1_367' title='bbox 1180 5037 1355 5094; x_wconf 88' lang='lat' dir='ltr'><strong>homo</strong></span> <span class='ocrx_word' id='word_1_368' title='bbox 1373 5037 1577 5094; x_wconf 90' lang='lat' dir='ltr'><strong>toleret</strong></span> <span class='ocrx_word' id='word_1_369' title='bbox 1601 5036 1831 5110; x_wconf 87' lang='lat' dir='ltr'><strong>ﬂagella</strong></span> <span class='ocrx_word' id='word_1_370' title='bbox 1862 5054 1964 5109; x_wconf 90' lang='lat' dir='ltr'><strong>pro</strong></span> 
     </span>
    </p>
   </div>
   <div class='ocr_carea' id='block_1_54' title="bbox 315 5125 1965 5200">
    <p class='ocr_par' dir='ltr' id='par_1_54' title="bbox 315 5125 1965 5200">
     <span class='ocr_line' id='line_1_54' title="bbox 315 5125 1965 5200; baseline 0.002 -20"><span class='ocrx_word' id='word_1_371' title='bbox 315 5127 510 5195; x_wconf 81' lang='lat' dir='ltr'><strong>malis,</strong></span> <span class='ocrx_word' id='word_1_372' title='bbox 535 5127 583 5183; x_wconf 88' lang='lat' dir='ltr'><strong>si</strong></span> <span class='ocrx_word' id='word_1_373' title='bbox 615 5133 777 5183; x_wconf 87' lang='lat' dir='ltr'><strong>tanta</strong></span> <span class='ocrx_word' id='word_1_374' title='bbox 797 5132 945 5184; x_wconf 89' lang='lat' dir='ltr'><strong>Dcus</strong></span> <span class='ocrx_word' id='word_1_375' title='bbox 973 5129 1044 5182; x_wconf 86' lang='lat' dir='ltr'><strong>ab</strong></span> <span class='ocrx_word' id='word_1_376' title='bbox 1067 5127 1402 5184; x_wconf 89' lang='lat' dir='ltr'><strong>hominibus</strong></span> <span class='ocrx_word' id='word_1_377' title='bbox 1420 5125 1660 5199; x_wconf 89' lang='lat' dir='ltr'><strong>pertulit</strong></span> <span class='ocrx_word' id='word_1_378' title='bbox 1685 5128 1838 5183; x_wconf 89' lang='lat' dir='ltr'><strong>mala</strong></span> <span class='ocrx_word' id='word_1_379' title='bbox 1864 5142 1965 5200; x_wconf 92' lang='lat' dir='ltr'><strong>pro</strong></span> 
     </span>
    </p>
   </div>
   <div class='ocr_carea' id='block_1_55' title="bbox 312 5215 1964 5288">
    <p class='ocr_par' dir='ltr' id='par_1_55' title="bbox 312 5215 1964 5288">
     <span class='ocr_line' id='line_1_55' title="bbox 312 5215 1964 5288; baseline 0.002 -19"><span class='ocrx_word' id='word_1_380' title='bbox 312 5215 534 5273; x_wconf 78' lang='lat' dir='ltr'><strong>bonis?</strong></span> <span class='ocrx_word' id='word_1_381' title='bbox 563 5224 676 5271; x_wconf 75' lang='lat' dir='ltr'><strong>Aut</strong></span> <span class='ocrx_word' id='word_1_382' title='bbox 708 5217 840 5288; x_wconf 89' lang='lat' dir='ltr'><strong>quis</strong></span> <span class='ocrx_word' id='word_1_383' title='bbox 871 5233 1016 5273; x_wconf 79' lang='lat' dir='ltr'><strong>sana</strong></span> <span class='ocrx_word' id='word_1_384' title='bbox 1041 5216 1428 5288; x_wconf 82' lang='lat' dir='ltr'><strong>intelligentia</strong></span> <span class='ocrx_word' id='word_1_385' title='bbox 1469 5217 1541 5273; x_wconf 91' lang='lat' dir='ltr'><strong>de</strong></span> <span class='ocrx_word' id='word_1_386' title='bbox 1589 5216 1964 5288; x_wconf 89' lang='lat' dir='ltr'><strong>percussione</strong></span> 
     </span>
    </p>
   </div>
   <div class='ocr_carea' id='block_1_56' title="bbox 310 5304 1962 5379">
    <p class='ocr_par' dir='ltr' id='par_1_56' title="bbox 310 5304 1962 5379">
     <span class='ocr_line' id='line_1_56' title="bbox 310 5304 1962 5379; baseline 0.004 -22"><span class='ocrx_word' id='word_1_387' title='bbox 310 5319 418 5358; x_wconf 85' lang='lat' dir='ltr'><strong>sua</strong></span> <span class='ocrx_word' id='word_1_388' title='bbox 450 5306 718 5375; x_wconf 79' lang='lat' dir='ltr'><strong>ingratus</strong></span> <span class='ocrx_word' id='word_1_389' title='bbox 740 5307 965 5372; x_wconf 80' lang='lat' dir='ltr'><strong>existat,</strong></span> <span class='ocrx_word' id='word_1_390' title='bbox 997 5321 1060 5361; x_wconf 85' lang='lat' dir='ltr'><strong>se</strong></span> <span class='ocrx_word' id='word_1_391' title='bbox 1089 5305 1215 5377; x_wconf 86' lang='lat' dir='ltr'><strong>ipse</strong></span> <span class='ocrx_word' id='word_1_392' title='bbox 1255 5304 1394 5362; x_wconf 88' lang='lat' dir='ltr'><strong>hinc</strong></span> <span class='ocrx_word' id='word_1_393' title='bbox 1427 5305 1554 5362; x_wconf 87' lang='lat' dir='ltr'><strong>sine</strong></span> <span class='ocrx_word' id='word_1_394' title='bbox 1587 5304 1816 5379; x_wconf 86' lang='lat' dir='ltr'><strong>ﬂagello</strong></span> <span class='ocrx_word' id='word_1_395' title='bbox 1849 5323 1962 5363; x_wconf 90' lang='lat' dir='ltr'><strong>non</strong></span> 
     </span>
    </p>
   </div>
   <div class='ocr_carea' id='block_1_57' title="bbox 311 5393 1380 5469">
    <p class='ocr_par' dir='ltr' id='par_1_57' title="bbox 311 5393 1380 5469">
     <span class='ocr_line' id='line_1_57' title="bbox 311 5393 1380 5469; baseline -0.002 -17"><span class='ocrx_word' id='word_1_396' title='bbox 311 5396 475 5461; x_wconf 79' lang='lat' dir='ltr'><strong>exiit,</strong></span> <span class='ocrx_word' id='word_1_397' title='bbox 509 5397 612 5468; x_wconf 90' lang='lat' dir='ltr'><strong>qui</strong></span> <span class='ocrx_word' id='word_1_398' title='bbox 648 5396 742 5453; x_wconf 87' lang='lat' dir='ltr'><strong>hic</strong></span> <span class='ocrx_word' id='word_1_399' title='bbox 772 5396 900 5452; x_wconf 89' lang='lat' dir='ltr'><strong>sine</strong></span> <span class='ocrx_word' id='word_1_400' title='bbox 930 5403 1169 5469; x_wconf 87' lang='lat' dir='ltr'><strong>peccato</strong></span> <span class='ocrx_word' id='word_1_401' title='bbox 1192 5393 1380 5452; x_wconf 81' lang='lat' dir='ltr'><strong>vixit?</strong></span> 
     </span>
    </p>
   </div>
   <div class='ocr_carea' id='block_1_58' title="bbox 378 5596 1249 5744">
    <p class='ocr_par' dir='ltr' id='par_1_58' title="bbox 378 5596 1249 5744">
     <span class='ocr_line' id='line_1_58' title="bbox 378 5596 1249 5744; baseline -0.006 -10"><span class='ocrx_word' id='word_1_402' title='bbox 378 5599 462 5744; x_wconf 73' lang='lat' dir='ltr'><strong>lt)</strong></span> <span class='ocrx_word' id='word_1_403' title='bbox 493 5596 1249 5732; x_wconf 54' lang='grc' dir='ltr'><strong>ἓὲῗὲςθὲξὶθέξῗέειέιτὲἰῖἓε</strong></span> 
     </span>
    </p>
   </div>
   <div class='ocr_carea' id='block_1_59' title="bbox 375 5667 1962 5745">
    <p class='ocr_par' dir='ltr' id='par_1_59' title="bbox 375 5667 1962 5745">
     <span class='ocr_line' id='line_1_59' title="bbox 375 5667 1962 5745; baseline -0.004 -11"><span class='ocrx_word' id='word_1_404' title='bbox 375 5667 460 5744; x_wconf 70' lang='lat' dir='ltr'><strong>te)</strong></span> <span class='ocrx_word' id='word_1_405' title='bbox 493 5667 648 5728; x_wconf 74' lang='lat' dir='ltr'><strong>eam</strong></span> <span class='ocrx_word' id='word_1_406' title='bbox 678 5667 1274 5732; x_wconf 64' lang='lat' dir='ltr'><strong>animantum».</strong></span> <span class='ocrx_word' id='word_1_407' title='bbox 1335 5670 1560 5745; x_wconf 63' lang='lat' dir='ltr'><strong>auctio.</strong></span> <span class='ocrx_word' id='word_1_408' title='bbox 1621 5674 1679 5730; x_wconf 81' lang='lat' dir='ltr'><strong>st</strong></span> <span class='ocrx_word' id='word_1_409' title='bbox 1722 5670 1962 5739; x_wconf 76' lang='lat' dir='ltr'><strong>nostris,</strong></span> 
     </span>
    </p>
   </div>
   <div class='ocr_carea' id='block_1_60' title="bbox 2480 485 3366 561">
    <p class='ocr_par' dir='ltr' id='par_1_60' title="bbox 2480 485 3366 561">
     <span class='ocr_line' id='line_1_60' title="bbox 2480 485 3366 561; baseline 0.001 -18"><span class='ocrx_word' id='word_1_410' title='bbox 2480 485 2711 543; x_wconf 74' lang='lat' dir='ltr'><strong>CAPUT</strong></span> <span class='ocrx_word' id='word_1_411' title='bbox 2751 487 2880 544; x_wconf 82' lang='lat' dir='ltr'><strong>Xlll</strong></span> <span class='ocrx_word' id='word_1_412' title='bbox 2919 488 3025 561; x_wconf 78' lang='grc' dir='ltr'><strong>[Αε.</strong></span> <span class='ocrx_word' id='word_1_413' title='bbox 3059 487 3366 561; x_wconf 80' lang='lat' dir='ltr'><strong>xxxvn].</strong></span> 
     </span>
    </p>
   </div>
   <div class='ocr_carea' id='block_1_61' title="bbox 2182 576 3656 650">
    <p class='ocr_par' dir='ltr' id='par_1_61' title="bbox 2182 576 3656 650">
     <span class='ocr_line' id='line_1_61' title="bbox 2182 576 3656 650; baseline 0.001 -18"><span class='ocrx_word' id='word_1_414' title='bbox 2182 576 2450 646; x_wconf 84' lang='lat' dir='ltr'><strong>Quomodo</strong></span> <span class='ocrx_word' id='word_1_415' title='bbox 2471 576 2802 632; x_wconf 76' lang='lat' dir='ltr'><strong>admonendi</strong></span> <span class='ocrx_word' id='word_1_416' title='bbox 2825 579 2921 647; x_wconf 84' lang='lat' dir='ltr'><strong>qui</strong></span> <span class='ocrx_word' id='word_1_417' title='bbox 2941 579 3162 648; x_wconf 75' lang='lat' dir='ltr'><strong>ﬂagella</strong></span> <span class='ocrx_word' id='word_1_418' title='bbox 3186 584 3454 646; x_wconf 86' lang='lat' dir='ltr'><strong>metuunt,</strong></span> <span class='ocrx_word' id='word_1_419' title='bbox 3489 587 3538 635; x_wconf 83' lang='lat' dir='ltr'><strong>et</strong></span> <span class='ocrx_word' id='word_1_420' title='bbox 3559 580 3656 650; x_wconf 86' lang='lat' dir='ltr'><strong>qui</strong></span> 
     </span>
    </p>
   </div>
   <div class='ocr_carea' id='block_1_62' title="bbox 2725 657 3098 706">
    <p class='ocr_par' dir='ltr' id='par_1_62' title="bbox 2725 657 3098 706">
     <span class='ocr_line' id='line_1_62' title="bbox 2725 657 3098 706; baseline 0.008 -3"><span class='ocrx_word' id='word_1_421' title='bbox 2725 657 3098 706; x_wconf 82' lang='lat' dir='ltr'><strong>contemnunt.</strong></span> 
     </span>
    </p>
   </div>
   <div class='ocr_carea' id='block_1_63' title="bbox 2164 737 3745 815">
    <p class='ocr_par' dir='ltr' id='par_1_63' title="bbox 2164 737 3745 815">
     <span class='ocr_line' id='line_1_63' title="bbox 2164 737 3745 815; baseline 0.004 -23"><span class='ocrx_word' id='word_1_422' title='bbox 2164 737 2500 809; x_wconf 75' lang='lat' dir='ltr'><strong>(Admonitio</strong></span> <span class='ocrx_word' id='word_1_423' title='bbox 2528 737 2817 808; x_wconf 70' lang='lat' dir='ltr'><strong>l-i)..iliter</strong></span> <span class='ocrx_word' id='word_1_424' title='bbox 2843 740 3191 794; x_wconf 87' lang='lat' dir='ltr'><strong>admonendi</strong></span> <span class='ocrx_word' id='word_1_425' title='bbox 3215 746 3358 796; x_wconf 90' lang='lat' dir='ltr'><strong>sunt</strong></span> <span class='ocrx_word' id='word_1_426' title='bbox 3393 743 3492 812; x_wconf 91' lang='lat' dir='ltr'><strong>qui</strong></span> <span class='ocrx_word' id='word_1_427' title='bbox 3516 742 3745 815; x_wconf 81' lang='lat' dir='ltr'><strong>ﬂagella</strong></span> 
     </span>
    </p>
   </div>
   <div class='ocr_carea' id='block_1_64' title="bbox 2091 826 3743 900">
    <p class='ocr_par' dir='ltr' id='par_1_64' title="bbox 2091 826 3743 900">
     <span class='ocr_line' id='line_1_64' title="bbox 2091 826 3743 900; baseline 0.004 -19"><span class='ocrx_word' id='word_1_428' title='bbox 2091 833 2279 882; x_wconf 79' lang='lat' dir='ltr'><strong>metut.</strong></span> <span class='ocrx_word' id='word_1_429' title='bbox 2295 831 2378 893; x_wconf 88' lang='lat' dir='ltr'><strong>nt,</strong></span> <span class='ocrx_word' id='word_1_430' title='bbox 2405 826 2505 884; x_wconf 72' lang='lat'><strong>52</strong></span> <span class='ocrx_word' id='word_1_431' title='bbox 2529 831 2584 881; x_wconf 90' lang='lat' dir='ltr'><strong>et</strong></span> <span class='ocrx_word' id='word_1_432' title='bbox 2617 828 3532 900; x_wconf 68' lang='lat' dir='ltr'><strong>proptereainnocentervivunt;</strong></span> <span class='ocrx_word' id='word_1_433' title='bbox 3574 837 3743 900; x_wconf 79' lang='lat' dir='ltr'><strong>atque</strong></span> 
     </span>
    </p>
   </div>
   <div class='ocr_carea' id='block_1_65' title="bbox 2089 915 3738 990">
    <p class='ocr_par' dir='ltr' id='par_1_65' title="bbox 2089 915 3738 990">
     <span class='ocr_line' id='line_1_65' title="bbox 2089 915 3738 990; baseline 0.003 -19"><span class='ocrx_word' id='word_1_434' title='bbox 2089 916 2255 972; x_wconf 88' lang='lat' dir='ltr'><strong>aliter</strong></span> <span class='ocrx_word' id='word_1_435' title='bbox 2286 915 2640 972; x_wconf 86' lang='lat' dir='ltr'><strong>admonendi</strong></span> <span class='ocrx_word' id='word_1_436' title='bbox 2677 923 2836 982; x_wconf 88' lang='lat' dir='ltr'><strong>sunt,</strong></span> <span class='ocrx_word' id='word_1_437' title='bbox 2869 917 2962 984; x_wconf 85' lang='lat' dir='ltr'><strong>qui</strong></span> <span class='ocrx_word' id='word_1_438' title='bbox 2990 919 3073 972; x_wconf 90' lang='lat' dir='ltr'><strong>sic</strong></span> <span class='ocrx_word' id='word_1_439' title='bbox 3106 918 3162 972; x_wconf 90' lang='lat' dir='ltr'><strong>in</strong></span> <span class='ocrx_word' id='word_1_440' title='bbox 3196 919 3501 990; x_wconf 80' lang='lat' dir='ltr'><strong>iniquitate</strong></span> <span class='ocrx_word' id='word_1_441' title='bbox 3528 921 3738 977; x_wconf 85' lang='lat' dir='ltr'><strong>durue-</strong></span> 
     </span>
    </p>
   </div>
   <div class='ocr_carea' id='block_1_66' title="bbox 2088 1005 3737 1078">
    <p class='ocr_par' dir='ltr' id='par_1_66' title="bbox 2088 1005 3737 1078">
     <span class='ocr_line' id='line_1_66' title="bbox 2088 1005 3737 1078; baseline 0.004 -18"><span class='ocrx_word' id='word_1_442' title='bbox 2088 1009 2245 1073; x_wconf 91' lang='lat' dir='ltr'><strong>runt,</strong></span> <span class='ocrx_word' id='word_1_443' title='bbox 2277 1010 2338 1060; x_wconf 91' lang='lat' dir='ltr'><strong>ut</strong></span> <span class='ocrx_word' id='word_1_444' title='bbox 2369 1018 2555 1074; x_wconf 83' lang='lat' dir='ltr'><strong>neque</strong></span> <span class='ocrx_word' id='word_1_445' title='bbox 2588 1019 2688 1075; x_wconf 87' lang='lat' dir='ltr'><strong>per</strong></span> <span class='ocrx_word' id='word_1_446' title='bbox 2727 1005 2954 1076; x_wconf 88' lang='lat' dir='ltr'><strong>ﬂagella</strong></span> <span class='ocrx_word' id='word_1_447' title='bbox 3001 1006 3386 1078; x_wconf 81' lang='lat' dir='ltr'><strong>corrigantur.</strong></span> <span class='ocrx_word' id='word_1_448' title='bbox 3413 1009 3737 1066; x_wconf 88' lang='lat' dir='ltr'><strong>Dicendum</strong></span> 
     </span>
    </p>
   </div>
   <div class='ocr_carea' id='block_1_67' title="bbox 2089 1092 3744 1168">
    <p class='ocr_par' dir='ltr' id='par_1_67' title="bbox 2089 1092 3744 1168">
     <span class='ocr_line' id='line_1_67' title="bbox 2089 1092 3744 1168; baseline 0.004 -21"><span class='ocrx_word' id='word_1_449' title='bbox 2089 1109 2343 1164; x_wconf 84' lang='lat' dir='ltr'><strong>namque</strong></span> <span class='ocrx_word' id='word_1_450' title='bbox 2360 1099 2449 1149; x_wconf 89' lang='lat' dir='ltr'><strong>est</strong></span> <span class='ocrx_word' id='word_1_451' title='bbox 2469 1092 2695 1165; x_wconf 85' lang='lat' dir='ltr'><strong>ﬂagella</strong></span> <span class='ocrx_word' id='word_1_452' title='bbox 2716 1093 3084 1160; x_wconf 89' lang='lat' dir='ltr'><strong>timentibus,</strong></span> <span class='ocrx_word' id='word_1_453' title='bbox 3119 1100 3183 1149; x_wconf 91' lang='lat' dir='ltr'><strong>ut</strong></span> <span class='ocrx_word' id='word_1_454' title='bbox 3204 1101 3261 1150; x_wconf 89' lang='lat' dir='ltr'><strong>et</strong></span> <span class='ocrx_word' id='word_1_455' title='bbox 3283 1096 3432 1152; x_wconf 88' lang='lat' dir='ltr'><strong>bona</strong></span> <span class='ocrx_word' id='word_1_456' title='bbox 3459 1102 3744 1168; x_wconf 86' lang='lat' dir='ltr'><strong>tempora-</strong></span> 
     </span>
    </p>
   </div>
   <div class='ocr_carea' id='block_1_68' title="bbox 2085 1180 3738 1257">
    <p class='ocr_par' dir='ltr' id='par_1_68' title="bbox 2085 1180 3738 1257">
     <span class='ocr_line' id='line_1_68' title="bbox 2085 1180 3738 1257; baseline 0.004 -21"><span class='ocrx_word' id='word_1_457' title='bbox 2085 1180 2166 1236; x_wconf 91' lang='lat' dir='ltr'><strong>lia</strong></span> <span class='ocrx_word' id='word_1_458' title='bbox 2187 1197 2553 1254; x_wconf 83' lang='lat' dir='ltr'><strong>nequaquam</strong></span> <span class='ocrx_word' id='word_1_459' title='bbox 2591 1199 2690 1254; x_wconf 88' lang='lat' dir='ltr'><strong>pro</strong></span> <span class='ocrx_word' id='word_1_460' title='bbox 2720 1197 2932 1254; x_wconf 88' lang='lat' dir='ltr'><strong>magno</strong></span> <span class='ocrx_word' id='word_1_461' title='bbox 2958 1183 3311 1253; x_wconf 88' lang='lat' dir='ltr'><strong>desiderent,</strong></span> <span class='ocrx_word' id='word_1_462' title='bbox 3345 1203 3472 1257; x_wconf 68' lang='lat' dir='ltr'><strong>quis</strong></span> <span class='ocrx_word' id='word_1_463' title='bbox 3533 1189 3738 1244; x_wconf 81' lang='lat' dir='ltr'><strong>adesse</strong></span> 
     </span>
    </p>
   </div>
   <div class='ocr_carea' id='block_1_69' title="bbox 2085 1271 3739 1346">
    <p class='ocr_par' dir='ltr' id='par_1_69' title="bbox 2085 1271 3739 1346">
     <span class='ocr_line' id='line_1_69' title="bbox 2085 1271 3739 1346; baseline 0.003 -20"><span class='ocrx_word' id='word_1_464' title='bbox 2085 1271 2262 1326; x_wconf 85' lang='lat' dir='ltr'><strong>etiam</strong></span> <span class='ocrx_word' id='word_1_465' title='bbox 2298 1271 2488 1343; x_wconf 84' lang='lat' dir='ltr'><strong>pravis</strong></span> <span class='ocrx_word' id='word_1_466' title='bbox 2515 1271 2742 1329; x_wconf 87' lang='lat' dir='ltr'><strong>vident:</strong></span> <span class='ocrx_word' id='word_1_467' title='bbox 2767 1276 2822 1326; x_wconf 92' lang='lat' dir='ltr'><strong>et</strong></span> <span class='ocrx_word' id='word_1_468' title='bbox 2844 1271 3000 1326; x_wconf 83' lang='lat' dir='ltr'><strong>mala</strong></span> <span class='ocrx_word' id='word_1_469' title='bbox 3026 1274 3331 1343; x_wconf 67' lang='lat' dir='ltr'><strong>praesentia</strong></span> <span class='ocrx_word' id='word_1_470' title='bbox 3367 1291 3739 1346; x_wconf 87' lang='lat' dir='ltr'><strong>nequaquam</strong></span> 
     </span>
    </p>
   </div>
   <div class='ocr_carea' id='block_1_70' title="bbox 2083 1358 3743 1436">
    <p class='ocr_par' dir='ltr' id='par_1_70' title="bbox 2083 1358 3743 1436">
     <span class='ocr_line' id='line_1_70' title="bbox 2083 1358 3743 1436; baseline 0.004 -22"><span class='ocrx_word' id='word_1_471' title='bbox 2083 1358 2239 1414; x_wconf 87' lang='lat' dir='ltr'><strong>velut</strong></span> <span class='ocrx_word' id='word_1_472' title='bbox 2272 1358 2657 1415; x_wconf 84' lang='lat' dir='ltr'><strong>intolerabilia</strong></span> <span class='ocrx_word' id='word_1_473' title='bbox 2682 1359 2924 1429; x_wconf 82' lang='lat' dir='ltr'><strong>fugiant.</strong></span> <span class='ocrx_word' id='word_1_474' title='bbox 2960 1362 3176 1432; x_wconf 87' lang='lat' dir='ltr'><strong>quibus</strong></span> <span class='ocrx_word' id='word_1_475' title='bbox 3249 1362 3342 1416; x_wconf 90' lang='lat' dir='ltr'><strong>hic</strong></span> <span class='ocrx_word' id='word_1_476' title='bbox 3395 1364 3743 1436; x_wconf 89' lang='lat' dir='ltr'><strong>plerumque</strong></span> 
     </span>
    </p>
   </div>
   <div class='ocr_carea' id='block_1_71' title="bbox 2086 1448 3739 1521">
    <p class='ocr_par' dir='ltr' id='par_1_71' title="bbox 2086 1448 3739 1521">
     <span class='ocr_line' id='line_1_71' title="bbox 2086 1448 3739 1521; baseline 0.004 -17"><span class='ocrx_word' id='word_1_477' title='bbox 2086 1448 2256 1504; x_wconf 85' lang='lat' dir='ltr'><strong>etiam</strong></span> <span class='ocrx_word' id='word_1_478' title='bbox 2285 1449 2468 1504; x_wconf 87' lang='lat' dir='ltr'><strong>bonos</strong></span> <span class='ocrx_word' id='word_1_479' title='bbox 2487 1449 2641 1505; x_wconf 80' lang='lat' dir='ltr'><strong>attici</strong></span> <span class='ocrx_word' id='word_1_480' title='bbox 2666 1466 2781 1506; x_wconf 90' lang='lat' dir='ltr'><strong>non</strong></span> <span class='ocrx_word' id='word_1_481' title='bbox 2812 1450 3105 1521; x_wconf 87' lang='lat' dir='ltr'><strong>ignorant.</strong></span> <span class='ocrx_word' id='word_1_482' title='bbox 3128 1451 3493 1508; x_wconf 81' lang='lat' dir='ltr'><strong>Admonendi</strong></span> <span class='ocrx_word' id='word_1_483' title='bbox 3517 1460 3654 1510; x_wconf 87' lang='lat' dir='ltr'><strong>sunt</strong></span> <span class='ocrx_word' id='word_1_484' title='bbox 3676 1460 3739 1510; x_wconf 90' lang='lat' dir='ltr'><strong>ut</strong></span> 
     </span>
    </p>
   </div>
   <div class='ocr_carea' id='block_1_72' title="bbox 2085 1537 3736 1614">
    <p class='ocr_par' dir='ltr' id='par_1_72' title="bbox 2085 1537 3736 1614">
     <span class='ocr_line' id='line_1_72' title="bbox 2085 1537 3736 1614; baseline 0.002 -20"><span class='ocrx_word' id='word_1_485' title='bbox 2085 1537 2133 1594; x_wconf 90' lang='lat' dir='ltr'><strong>si</strong></span> <span class='ocrx_word' id='word_1_486' title='bbox 2164 1537 2334 1593; x_wconf 87' lang='lat' dir='ltr'><strong>malis</strong></span> <span class='ocrx_word' id='word_1_487' title='bbox 2359 1538 2640 1594; x_wconf 86' lang='lat' dir='ltr'><strong>veraciter</strong></span> <span class='ocrx_word' id='word_1_488' title='bbox 2671 1553 2867 1594; x_wconf 86' lang='lat' dir='ltr'><strong>carere</strong></span> <span class='ocrx_word' id='word_1_489' title='bbox 2899 1537 3255 1608; x_wconf 85' lang='lat' dir='ltr'><strong>desiderent,</strong></span> <span class='ocrx_word' id='word_1_490' title='bbox 3276 1546 3490 1597; x_wconf 81' lang='lat' dir='ltr'><strong>teterna</strong></span> <span class='ocrx_word' id='word_1_491' title='bbox 3509 1543 3736 1614; x_wconf 75' lang='lat' dir='ltr'><strong>suppli~</strong></span> 
     </span>
    </p>
   </div>
   <div class='ocr_carea' id='block_1_73' title="bbox 2083 1625 3738 1701">
    <p class='ocr_par' dir='ltr' id='par_1_73' title="bbox 2083 1625 3738 1701">
     <span class='ocr_line' id='line_1_73' title="bbox 2083 1625 3738 1701; baseline 0.003 -19"><span class='ocrx_word' id='word_1_492' title='bbox 2083 1625 2174 1682; x_wconf 91' lang='lat' dir='ltr'><strong>cia</strong></span> <span class='ocrx_word' id='word_1_493' title='bbox 2196 1625 2850 1698; x_wconf 87' lang='lat' dir='ltr'><strong>perhorrescant,neque</strong></span> <span class='ocrx_word' id='word_1_494' title='bbox 2878 1627 2935 1682; x_wconf 89' lang='lat' dir='ltr'><strong>in</strong></span> <span class='ocrx_word' id='word_1_495' title='bbox 2962 1629 3069 1684; x_wconf 86' lang='lat' dir='ltr'><strong>hoc</strong></span> <span class='ocrx_word' id='word_1_496' title='bbox 3091 1631 3514 1701; x_wconf 85' lang='lat' dir='ltr'><strong>suppliciorum</strong></span> <span class='ocrx_word' id='word_1_497' title='bbox 3531 1631 3738 1687; x_wconf 86' lang='lat' dir='ltr'><strong>timore</strong></span> 
     </span>
    </p>
   </div>
   <div class='ocr_carea' id='block_1_74' title="bbox 2086 1717 3737 1790">
    <p class='ocr_par' dir='ltr' id='par_1_74' title="bbox 2086 1717 3737 1790">
     <span class='ocr_line' id='line_1_74' title="bbox 2086 1717 3737 1790; baseline 0.004 -19"><span class='ocrx_word' id='word_1_498' title='bbox 2086 1722 2448 1784; x_wconf 87' lang='lat' dir='ltr'><strong>remaneant,</strong></span> <span class='ocrx_word' id='word_1_499' title='bbox 2473 1717 2574 1772; x_wconf 87' lang='lat' dir='ltr'><strong>sed</strong></span> <span class='ocrx_word' id='word_1_500' title='bbox 2607 1718 2677 1772; x_wconf 89' lang='lat' dir='ltr'><strong>ad</strong></span> <span class='ocrx_word' id='word_1_501' title='bbox 2701 1718 2915 1773; x_wconf 83' lang='lat' dir='ltr'><strong>amoris</strong></span> <span class='ocrx_word' id='word_1_502' title='bbox 2939 1723 3188 1790; x_wconf 86' lang='lat' dir='ltr'><strong>gratlam</strong></span> <span class='ocrx_word' id='word_1_503' title='bbox 3220 1723 3577 1776; x_wconf 86' lang='lat' dir='ltr'><strong>nutrimento</strong></span> <span class='ocrx_word' id='word_1_504' title='bbox 3599 1723 3737 1778; x_wconf 87' lang='lat' dir='ltr'><strong>cha-</strong></span> 
     </span>
    </p>
   </div>
   <div class='ocr_carea' id='block_1_75' title="bbox 2090 1805 3740 1884">
    <p class='ocr_par' dir='ltr' id='par_1_75' title="bbox 2090 1805 3740 1884">
     <span class='ocr_line' id='line_1_75' title="bbox 2090 1805 3740 1884; baseline 0.005 -24"><span class='ocrx_word' id='word_1_505' title='bbox 2090 1805 2281 1862; x_wconf 88' lang='lat' dir='ltr'><strong>ritatis</strong></span> <span class='ocrx_word' id='word_1_506' title='bbox 2311 1811 2671 1862; x_wconf 78' lang='lat' dir='ltr'><strong>excrescunt.</strong></span> <span class='ocrx_word' id='word_1_507' title='bbox 2706 1809 2998 1875; x_wconf 87' lang='lat' dir='ltr'><strong>Scriptum</strong></span> <span class='ocrx_word' id='word_1_508' title='bbox 3055 1810 3273 1882; x_wconf 85' lang='lat' dir='ltr'><strong>quippe</strong></span> <span class='ocrx_word' id='word_1_509' title='bbox 3319 1817 3439 1867; x_wconf 90' lang='lat' dir='ltr'><strong>est:</strong></span> <span class='ocrx_word' id='word_1_510' title='bbox 3488 1814 3740 1884; x_wconf 80' lang='lat' dir='ltr'><strong>Per/ecta</strong></span> 
     </span>
    </p>
   </div>
   <div class='ocr_carea' id='block_1_76' title="bbox 2009 1877 3740 1970">
    <p class='ocr_par' dir='ltr' id='par_1_76' title="bbox 2009 1877 3740 1970">
     <span class='ocr_line' id='line_1_76' title="bbox 2009 1877 3740 1970; baseline 0.004 -21"><span class='ocrx_word' id='word_1_511' title='bbox 2009 1877 2060 1940; x_wconf 77' lang='grc' dir='ltr'>Α</span> <span class='ocrx_word' id='word_1_512' title='bbox 2091 1895 2339 1950; x_wconf 86' lang='lat' dir='ltr'><strong>charitas</strong></span> <span class='ocrx_word' id='word_1_513' title='bbox 2361 1901 2514 1966; x_wconf 77' lang='lat' dir='ltr'><strong>foras</strong></span> <span class='ocrx_word' id='word_1_514' title='bbox 2530 1897 2700 1951; x_wconf 78' lang='lat' dir='ltr'><strong>mittit</strong></span> <span class='ocrx_word' id='word_1_515' title='bbox 2722 1896 2974 1952; x_wconf 80' lang='lat' dir='ltr'><strong>timorem</strong></span> <span class='ocrx_word' id='word_1_516' title='bbox 3000 1899 3041 1967; x_wconf 89' lang='lat' dir='ltr'><strong>(l</strong></span> <span class='ocrx_word' id='word_1_517' title='bbox 3075 1877 3236 1954; x_wconf 36' lang='lat' dir='ltr'><strong>&#39;Joo-u.</strong></span> <span class='ocrx_word' id='word_1_518' title='bbox 3262 1916 3339 1964; x_wconf 83' lang='grc' dir='ltr'><strong>ιν,</strong></span> <span class='ocrx_word' id='word_1_519' title='bbox 3377 1899 3478 1970; x_wconf 89' lang='lat' dir='ltr'><strong>i8).</strong></span> <span class='ocrx_word' id='word_1_520' title='bbox 3512 1877 3740 1956; x_wconf 42' lang='lat' dir='ltr'><strong>Et&#39;rur-</strong></span> 
     </span>
    </p>
   </div>
   <div class='ocr_carea' id='block_1_77' title="bbox 2095 1984 3739 2060">
    <p class='ocr_par' dir='ltr' id='par_1_77' title="bbox 2095 1984 3739 2060">
     <span class='ocr_line' id='line_1_77' title="bbox 2095 1984 3739 2060; baseline 0.004 -21"><span class='ocrx_word' id='word_1_521' title='bbox 2095 1999 2225 2039; x_wconf 90' lang='lat' dir='ltr'><strong>sum</strong></span> <span class='ocrx_word' id='word_1_522' title='bbox 2260 1984 2538 2056; x_wconf 87' lang='lat' dir='ltr'><strong>scriptum</strong></span> <span class='ocrx_word' id='word_1_523' title='bbox 2574 1990 2662 2040; x_wconf 86' lang='lat' dir='ltr'><strong>est</strong></span> <span class='ocrx_word' id='word_1_524' title='bbox 2691 2003 2702 2041; x_wconf 92' lang='lat'><strong>:</strong></span> <span class='ocrx_word' id='word_1_525' title='bbox 2728 1987 2840 2040; x_wconf 81' lang='lat' dir='ltr'><strong>Non</strong></span> <span class='ocrx_word' id='word_1_526' title='bbox 2864 1989 3141 2058; x_wconf 67' lang='lat' dir='ltr'><strong>occepistis</strong></span> <span class='ocrx_word' id='word_1_527' title='bbox 3161 1989 3428 2060; x_wconf 58' lang='lat' dir='ltr'><strong>spiritum</strong></span> <span class='ocrx_word' id='word_1_528' title='bbox 3457 1993 3739 2046; x_wconf 78' lang='lat' dir='ltr'><strong>servitutis</strong></span> 
     </span>
    </p>
   </div>
   <div class='ocr_carea' id='block_1_78' title="bbox 2094 2072 3735 2148">
    <p class='ocr_par' dir='ltr' id='par_1_78' title="bbox 2094 2072 3735 2148">
     <span class='ocr_line' id='line_1_78' title="bbox 2094 2072 3735 2148; baseline 0.004 -21"><span class='ocrx_word' id='word_1_529' title='bbox 2094 2074 2294 2128; x_wconf 82' lang='lat' dir='ltr'><strong>iterum</strong></span> <span class='ocrx_word' id='word_1_530' title='bbox 2326 2072 2382 2126; x_wconf 85' lang='lat' dir='ltr'><strong>in</strong></span> <span class='ocrx_word' id='word_1_531' title='bbox 2410 2072 2629 2141; x_wconf 87' lang='lat' dir='ltr'><strong>timore,</strong></span> <span class='ocrx_word' id='word_1_532' title='bbox 2659 2074 2749 2129; x_wconf 78' lang='lat' dir='ltr'><strong>sed</strong></span> <span class='ocrx_word' id='word_1_533' title='bbox 2773 2077 3030 2146; x_wconf 75' lang='lat' dir='ltr'><strong>spiritum</strong></span> <span class='ocrx_word' id='word_1_534' title='bbox 3067 2073 3650 2148; x_wconf 74' lang='lat' dir='ltr'><strong>adeptionlsﬁliorum,</strong></span> <span class='ocrx_word' id='word_1_535' title='bbox 3676 2081 3735 2134; x_wconf 83' lang='lat' dir='ltr'><strong>iu</strong></span> 
     </span>
    </p>
   </div>
   <div class='ocr_carea' id='block_1_79' title="bbox 2093 2162 3735 2237">
    <p class='ocr_par' dir='ltr' id='par_1_79' title="bbox 2093 2162 3735 2237">
     <span class='ocr_line' id='line_1_79' title="bbox 2093 2162 3735 2237; baseline 0.005 -21"><span class='ocrx_word' id='word_1_536' title='bbox 2093 2177 2197 2234; x_wconf 90' lang='lat' dir='ltr'><strong>quo</strong></span> <span class='ocrx_word' id='word_1_537' title='bbox 2226 2162 2748 2218; x_wconf 84' lang='lat' dir='ltr'><strong>clamamus:Abbu</strong></span> <span class='ocrx_word' id='word_1_538' title='bbox 2804 2173 2956 2235; x_wconf 78' lang='lat' dir='ltr'><strong>pater</strong></span> <span class='ocrx_word' id='word_1_539' title='bbox 3011 2167 3183 2233; x_wconf 80' lang='lat' dir='ltr'><strong>(Rom.</strong></span> <span class='ocrx_word' id='word_1_540' title='bbox 3242 2183 3361 2234; x_wconf 83' lang='lat' dir='ltr'><strong>Vill,</strong></span> <span class='ocrx_word' id='word_1_541' title='bbox 3416 2168 3523 2237; x_wconf 76' lang='lat' dir='ltr'><strong>i5).</strong></span> <span class='ocrx_word' id='word_1_542' title='bbox 3573 2168 3735 2224; x_wconf 87' lang='lat' dir='ltr'><strong>Unde</strong></span> 
     </span>
    </p>
   </div>
   <div class='ocr_carea' id='block_1_80' title="bbox 2094 2251 3741 2325">
    <p class='ocr_par' dir='ltr' id='par_1_80' title="bbox 2094 2251 3741 2325">
     <span class='ocr_line' id='line_1_80' title="bbox 2094 2251 3741 2325; baseline 0.003 -20"><span class='ocrx_word' id='word_1_543' title='bbox 2094 2251 2245 2307; x_wconf 64' lang='lat' dir='ltr'><strong>idem</strong></span> <span class='ocrx_word' id='word_1_544' title='bbox 2271 2251 2474 2306; x_wconf 90' lang='lat' dir='ltr'><strong>doctor</strong></span> <span class='ocrx_word' id='word_1_545' title='bbox 2504 2251 2714 2307; x_wconf 83' lang='lat' dir='ltr'><strong>iterum</strong></span> <span class='ocrx_word' id='word_1_546' title='bbox 2748 2251 2923 2308; x_wconf 87' lang='lat' dir='ltr'><strong>dicit:</strong></span> <span class='ocrx_word' id='word_1_547' title='bbox 2964 2254 3062 2310; x_wconf 84' lang='lat' dir='ltr'><strong>Ubi</strong></span> <span class='ocrx_word' id='word_1_548' title='bbox 3087 2256 3318 2325; x_wconf 76' lang='lat' dir='ltr'><strong>spiritus</strong></span> <span class='ocrx_word' id='word_1_549' title='bbox 3380 2257 3627 2321; x_wconf 82' lang='lat' dir='ltr'><strong>Domini,</strong></span> <span class='ocrx_word' id='word_1_550' title='bbox 3661 2256 3741 2310; x_wconf 82' lang='lat' dir='ltr'><strong>ibi</strong></span> 
     </span>
    </p>
   </div>
   <div class='ocr_carea' id='block_1_81' title="bbox 2098 2339 3736 2414">
    <p class='ocr_par' dir='ltr' id='par_1_81' title="bbox 2098 2339 3736 2414">
     <span class='ocr_line' id='line_1_81' title="bbox 2098 2339 3736 2414; baseline 0.003 -21"><span class='ocrx_word' id='word_1_551' title='bbox 2098 2339 2318 2394; x_wconf 78' lang='lat' dir='ltr'><strong>libertas</strong></span> <span class='ocrx_word' id='word_1_552' title='bbox 2348 2339 2415 2410; x_wconf 87' lang='lat' dir='ltr'><strong>(ll</strong></span> <span class='ocrx_word' id='word_1_553' title='bbox 2449 2340 2569 2395; x_wconf 83' lang='lat' dir='ltr'><strong>Cor.</strong></span> <span class='ocrx_word' id='word_1_554' title='bbox 2604 2351 2687 2402; x_wconf 75' lang='lat' dir='ltr'><strong>ut,</strong></span> <span class='ocrx_word' id='word_1_555' title='bbox 2723 2340 2829 2410; x_wconf 90' lang='grc'><strong>17).</strong></span> <span class='ocrx_word' id='word_1_556' title='bbox 2865 2341 2923 2395; x_wconf 89' lang='lat' dir='ltr'><strong>Si</strong></span> <span class='ocrx_word' id='word_1_557' title='bbox 2955 2357 3088 2407; x_wconf 69' lang='lat' dir='ltr'><strong>ergo</strong></span> <span class='ocrx_word' id='word_1_558' title='bbox 3120 2343 3311 2397; x_wconf 90' lang='lat' dir='ltr'><strong>adhuc</strong></span> <span class='ocrx_word' id='word_1_559' title='bbox 3367 2359 3397 2398; x_wconf 80' lang='grc' dir='ltr'><strong>ιι</strong></span> <span class='ocrx_word' id='word_1_560' title='bbox 3426 2360 3600 2414; x_wconf 84' lang='lat' dir='ltr'><strong>prava</strong></span> <span class='ocrx_word' id='word_1_561' title='bbox 3632 2361 3736 2398; x_wconf 88' lang='lat' dir='ltr'><strong>ac-</strong></span> 
     </span>
    </p>
   </div>
   <div class='ocr_carea' id='block_1_82' title="bbox 2095 2426 3737 2502">
    <p class='ocr_par' dir='ltr' id='par_1_82' title="bbox 2095 2426 3737 2502">
     <span class='ocr_line' id='line_1_82' title="bbox 2095 2426 3737 2502; baseline 0.004 -20"><span class='ocrx_word' id='word_1_562' title='bbox 2095 2426 2250 2483; x_wconf 87' lang='lat' dir='ltr'><strong>tione</strong></span> <span class='ocrx_word' id='word_1_563' title='bbox 2276 2427 2584 2483; x_wconf 85' lang='lat' dir='ltr'><strong>formidata</strong></span> <span class='ocrx_word' id='word_1_564' title='bbox 2608 2441 2776 2498; x_wconf 83' lang='lat' dir='ltr'><strong>poena</strong></span> <span class='ocrx_word' id='word_1_565' title='bbox 2801 2429 3088 2500; x_wconf 83' lang='lat' dir='ltr'><strong>prohibet,</strong></span> <span class='ocrx_word' id='word_1_566' title='bbox 3124 2432 3376 2502; x_wconf 76' lang='lat' dir='ltr'><strong>profecto</strong></span> <span class='ocrx_word' id='word_1_567' title='bbox 3419 2431 3737 2488; x_wconf 80' lang='lat' dir='ltr'><strong>formidan-</strong></span> 
     </span>
    </p>
   </div>
   <div class='ocr_carea' id='block_1_83' title="bbox 2093 2515 3741 2591">
    <p class='ocr_par' dir='ltr' id='par_1_83' title="bbox 2093 2515 3741 2591">
     <span class='ocr_line' id='line_1_83' title="bbox 2093 2515 3741 2591; baseline 0.003 -20"><span class='ocrx_word' id='word_1_568' title='bbox 2093 2515 2170 2571; x_wconf 84' lang='lat' dir='ltr'><strong>tis</strong></span> <span class='ocrx_word' id='word_1_569' title='bbox 2194 2517 2455 2572; x_wconf 87' lang='lat' dir='ltr'><strong>animum</strong></span> <span class='ocrx_word' id='word_1_570' title='bbox 2482 2517 2645 2572; x_wconf 90' lang='lat' dir='ltr'><strong>nulla</strong></span> <span class='ocrx_word' id='word_1_571' title='bbox 2671 2517 2915 2586; x_wconf 87' lang='lat' dir='ltr'><strong>spiritus</strong></span> <span class='ocrx_word' id='word_1_572' title='bbox 2943 2518 3185 2574; x_wconf 76' lang='lat' dir='ltr'><strong>libertas</strong></span> <span class='ocrx_word' id='word_1_573' title='bbox 3208 2520 3533 2576; x_wconf 84' lang='lat' dir='ltr'><strong>tenet.Nam</strong></span> <span class='ocrx_word' id='word_1_574' title='bbox 3551 2521 3598 2576; x_wconf 85' lang='lat' dir='ltr'><strong>si</strong></span> <span class='ocrx_word' id='word_1_575' title='bbox 3624 2537 3741 2591; x_wconf 68' lang='grc' dir='ltr'><strong>[ω-</strong></span> 
     </span>
    </p>
   </div>
   <div class='ocr_carea' id='block_1_84' title="bbox 2096 2605 3736 2682">
    <p class='ocr_par' dir='ltr' id='par_1_84' title="bbox 2096 2605 3736 2682">
     <span class='ocr_line' id='line_1_84' title="bbox 2096 2605 3736 2682; baseline 0.002 -22"><span class='ocrx_word' id='word_1_576' title='bbox 2096 2622 2229 2661; x_wconf 89' lang='lat' dir='ltr'><strong>nam</strong></span> <span class='ocrx_word' id='word_1_577' title='bbox 2254 2622 2368 2661; x_wconf 89' lang='lat' dir='ltr'><strong>non</strong></span> <span class='ocrx_word' id='word_1_578' title='bbox 2391 2605 2935 2679; x_wconf 85' lang='lat' dir='ltr'><strong>metucret,culpam</strong></span> <span class='ocrx_word' id='word_1_579' title='bbox 2961 2607 3344 2678; x_wconf 86' lang='lat' dir='ltr'><strong>proculdubio</strong></span> <span class='ocrx_word' id='word_1_580' title='bbox 3361 2613 3736 2682; x_wconf 87' lang='lat' dir='ltr'><strong>perpetraret.</strong></span> 
     </span>
    </p>
   </div>
   <div class='ocr_carea' id='block_1_85' title="bbox 2093 2692 3740 2770">
    <p class='ocr_par' dir='ltr' id='par_1_85' title="bbox 2093 2692 3740 2770">
     <span class='ocr_line' id='line_1_85' title="bbox 2093 2692 3740 2770; baseline 0.004 -22"><span class='ocrx_word' id='word_1_581' title='bbox 2093 2692 2326 2764; x_wconf 82' lang='lat' dir='ltr'><strong>Ignorat</strong></span> <span class='ocrx_word' id='word_1_582' title='bbox 2357 2694 2549 2766; x_wconf 89' lang='lat' dir='ltr'><strong>itaque</strong></span> <span class='ocrx_word' id='word_1_583' title='bbox 2583 2709 2747 2749; x_wconf 88' lang='lat' dir='ltr'><strong>mens</strong></span> <span class='ocrx_word' id='word_1_584' title='bbox 2780 2693 3026 2765; x_wconf 83' lang='lat' dir='ltr'><strong>gratiam</strong></span> <span class='ocrx_word' id='word_1_585' title='bbox 3052 2695 3359 2762; x_wconf 85' lang='lat' dir='ltr'><strong>libertatis,</strong></span> <span class='ocrx_word' id='word_1_586' title='bbox 3386 2715 3561 2770; x_wconf 83' lang='lat' dir='ltr'><strong>quam</strong></span> <span class='ocrx_word' id='word_1_587' title='bbox 3600 2699 3740 2768; x_wconf 84' lang='lat' dir='ltr'><strong>ligat</strong></span> 
     </span>
    </p>
   </div>
   <div class='ocr_carea' id='block_1_86' title="bbox 2091 2781 3738 2857">
    <p class='ocr_par' dir='ltr' id='par_1_86' title="bbox 2091 2781 3738 2857">
     <span class='ocr_line' id='line_1_86' title="bbox 2091 2781 3738 2857; baseline 0.003 -20"><span class='ocrx_word' id='word_1_588' title='bbox 2091 2782 2339 2838; x_wconf 86' lang='lat' dir='ltr'><strong>servitus</strong></span> <span class='ocrx_word' id='word_1_589' title='bbox 2361 2781 2608 2837; x_wconf 71' lang='lat' dir='ltr'><strong>timoris.</strong></span> <span class='ocrx_word' id='word_1_590' title='bbox 2642 2781 2798 2838; x_wconf 89' lang='lat' dir='ltr'><strong>Bona</strong></span> <span class='ocrx_word' id='word_1_591' title='bbox 2822 2783 2978 2839; x_wconf 88' lang='lat' dir='ltr'><strong>enim</strong></span> <span class='ocrx_word' id='word_1_592' title='bbox 3005 2801 3106 2856; x_wconf 90' lang='lat' dir='ltr'><strong>pro</strong></span> <span class='ocrx_word' id='word_1_593' title='bbox 3129 2787 3464 2857; x_wconf 83' lang='lat' dir='ltr'><strong>semetipsis</strong></span> <span class='ocrx_word' id='word_1_594' title='bbox 3487 2788 3738 2842; x_wconf 81' lang='lat' dir='ltr'><strong>amanda</strong></span> 
     </span>
    </p>
   </div>
   <div class='ocr_carea' id='block_1_87' title="bbox 2089 2870 3734 2946">
    <p class='ocr_par' dir='ltr' id='par_1_87' title="bbox 2089 2870 3734 2946">
     <span class='ocr_line' id='line_1_87' title="bbox 2089 2870 3734 2946; baseline 0.004 -21"><span class='ocrx_word' id='word_1_595' title='bbox 2089 2875 2312 2940; x_wconf 86' lang='lat' dir='ltr'><strong>sunt,et</strong></span> <span class='ocrx_word' id='word_1_596' title='bbox 2331 2887 2442 2928; x_wconf 91' lang='lat' dir='ltr'><strong>non</strong></span> <span class='ocrx_word' id='word_1_597' title='bbox 2479 2870 2664 2943; x_wconf 78' lang='lat' dir='ltr'><strong>pmnis</strong></span> <span class='ocrx_word' id='word_1_598' title='bbox 2687 2872 3172 2944; x_wconf 85' lang='lat' dir='ltr'><strong>compellentibus</strong></span> <span class='ocrx_word' id='word_1_599' title='bbox 3195 2877 3734 2946; x_wconf 81' lang='lat' dir='ltr'><strong>exsequenda.Nam</strong></span> 
     </span>
    </p>
   </div>
   <div class='ocr_carea' id='block_1_88' title="bbox 2091 2961 3735 3033">
    <p class='ocr_par' dir='ltr' id='par_1_88' title="bbox 2091 2961 3735 3033">
     <span class='ocr_line' id='line_1_88' title="bbox 2091 2961 3735 3033; baseline 0.003 -18"><span class='ocrx_word' id='word_1_600' title='bbox 2091 2961 2185 3031; x_wconf 91' lang='lat' dir='ltr'><strong>qui</strong></span> <span class='ocrx_word' id='word_1_601' title='bbox 2221 2966 2523 3032; x_wconf 88' lang='lat' dir='ltr'><strong>pr0pterea</strong></span> <span class='ocrx_word' id='word_1_602' title='bbox 2555 2961 2709 3016; x_wconf 90' lang='lat' dir='ltr'><strong>bona</strong></span> <span class='ocrx_word' id='word_1_603' title='bbox 2741 2961 2896 3032; x_wconf 78' lang='lat' dir='ltr'><strong>facit,</strong></span> <span class='ocrx_word' id='word_1_604' title='bbox 2930 2962 3070 3033; x_wconf 87' lang='lat' dir='ltr'><strong>quia</strong></span> <span class='ocrx_word' id='word_1_605' title='bbox 3128 2967 3544 3020; x_wconf 83' lang='lat' dir='ltr'><strong>tormentorum</strong></span> <span class='ocrx_word' id='word_1_606' title='bbox 3581 2965 3735 3022; x_wconf 86' lang='lat' dir='ltr'><strong>mala</strong></span> 
     </span>
    </p>
   </div>
   <div class='ocr_carea' id='block_1_89' title="bbox 2089 3051 3736 3123">
    <p class='ocr_par' dir='ltr' id='par_1_89' title="bbox 2089 3051 3736 3123">
     <span class='ocr_line' id='line_1_89' title="bbox 2089 3051 3736 3123; baseline 0.003 -18"><span class='ocrx_word' id='word_1_607' title='bbox 2089 3051 2578 3115; x_wconf 86' lang='lat' dir='ltr'><strong>metult,vultncn</strong></span> <span class='ocrx_word' id='word_1_608' title='bbox 2605 3067 2730 3107; x_wconf 89' lang='lat' dir='ltr'><strong>esse</strong></span> <span class='ocrx_word' id='word_1_609' title='bbox 2753 3053 2905 3123; x_wconf 89' lang='lat' dir='ltr'><strong>quod</strong></span> <span class='ocrx_word' id='word_1_610' title='bbox 2935 3057 3173 3121; x_wconf 86' lang='lat' dir='ltr'><strong>metuat,</strong></span> <span class='ocrx_word' id='word_1_611' title='bbox 3207 3059 3271 3109; x_wconf 90' lang='lat' dir='ltr'><strong>ut</strong></span> <span class='ocrx_word' id='word_1_612' title='bbox 3303 3053 3587 3110; x_wconf 86' lang='lat' dir='ltr'><strong>audenter</strong></span> <span class='ocrx_word' id='word_1_613' title='bbox 3617 3055 3736 3110; x_wconf 88' lang='lat' dir='ltr'><strong>illi-</strong></span> 
     </span>
    </p>
   </div>
   <div class='ocr_carea' id='block_1_90' title="bbox 2089 3138 3732 3216">
    <p class='ocr_par' dir='ltr' id='par_1_90' title="bbox 2089 3138 3732 3216">
     <span class='ocr_line' id='line_1_90' title="bbox 2089 3138 3732 3216; baseline 0.005 -23"><span class='ocrx_word' id='word_1_614' title='bbox 2089 3138 2200 3193; x_wconf 89' lang='lat' dir='ltr'><strong>cita</strong></span> <span class='ocrx_word' id='word_1_615' title='bbox 2229 3140 2568 3194; x_wconf 82' lang='lat' dir='ltr'><strong>committat.</strong></span> <span class='ocrx_word' id='word_1_616' title='bbox 2609 3139 2769 3196; x_wconf 80' lang='lat' dir='ltr'><strong>Unde</strong></span> <span class='ocrx_word' id='word_1_617' title='bbox 2800 3139 2926 3196; x_wconf 90' lang='lat' dir='ltr'><strong>luce</strong></span> <span class='ocrx_word' id='word_1_618' title='bbox 2959 3142 3171 3197; x_wconf 87' lang='lat' dir='ltr'><strong>clarius</strong></span> <span class='ocrx_word' id='word_1_619' title='bbox 3201 3144 3605 3216; x_wconf 84' lang='lat' dir='ltr'><strong>constatquod</strong></span> <span class='ocrx_word' id='word_1_620' title='bbox 3635 3161 3732 3200; x_wconf 84' lang='lat' dir='ltr'><strong>co-</strong></span> 
     </span>
    </p>
   </div>
   <div class='ocr_carea' id='block_1_91' title="bbox 2005 3215 3728 3303">
    <p class='ocr_par' dir='ltr' id='par_1_91' title="bbox 2005 3215 3728 3303">
     <span class='ocr_line' id='line_1_91' title="bbox 2005 3215 3728 3303; baseline 0.005 -21"><span class='ocrx_word' id='word_1_621' title='bbox 2005 3215 2048 3282; x_wconf 86' lang='lat' dir='ltr'><strong>C</strong></span> <span class='ocrx_word' id='word_1_622' title='bbox 2087 3244 2210 3282; x_wconf 85' lang='lat' dir='ltr'><strong>ram</strong></span> <span class='ocrx_word' id='word_1_623' title='bbox 2243 3227 2715 3283; x_wconf 79' lang='lat' dir='ltr'><strong>Deoinnocentia</strong></span> <span class='ocrx_word' id='word_1_624' title='bbox 2741 3229 3050 3300; x_wconf 87' lang='lat' dir='ltr'><strong>amittitur,</strong></span> <span class='ocrx_word' id='word_1_625' title='bbox 3108 3237 3241 3286; x_wconf 84' lang='lat' dir='ltr'><strong>ante</strong></span> <span class='ocrx_word' id='word_1_626' title='bbox 3298 3215 3481 3303; x_wconf 83' lang='lat' dir='ltr'><strong>cujus</strong></span> <span class='ocrx_word' id='word_1_627' title='bbox 3529 3233 3728 3290; x_wconf 88' lang='lat' dir='ltr'><strong>oculos</strong></span> 
     </span>
    </p>
   </div>
   <div class='ocr_carea' id='block_1_92' title="bbox 2081 3315 2694 3388">
    <p class='ocr_par' dir='ltr' id='par_1_92' title="bbox 2081 3315 2694 3388">
     <span class='ocr_line' id='line_1_92' title="bbox 2081 3315 2694 3388; baseline -0.005 -16"><span class='ocrx_word' id='word_1_628' title='bbox 2081 3315 2369 3372; x_wconf 80' lang='lat' dir='ltr'><strong>desiderio</strong></span> <span class='ocrx_word' id='word_1_629' title='bbox 2403 3328 2694 3388; x_wconf 82' lang='lat' dir='ltr'><strong>peccatur.</strong></span> 
     </span>
    </p>
   </div>
   <div class='ocr_carea' id='block_1_93' title="bbox 2149 3404 3726 3480">
    <p class='ocr_par' dir='ltr' id='par_1_93' title="bbox 2149 3404 3726 3480">
     <span class='ocr_line' id='line_1_93' title="bbox 2149 3404 3726 3480; baseline 0.002 -19"><span class='ocrx_word' id='word_1_630' title='bbox 2149 3408 2221 3461; x_wconf 86' lang='lat' dir='ltr'><strong>At</strong></span> <span class='ocrx_word' id='word_1_631' title='bbox 2253 3409 2456 3462; x_wconf 87' lang='lat' dir='ltr'><strong>contra</strong></span> <span class='ocrx_word' id='word_1_632' title='bbox 2488 3405 2569 3472; x_wconf 89' lang='lat' dir='ltr'><strong>hi,</strong></span> <span class='ocrx_word' id='word_1_633' title='bbox 2604 3421 2749 3476; x_wconf 84' lang='lat' dir='ltr'><strong>quos</strong></span> <span class='ocrx_word' id='word_1_634' title='bbox 2781 3405 2852 3460; x_wconf 85' lang='lat' dir='ltr'><strong>ab</strong></span> <span class='ocrx_word' id='word_1_635' title='bbox 2882 3404 3298 3478; x_wconf 83' lang='lat' dir='ltr'><strong>iniquitatibus</strong></span> <span class='ocrx_word' id='word_1_636' title='bbox 3356 3424 3458 3462; x_wconf 89' lang='lat' dir='ltr'><strong>nec</strong></span> <span class='ocrx_word' id='word_1_637' title='bbox 3498 3409 3726 3480; x_wconf 79' lang='lat' dir='ltr'><strong>ﬂagella</strong></span> 
     </span>
    </p>
   </div>
   <div class='ocr_carea' id='block_1_94' title="bbox 2078 3491 3723 3566">
    <p class='ocr_par' dir='ltr' id='par_1_94' title="bbox 2078 3491 3723 3566">
     <span class='ocr_line' id='line_1_94' title="bbox 2078 3491 3723 3566; baseline 0.002 -17"><span class='ocrx_word' id='word_1_638' title='bbox 2078 3491 2480 3566; x_wconf 86' lang='lat' dir='ltr'><strong>compescunt,</strong></span> <span class='ocrx_word' id='word_1_639' title='bbox 2522 3498 2681 3549; x_wconf 85' lang='lat' dir='ltr'><strong>tanto</strong></span> <span class='ocrx_word' id='word_1_640' title='bbox 2710 3493 2916 3549; x_wconf 86' lang='lat' dir='ltr'><strong>acriori</strong></span> <span class='ocrx_word' id='word_1_641' title='bbox 2943 3493 3264 3550; x_wconf 88' lang='lat' dir='ltr'><strong>invectione</strong></span> <span class='ocrx_word' id='word_1_642' title='bbox 3301 3497 3540 3552; x_wconf 84' lang='lat' dir='ltr'><strong>feriendi</strong></span> <span class='ocrx_word' id='word_1_643' title='bbox 3564 3505 3723 3566; x_wconf 89' lang='lat' dir='ltr'><strong>sunt,</strong></span> 
     </span>
    </p>
   </div>
   <div class='ocr_carea' id='block_1_95' title="bbox 2079 3583 3725 3659">
    <p class='ocr_par' dir='ltr' id='par_1_95' title="bbox 2079 3583 3725 3659">
     <span class='ocr_line' id='line_1_95' title="bbox 2079 3583 3725 3659; baseline 0.002 -20"><span class='ocrx_word' id='word_1_644' title='bbox 2079 3590 2297 3658; x_wconf 87' lang='lat' dir='ltr'><strong>quanto</strong></span> <span class='ocrx_word' id='word_1_645' title='bbox 2322 3583 2526 3654; x_wconf 80' lang='lat' dir='ltr'><strong>majori</strong></span> <span class='ocrx_word' id='word_1_646' title='bbox 2558 3583 3725 3659; x_wconf 85' lang='lat' dir='ltr'><strong>insensibilitateduruerant.Plcrumque</strong></span> 
     </span>
    </p>
   </div>
   <div class='ocr_carea' id='block_1_96' title="bbox 2076 3671 3728 3746">
    <p class='ocr_par' dir='ltr' id='par_1_96' title="bbox 2076 3671 3728 3746">
     <span class='ocr_line' id='line_1_96' title="bbox 2076 3671 3728 3746; baseline 0.002 -17"><span class='ocrx_word' id='word_1_647' title='bbox 2076 3673 2228 3729; x_wconf 84' lang='lat' dir='ltr'><strong>enim</strong></span> <span class='ocrx_word' id='word_1_648' title='bbox 2252 3673 2378 3728; x_wconf 85' lang='lat' dir='ltr'><strong>sine</strong></span> <span class='ocrx_word' id='word_1_649' title='bbox 2397 3671 2805 3742; x_wconf 78' lang='lat' dir='ltr'><strong>dedignaticne</strong></span> <span class='ocrx_word' id='word_1_650' title='bbox 2826 3673 3180 3746; x_wconf 84' lang='lat' dir='ltr'><strong>dedignandi</strong></span> <span class='ocrx_word' id='word_1_651' title='bbox 3204 3677 3500 3742; x_wconf 85' lang='lat' dir='ltr'><strong>sunt,sinc</strong></span> <span class='ocrx_word' id='word_1_652' title='bbox 3531 3679 3728 3745; x_wconf 73' lang='lat' dir='ltr'><strong>despe-</strong></span> 
     </span>
    </p>
   </div>
   <div class='ocr_carea' id='block_1_97' title="bbox 2078 3761 3723 3834">
    <p class='ocr_par' dir='ltr' id='par_1_97' title="bbox 2078 3761 3723 3834">
     <span class='ocr_line' id='line_1_97' title="bbox 2078 3761 3723 3834; baseline 0.002 -17"><span class='ocrx_word' id='word_1_653' title='bbox 2078 3761 2224 3818; x_wconf 89' lang='lat' dir='ltr'><strong>ratio</strong></span> <span class='ocrx_word' id='word_1_654' title='bbox 2259 3761 2627 3817; x_wconf 80' lang='lat' dir='ltr'><strong>formidinem</strong></span> <span class='ocrx_word' id='word_1_655' title='bbox 2661 3761 2928 3829; x_wconf 89' lang='lat' dir='ltr'><strong>incutiat,</strong></span> <span class='ocrx_word' id='word_1_656' title='bbox 2953 3768 3008 3819; x_wconf 92' lang='lat' dir='ltr'><strong>et</strong></span> <span class='ocrx_word' id='word_1_657' title='bbox 3057 3763 3371 3834; x_wconf 66' lang='lat' dir='ltr'><strong>subiuncta</strong></span> <span class='ocrx_word' id='word_1_658' title='bbox 3402 3766 3723 3822; x_wconf 82' lang='lat' dir='ltr'><strong>admonitio</strong></span> 
     </span>
    </p>
   </div>
   <div class='ocr_carea' id='block_1_98' title="bbox 2076 3849 3720 3925">
    <p class='ocr_par' dir='ltr' id='par_1_98' title="bbox 2076 3849 3720 3925">
     <span class='ocr_line' id='line_1_98' title="bbox 2076 3849 3720 3925; baseline 0 -17"><span class='ocrx_word' id='word_1_659' title='bbox 2076 3852 2144 3909; x_wconf 82' lang='lat' dir='ltr'><strong>ad</strong></span> <span class='ocrx_word' id='word_1_660' title='bbox 2170 3867 2330 3924; x_wconf 85' lang='lat' dir='ltr'><strong>spem</strong></span> <span class='ocrx_word' id='word_1_661' title='bbox 2357 3849 2897 3907; x_wconf 86' lang='lat' dir='ltr'><strong>reducat.Districte</strong></span> <span class='ocrx_word' id='word_1_662' title='bbox 2919 3852 3118 3925; x_wconf 88' lang='lat' dir='ltr'><strong>itaque</strong></span> <span class='ocrx_word' id='word_1_663' title='bbox 3135 3859 3331 3908; x_wconf 80' lang='lat' dir='ltr'><strong>contra</strong></span> <span class='ocrx_word' id='word_1_664' title='bbox 3357 3854 3488 3910; x_wconf 88' lang='lat' dir='ltr'><strong>illos</strong></span> <span class='ocrx_word' id='word_1_665' title='bbox 3505 3855 3720 3909; x_wconf 70' lang='lat' dir='ltr'><strong>divinas</strong></span> 
     </span>
    </p>
   </div>
   <div class='ocr_carea' id='block_1_99' title="bbox 2075 3937 3721 4012">
    <p class='ocr_par' dir='ltr' id='par_1_99' title="bbox 2075 3937 3721 4012">
     <span class='ocr_line' id='line_1_99' title="bbox 2075 3937 3721 4012; baseline 0 -14"><span class='ocrx_word' id='word_1_666' title='bbox 2075 3938 2375 3998; x_wconf 78' lang='lat' dir='ltr'><strong>sententiae</strong></span> <span class='ocrx_word' id='word_1_667' title='bbox 2409 3937 2762 4010; x_wconf 72' lang='lat' dir='ltr'><strong>proferendus</strong></span> <span class='ocrx_word' id='word_1_668' title='bbox 2790 3948 2946 4008; x_wconf 90' lang='lat' dir='ltr'><strong>sunt,</strong></span> <span class='ocrx_word' id='word_1_669' title='bbox 2981 3947 3042 3997; x_wconf 86' lang='lat' dir='ltr'><strong>ut</strong></span> <span class='ocrx_word' id='word_1_670' title='bbox 3080 3940 3152 3997; x_wconf 87' lang='lat' dir='ltr'><strong>ad</strong></span> <span class='ocrx_word' id='word_1_671' title='bbox 3209 3942 3600 4012; x_wconf 73' lang='lat' dir='ltr'><strong>cognitionum</strong></span> <span class='ocrx_word' id='word_1_672' title='bbox 3630 3943 3721 3998; x_wconf 86' lang='lat' dir='ltr'><strong>sui</strong></span> 
     </span>
    </p>
   </div>
   <div class='ocr_carea' id='block_1_100' title="bbox 2075 4029 3718 4088">
    <p class='ocr_par' dir='ltr' id='par_1_100' title="bbox 2075 4029 3718 4088">
     <span class='ocr_line' id='line_1_100' title="bbox 2075 4029 3718 4088; baseline 0.001 -3"><span class='ocrx_word' id='word_1_673' title='bbox 2075 4029 2442 4086; x_wconf 86' lang='lat' dir='ltr'><strong>considerata</strong></span> <span class='ocrx_word' id='word_1_674' title='bbox 2461 4035 2674 4084; x_wconf 67' lang='lat' dir='ltr'><strong>aeterna</strong></span> <span class='ocrx_word' id='word_1_675' title='bbox 2691 4030 3194 4086; x_wconf 88' lang='lat' dir='ltr'><strong>animadversione</strong></span> <span class='ocrx_word' id='word_1_676' title='bbox 3219 4037 3578 4088; x_wconf 84' lang='lat' dir='ltr'><strong>revocentur.</strong></span> <span class='ocrx_word' id='word_1_677' title='bbox 3602 4032 3718 4088; x_wconf 81' lang='lat' dir='ltr'><strong>Au-</strong></span> 
     </span>
    </p>
   </div>
   <div class='ocr_carea' id='block_1_101' title="bbox 2076 4117 3718 4192">
    <p class='ocr_par' dir='ltr' id='par_1_101' title="bbox 2076 4117 3718 4192">
     <span class='ocr_line' id='line_1_101' title="bbox 2076 4117 3718 4192; baseline 0.002 -18"><span class='ocrx_word' id='word_1_678' title='bbox 2076 4119 2411 4174; x_wconf 89' lang='lat' dir='ltr'><strong>diantenim</strong></span> <span class='ocrx_word' id='word_1_679' title='bbox 2436 4118 2495 4172; x_wconf 90' lang='lat' dir='ltr'><strong>in</strong></span> <span class='ocrx_word' id='word_1_680' title='bbox 2527 4131 2590 4172; x_wconf 88' lang='lat' dir='ltr'><strong>se</strong></span> <span class='ocrx_word' id='word_1_681' title='bbox 2617 4117 2925 4188; x_wconf 85' lang='lat' dir='ltr'><strong>impletum</strong></span> <span class='ocrx_word' id='word_1_682' title='bbox 2945 4135 3072 4175; x_wconf 83' lang='lat' dir='ltr'><strong>esse</strong></span> <span class='ocrx_word' id='word_1_683' title='bbox 3097 4121 3248 4190; x_wconf 91' lang='lat' dir='ltr'><strong>quod</strong></span> <span class='ocrx_word' id='word_1_684' title='bbox 3275 4122 3560 4192; x_wconf 79' lang='lat' dir='ltr'><strong>scripturn</strong></span> <span class='ocrx_word' id='word_1_685' title='bbox 3585 4127 3672 4178; x_wconf 71' lang='grc' dir='ltr'><strong>εδι</strong></span> <span class='ocrx_word' id='word_1_686' title='bbox 3703 4139 3718 4177; x_wconf 94' lang='lat'><strong>:</strong></span> 
     </span>
    </p>
   </div>
   <div class='ocr_carea' id='block_1_102' title="bbox 2075 4205 3724 4281">
    <p class='ocr_par' dir='ltr' id='par_1_102' title="bbox 2075 4205 3724 4281">
     <span class='ocr_line' id='line_1_102' title="bbox 2075 4205 3724 4281; baseline 0.003 -19"><span class='ocrx_word' id='word_1_687' title='bbox 2075 4209 2135 4263; x_wconf 88' lang='lat' dir='ltr'><strong>Si</strong></span> <span class='ocrx_word' id='word_1_688' title='bbox 2153 4205 2467 4262; x_wconf 83' lang='lat' dir='ltr'><strong>contuderis</strong></span> <span class='ocrx_word' id='word_1_689' title='bbox 2497 4206 2728 4261; x_wconf 85' lang='lat' dir='ltr'><strong>stultum</strong></span> <span class='ocrx_word' id='word_1_690' title='bbox 2759 4210 2817 4260; x_wconf 84' lang='lat' dir='ltr'><strong>in</strong></span> <span class='ocrx_word' id='word_1_691' title='bbox 2854 4207 2992 4278; x_wconf 83' lang='lat' dir='ltr'><strong>pila,</strong></span> <span class='ocrx_word' id='word_1_692' title='bbox 3027 4210 3187 4279; x_wconf 83' lang='lat' dir='ltr'><strong>quasi</strong></span> <span class='ocrx_word' id='word_1_693' title='bbox 3223 4211 3466 4280; x_wconf 83' lang='lat' dir='ltr'><strong>ptisanas</strong></span> <span class='ocrx_word' id='word_1_694' title='bbox 3494 4213 3724 4281; x_wconf 74' lang='lat' dir='ltr'><strong>ferienti</strong></span> 
     </span>
    </p>
   </div>
   <div class='ocr_carea' id='block_1_103' title="bbox 2072 4295 3724 4370">
    <p class='ocr_par' dir='ltr' id='par_1_103' title="bbox 2072 4295 3724 4370">
     <span class='ocr_line' id='line_1_103' title="bbox 2072 4295 3724 4370; baseline 0.002 -19"><span class='ocrx_word' id='word_1_695' title='bbox 2072 4296 2304 4365; x_wconf 86' lang='lat' dir='ltr'><strong>desuper</strong></span> <span class='ocrx_word' id='word_1_696' title='bbox 2331 4296 2462 4366; x_wconf 79' lang='lat' dir='ltr'><strong>pilo,</strong></span> <span class='ocrx_word' id='word_1_697' title='bbox 2487 4307 2596 4350; x_wconf 78' lang='lat' dir='ltr'><strong>non</strong></span> <span class='ocrx_word' id='word_1_698' title='bbox 2628 4297 2909 4365; x_wconf 68' lang='lat' dir='ltr'><strong>auferetur</strong></span> <span class='ocrx_word' id='word_1_699' title='bbox 2939 4295 3005 4350; x_wconf 87' lang='lat' dir='ltr'><strong>ab</strong></span> <span class='ocrx_word' id='word_1_700' title='bbox 3035 4312 3096 4351; x_wconf 90' lang='lat' dir='ltr'><strong>eo</strong></span> <span class='ocrx_word' id='word_1_701' title='bbox 3116 4299 3353 4353; x_wconf 79' lang='lat' dir='ltr'><strong>stultitia</strong></span> <span class='ocrx_word' id='word_1_702' title='bbox 3385 4303 3502 4370; x_wconf 78' lang='lat' dir='ltr'><strong>ejus</strong></span> <span class='ocrx_word' id='word_1_703' title='bbox 3532 4303 3724 4368; x_wconf 85' lang='lat' dir='ltr'><strong>(Prov.</strong></span> 
     </span>
    </p>
   </div>
   <div class='ocr_carea' id='block_1_104' title="bbox 2073 4383 3728 4459">
    <p class='ocr_par' dir='ltr' id='par_1_104' title="bbox 2073 4383 3728 4459">
     <span class='ocr_line' id='line_1_104' title="bbox 2073 4383 3728 4459; baseline 0.003 -20"><span class='ocrx_word' id='word_1_704' title='bbox 2073 4399 2250 4451; x_wconf 78' lang='lat' dir='ltr'><strong>xxvii,</strong></span> <span class='ocrx_word' id='word_1_705' title='bbox 2281 4385 2392 4456; x_wconf 83' lang='lat'><strong>22).</strong></span> <span class='ocrx_word' id='word_1_706' title='bbox 2427 4387 2639 4439; x_wconf 88' lang='lat' dir='ltr'><strong>Contra</strong></span> <span class='ocrx_word' id='word_1_707' title='bbox 2669 4383 2776 4438; x_wconf 87' lang='lat' dir='ltr'><strong>hos</strong></span> <span class='ocrx_word' id='word_1_708' title='bbox 2815 4385 3101 4456; x_wconf 84' lang='lat' dir='ltr'><strong>prepheta</strong></span> <span class='ocrx_word' id='word_1_709' title='bbox 3145 4386 3386 4443; x_wconf 90' lang='lat' dir='ltr'><strong>Domino</strong></span> <span class='ocrx_word' id='word_1_710' title='bbox 3417 4389 3728 4459; x_wconf 82' lang='lat' dir='ltr'><strong>conqueri-</strong></span> 
     </span>
    </p>
   </div>
   <div class='ocr_carea' id='block_1_105' title="bbox 2072 4473 3729 4548">
    <p class='ocr_par' dir='ltr' id='par_1_105' title="bbox 2072 4473 3729 4548">
     <span class='ocr_line' id='line_1_105' title="bbox 2072 4473 3729 4548; baseline 0.003 -20"><span class='ocrx_word' id='word_1_711' title='bbox 2072 4473 2394 4541; x_wconf 88' lang='lat' dir='ltr'><strong>tur,dicens</strong></span> <span class='ocrx_word' id='word_1_712' title='bbox 2420 4489 2432 4528; x_wconf 92' lang='lat'><strong>:</strong></span> <span class='ocrx_word' id='word_1_713' title='bbox 2459 4473 2747 4529; x_wconf 82' lang='lat' dir='ltr'><strong>Attrivisli</strong></span> <span class='ocrx_word' id='word_1_714' title='bbox 2765 4489 2874 4539; x_wconf 83' lang='lat' dir='ltr'><strong>eos,</strong></span> <span class='ocrx_word' id='word_1_715' title='bbox 2895 4482 2950 4528; x_wconf 86' lang='lat' dir='ltr'><strong>et</strong></span> <span class='ocrx_word' id='word_1_716' title='bbox 2969 4481 3271 4531; x_wconf 81' lang='lat' dir='ltr'><strong>renucrunt</strong></span> <span class='ocrx_word' id='word_1_717' title='bbox 3298 4476 3545 4548; x_wconf 71' lang='lat' dir='ltr'><strong>occipere</strong></span> <span class='ocrx_word' id='word_1_718' title='bbox 3565 4478 3729 4534; x_wconf 74' lang='lat' dir='ltr'><strong>disci-</strong></span> 
     </span>
    </p>
   </div>
   <div class='ocr_carea' id='block_1_106' title="bbox 1997 4561 3722 4650">
    <p class='ocr_par' dir='ltr' id='par_1_106' title="bbox 1997 4561 3722 4650">
     <span class='ocr_line' id='line_1_106' title="bbox 1997 4561 3722 4650; baseline 0.005 -34"><span class='ocrx_word' id='word_1_719' title='bbox 1997 4586 2043 4650; x_wconf 82' lang='lat' dir='ltr'><strong>D</strong></span> <span class='ocrx_word' id='word_1_720' title='bbox 2070 4565 2295 4636; x_wconf 75' lang='lat' dir='ltr'><strong>plinam</strong></span> <span class='ocrx_word' id='word_1_721' title='bbox 2316 4561 2451 4650; x_wconf 65' lang='lat' dir='ltr'><strong>(ter.</strong></span> <span class='ocrx_word' id='word_1_722' title='bbox 2483 4579 2534 4631; x_wconf 93' lang='lat' dir='ltr'><strong>v,</strong></span> <span class='ocrx_word' id='word_1_723' title='bbox 2567 4563 2642 4650; x_wconf 88' lang='lat'><strong>3).</strong></span> <span class='ocrx_word' id='word_1_724' title='bbox 2678 4563 2825 4618; x_wconf 84' lang='lat' dir='ltr'><strong>Hinc</strong></span> <span class='ocrx_word' id='word_1_725' title='bbox 2885 4567 2973 4619; x_wconf 89' lang='lat' dir='ltr'><strong>est</strong></span> <span class='ocrx_word' id='word_1_726' title='bbox 3022 4565 3176 4636; x_wconf 90' lang='lat' dir='ltr'><strong>quod</strong></span> <span class='ocrx_word' id='word_1_727' title='bbox 3222 4565 3505 4623; x_wconf 89' lang='lat' dir='ltr'><strong>Dominus</strong></span> <span class='ocrx_word' id='word_1_728' title='bbox 3539 4568 3722 4625; x_wconf 90' lang='lat' dir='ltr'><strong>dicit:</strong></span> 
     </span>
    </p>
   </div>
   <div class='ocr_carea' id='block_1_107' title="bbox 2074 4649 3726 4724">
    <p class='ocr_par' dir='ltr' id='par_1_107' title="bbox 2074 4649 3726 4724">
     <span class='ocr_line' id='line_1_107' title="bbox 2074 4649 3726 4724; baseline 0.002 -16"><span class='ocrx_word' id='word_1_729' title='bbox 2074 4649 2340 4724; x_wconf 74' lang='lat' dir='ltr'><strong>Inter/eoi</strong></span> <span class='ocrx_word' id='word_1_730' title='bbox 2364 4661 2414 4706; x_wconf 84' lang='lat' dir='ltr'><strong>et</strong></span> <span class='ocrx_word' id='word_1_731' title='bbox 2431 4649 2648 4722; x_wconf 80' lang='lat' dir='ltr'><strong>perdidi</strong></span> <span class='ocrx_word' id='word_1_732' title='bbox 2664 4652 2927 4722; x_wconf 81' lang='lat' dir='ltr'><strong>populum</strong></span> <span class='ocrx_word' id='word_1_733' title='bbox 2953 4656 3197 4720; x_wconf 84' lang='lat' dir='ltr'><strong>istmn,et</strong></span> <span class='ocrx_word' id='word_1_734' title='bbox 3220 4659 3399 4711; x_wconf 84' lang='lat' dir='ltr'><strong>tamen</strong></span> <span class='ocrx_word' id='word_1_735' title='bbox 3424 4671 3457 4710; x_wconf 85' lang='grc' dir='ltr'><em>α</em></span> <span class='ocrx_word' id='word_1_736' title='bbox 3486 4659 3591 4712; x_wconf 82' lang='lat' dir='ltr'><strong>viis</strong></span> <span class='ocrx_word' id='word_1_737' title='bbox 3611 4658 3726 4712; x_wconf 84' lang='lat' dir='ltr'><strong>suis</strong></span> 
     </span>
    </p>
   </div>
   <div class='ocr_carea' id='block_1_108' title="bbox 2073 4739 3722 4812">
    <p class='ocr_par' dir='ltr' id='par_1_108' title="bbox 2073 4739 3722 4812">
     <span class='ocr_line' id='line_1_108' title="bbox 2073 4739 3722 4812; baseline 0.002 -16"><span class='ocrx_word' id='word_1_738' title='bbox 2073 4757 2181 4798; x_wconf 80' lang='lat' dir='ltr'><strong>non</strong></span> <span class='ocrx_word' id='word_1_739' title='bbox 2203 4744 2328 4796; x_wconf 85' lang='lat' dir='ltr'><strong>sunt</strong></span> <span class='ocrx_word' id='word_1_740' title='bbox 2356 4739 2730 4812; x_wconf 82' lang='lat' dir='ltr'><strong>reversitlsai.</strong></span> <span class='ocrx_word' id='word_1_741' title='bbox 2763 4757 2836 4809; x_wconf 82' lang='lat' dir='ltr'><strong>Ix,</strong></span> <span class='ocrx_word' id='word_1_742' title='bbox 2865 4741 2970 4811; x_wconf 80' lang='lat' dir='ltr'><strong>t3].</strong></span> <span class='ocrx_word' id='word_1_743' title='bbox 3011 4741 3155 4798; x_wconf 86' lang='lat' dir='ltr'><strong>Hinc</strong></span> <span class='ocrx_word' id='word_1_744' title='bbox 3192 4759 3425 4799; x_wconf 87' lang='lat' dir='ltr'><strong>rursum</strong></span> <span class='ocrx_word' id='word_1_745' title='bbox 3474 4747 3586 4801; x_wconf 87' lang='lat' dir='ltr'><strong>ait:</strong></span> <span class='ocrx_word' id='word_1_746' title='bbox 3613 4747 3722 4801; x_wconf 81' lang='lat' dir='ltr'><strong>Po-</strong></span> 
     </span>
    </p>
   </div>
   <div class='ocr_carea' id='block_1_109' title="bbox 2073 4829 3722 4906">
    <p class='ocr_par' dir='ltr' id='par_1_109' title="bbox 2073 4829 3722 4906">
     <span class='ocr_line' id='line_1_109' title="bbox 2073 4829 3722 4906; baseline 0.005 -22"><span class='ocrx_word' id='word_1_747' title='bbox 2073 4829 2234 4903; x_wconf 79' lang='lat' dir='ltr'><strong>pulus</strong></span> <span class='ocrx_word' id='word_1_748' title='bbox 2259 4845 2367 4885; x_wconf 84' lang='lat' dir='ltr'><strong>non</strong></span> <span class='ocrx_word' id='word_1_749' title='bbox 2384 4838 2462 4885; x_wconf 84' lang='lat' dir='ltr'><strong>est</strong></span> <span class='ocrx_word' id='word_1_750' title='bbox 2488 4843 2738 4885; x_wconf 85' lang='lat' dir='ltr'><strong>reversus</strong></span> <span class='ocrx_word' id='word_1_751' title='bbox 2764 4830 2832 4885; x_wconf 84' lang='lat' dir='ltr'><strong>ad</strong></span> <span class='ocrx_word' id='word_1_752' title='bbox 2853 4833 3241 4901; x_wconf 81' lang='lat' dir='ltr'><strong>perculientem</strong></span> <span class='ocrx_word' id='word_1_753' title='bbox 3263 4847 3319 4888; x_wconf 83' lang='lat' dir='ltr'><strong>se</strong></span> <span class='ocrx_word' id='word_1_754' title='bbox 3341 4833 3476 4904; x_wconf 82' lang='lat' dir='ltr'><strong>(Jer.</strong></span> <span class='ocrx_word' id='word_1_755' title='bbox 3518 4850 3612 4902; x_wconf 82' lang='lat' dir='ltr'><strong>xv,</strong></span> <span class='ocrx_word' id='word_1_756' title='bbox 3642 4835 3722 4906; x_wconf 86' lang='lat'><strong>6).</strong></span> 
     </span>
    </p>
   </div>
   <div class='ocr_carea' id='block_1_110' title="bbox 2075 4917 3723 4995">
    <p class='ocr_par' dir='ltr' id='par_1_110' title="bbox 2075 4917 3723 4995">
     <span class='ocr_line' id='line_1_110' title="bbox 2075 4917 3723 4995; baseline 0.004 -20"><span class='ocrx_word' id='word_1_757' title='bbox 2075 4918 2217 4975; x_wconf 83' lang='lat' dir='ltr'><strong>Hinc</strong></span> <span class='ocrx_word' id='word_1_758' title='bbox 2245 4933 2382 4975; x_wconf 84' lang='lat' dir='ltr'><strong>voce</strong></span> <span class='ocrx_word' id='word_1_759' title='bbox 2412 4917 2828 4990; x_wconf 81' lang='lat' dir='ltr'><strong>ﬂagellantium</strong></span> <span class='ocrx_word' id='word_1_760' title='bbox 2872 4919 3156 4992; x_wconf 88' lang='lat' dir='ltr'><strong>propheta</strong></span> <span class='ocrx_word' id='word_1_761' title='bbox 3200 4924 3597 4995; x_wconf 89' lang='lat' dir='ltr'><strong>conqueritur,</strong></span> <span class='ocrx_word' id='word_1_762' title='bbox 3631 4925 3723 4981; x_wconf 90' lang='lat' dir='ltr'><strong>di-</strong></span> 
     </span>
    </p>
   </div>
   <div class='ocr_carea' id='block_1_111' title="bbox 2075 5007 3723 5086">
    <p class='ocr_par' dir='ltr' id='par_1_111' title="bbox 2075 5007 3723 5086">
     <span class='ocr_line' id='line_1_111' title="bbox 2075 5007 3723 5086; baseline 0.004 -23"><span class='ocrx_word' id='word_1_763' title='bbox 2075 5023 2246 5063; x_wconf 84' lang='lat' dir='ltr'><strong>cens:</strong></span> <span class='ocrx_word' id='word_1_764' title='bbox 2275 5007 2598 5062; x_wconf 81' lang='lat' dir='ltr'><strong>Curavimus</strong></span> <span class='ocrx_word' id='word_1_765' title='bbox 2622 5007 2958 5078; x_wconf 76' lang='lat' dir='ltr'><strong>Babylonem</strong></span> <span class='ocrx_word' id='word_1_766' title='bbox 3007 5009 3058 5065; x_wconf 81' lang='lat' dir='ltr'><strong>et</strong></span> <span class='ocrx_word' id='word_1_767' title='bbox 3104 5025 3212 5066; x_wconf 84' lang='lat' dir='ltr'><strong>non</strong></span> <span class='ocrx_word' id='word_1_768' title='bbox 3251 5022 3327 5068; x_wconf 77' lang='lat' dir='ltr'><strong>est</strong></span> <span class='ocrx_word' id='word_1_769' title='bbox 3364 5019 3561 5070; x_wconf 83' lang='lat' dir='ltr'><strong>sanata</strong></span> <span class='ocrx_word' id='word_1_770' title='bbox 3586 5015 3723 5086; x_wconf 83' lang='lat' dir='ltr'><strong>(Jer.</strong></span> 
     </span>
    </p>
   </div>
   <div class='ocr_carea' id='block_1_112' title="bbox 2078 5094 3726 5168">
    <p class='ocr_par' dir='ltr' id='par_1_112' title="bbox 2078 5094 3726 5168">
     <span class='ocr_line' id='line_1_112' title="bbox 2078 5094 3726 5168; baseline 0.004 -16"><span class='ocrx_word' id='word_1_771' title='bbox 2078 5112 2148 5160; x_wconf 79' lang='grc' dir='ltr'><strong>ιι.</strong></span> <span class='ocrx_word' id='word_1_772' title='bbox 2173 5096 2248 5168; x_wconf 89' lang='lat'><strong>9).</strong></span> <span class='ocrx_word' id='word_1_773' title='bbox 2284 5094 2536 5168; x_wconf 80' lang='lat' dir='ltr'><strong>Babylon</strong></span> <span class='ocrx_word' id='word_1_774' title='bbox 2571 5097 2784 5168; x_wconf 90' lang='lat' dir='ltr'><strong>quippe</strong></span> <span class='ocrx_word' id='word_1_775' title='bbox 2811 5103 3072 5164; x_wconf 90' lang='lat' dir='ltr'><strong>curatur,</strong></span> <span class='ocrx_word' id='word_1_776' title='bbox 3107 5115 3210 5157; x_wconf 89' lang='lat' dir='ltr'><strong>nec</strong></span> <span class='ocrx_word' id='word_1_777' title='bbox 3241 5106 3438 5159; x_wconf 89' lang='lat' dir='ltr'><strong>tamen</strong></span> <span class='ocrx_word' id='word_1_778' title='bbox 3468 5105 3538 5159; x_wconf 85' lang='lat' dir='ltr'><strong>ad</strong></span> <span class='ocrx_word' id='word_1_779' title='bbox 3573 5103 3726 5160; x_wconf 83' lang='lat' dir='ltr'><strong>sani-</strong></span> 
     </span>
    </p>
   </div>
   <div class='ocr_carea' id='block_1_113' title="bbox 2075 5185 3719 5259">
    <p class='ocr_par' dir='ltr' id='par_1_113' title="bbox 2075 5185 3719 5259">
     <span class='ocr_line' id='line_1_113' title="bbox 2075 5185 3719 5259; baseline 0.005 -18"><span class='ocrx_word' id='word_1_780' title='bbox 2075 5192 2248 5241; x_wconf 85' lang='lat' dir='ltr'><strong>tatem</strong></span> <span class='ocrx_word' id='word_1_781' title='bbox 2274 5185 2832 5255; x_wconf 86' lang='lat' dir='ltr'><strong>reducitur,quando</strong></span> <span class='ocrx_word' id='word_1_782' title='bbox 2859 5201 3022 5242; x_wconf 86' lang='lat' dir='ltr'><strong>mens</strong></span> <span class='ocrx_word' id='word_1_783' title='bbox 3044 5189 3100 5243; x_wconf 89' lang='lat' dir='ltr'><strong>in</strong></span> <span class='ocrx_word' id='word_1_784' title='bbox 3128 5199 3302 5259; x_wconf 87' lang='lat' dir='ltr'><strong>prava</strong></span> <span class='ocrx_word' id='word_1_785' title='bbox 3324 5193 3549 5248; x_wconf 84' lang='lat' dir='ltr'><strong>actione</strong></span> <span class='ocrx_word' id='word_1_786' title='bbox 3582 5210 3719 5249; x_wconf 91' lang='lat' dir='ltr'><strong>con-</strong></span> 
     </span>
    </p>
   </div>
   <div class='ocr_carea' id='block_1_114' title="bbox 2075 5271 3723 5353">
    <p class='ocr_par' dir='ltr' id='par_1_114' title="bbox 2075 5271 3723 5353">
     <span class='ocr_line' id='line_1_114' title="bbox 2075 5271 3723 5353; baseline 0.005 -23"><span class='ocrx_word' id='word_1_787' title='bbox 2075 5276 2222 5342; x_wconf 80' lang='lat' dir='ltr'><strong>fusa,</strong></span> <span class='ocrx_word' id='word_1_788' title='bbox 2256 5274 2428 5329; x_wconf 85' lang='lat' dir='ltr'><strong>verba</strong></span> <span class='ocrx_word' id='word_1_789' title='bbox 2459 5271 2844 5345; x_wconf 88' lang='lat' dir='ltr'><strong>correptionis</strong></span> <span class='ocrx_word' id='word_1_790' title='bbox 2877 5277 3059 5340; x_wconf 86' lang='lat' dir='ltr'><strong>audit,</strong></span> <span class='ocrx_word' id='word_1_791' title='bbox 3079 5277 3306 5348; x_wconf 86' lang='lat' dir='ltr'><strong>ﬂagella</strong></span> <span class='ocrx_word' id='word_1_792' title='bbox 3338 5279 3723 5353; x_wconf 89' lang='lat' dir='ltr'><strong>correptionis</strong></span> 
     </span>
    </p>
   </div>
   <div class='ocr_carea' id='block_1_115' title="bbox 2073 5362 3728 5436">
    <p class='ocr_par' dir='ltr' id='par_1_115' title="bbox 2073 5362 3728 5436">
     <span class='ocr_line' id='line_1_115' title="bbox 2073 5362 3728 5436; baseline 0.005 -16"><span class='ocrx_word' id='word_1_793' title='bbox 2073 5362 2402 5436; x_wconf 89' lang='lat' dir='ltr'><strong>percipit,et</strong></span> <span class='ocrx_word' id='word_1_794' title='bbox 2432 5367 2626 5418; x_wconf 90' lang='lat' dir='ltr'><strong>tamen</strong></span> <span class='ocrx_word' id='word_1_795' title='bbox 2646 5363 2719 5418; x_wconf 90' lang='lat' dir='ltr'><strong>ad</strong></span> <span class='ocrx_word' id='word_1_796' title='bbox 2745 5369 2904 5421; x_wconf 89' lang='lat' dir='ltr'><strong>recta</strong></span> <span class='ocrx_word' id='word_1_797' title='bbox 2928 5364 3136 5423; x_wconf 88' lang='lat' dir='ltr'><strong>salutis</strong></span> <span class='ocrx_word' id='word_1_798' title='bbox 3161 5368 3365 5427; x_wconf 89' lang='lat' dir='ltr'><strong>itinera</strong></span> <span class='ocrx_word' id='word_1_799' title='bbox 3387 5370 3572 5426; x_wconf 87' lang='lat' dir='ltr'><strong>redire</strong></span> <span class='ocrx_word' id='word_1_800' title='bbox 3594 5387 3728 5428; x_wconf 85' lang='lat' dir='ltr'><strong>con-</strong></span> 
     </span>
    </p>
   </div>
   <div class='ocr_carea' id='block_1_116' title="bbox 2110 5597 3725 5675">
    <p class='ocr_par' dir='ltr' id='par_1_116' title="bbox 2110 5597 3725 5675">
     <span class='ocr_line' id='line_1_116' title="bbox 2110 5597 3725 5675; baseline 0.002 -18"><span class='ocrx_word' id='word_1_801' title='bbox 2110 5600 2215 5658; x_wconf 69' lang='lat' dir='ltr'><strong>uod</strong></span> <span class='ocrx_word' id='word_1_802' title='bbox 2243 5597 2534 5675; x_wconf 72' lang='lat' dir='ltr'><strong>vocatipne</strong></span> <span class='ocrx_word' id='word_1_803' title='bbox 2560 5613 2684 5654; x_wconf 78' lang='lat' dir='ltr'><strong>sua.</strong></span> <span class='ocrx_word' id='word_1_804' title='bbox 2715 5599 3092 5675; x_wconf 75' lang='lat' dir='ltr'><strong>Signiﬁcatur</strong></span> <span class='ocrx_word' id='word_1_805' title='bbox 3117 5604 3439 5675; x_wconf 83' lang='lat' dir='ltr'><strong>Christum,</strong></span> <span class='ocrx_word' id='word_1_806' title='bbox 3464 5606 3528 5661; x_wconf 89' lang='lat' dir='ltr'><strong>ut</strong></span> <span class='ocrx_word' id='word_1_807' title='bbox 3557 5605 3725 5661; x_wconf 88' lang='lat' dir='ltr'><strong>docet</strong></span> 
     </span>
    </p>
   </div>
   <div class='ocr_carea' id='block_1_117' title="bbox 2103 5671 3569 5748">
    <p class='ocr_par' dir='ltr' id='par_1_117' title="bbox 2103 5671 3569 5748">
     <span class='ocr_line' id='line_1_117' title="bbox 2103 5671 3569 5748; baseline 0 -18"><span class='ocrx_word' id='word_1_808' title='bbox 2103 5675 2343 5743; x_wconf 70' lang='lat' dir='ltr'><strong>«anas,</strong></span> <span class='ocrx_word' id='word_1_809' title='bbox 2375 5671 2723 5728; x_wconf 64' lang='lat' dir='ltr'><strong>advocates</strong></span> <span class='ocrx_word' id='word_1_810' title='bbox 2751 5671 2909 5747; x_wconf 67' lang='lat' dir='ltr'><strong>apud</strong></span> <span class='ocrx_word' id='word_1_811' title='bbox 2943 5681 3165 5748; x_wconf 72' lang='lat' dir='ltr'><strong>patrem</strong></span> <span class='ocrx_word' id='word_1_812' title='bbox 3196 5690 3304 5733; x_wconf 85' lang='lat' dir='ltr'><strong>nos</strong></span> <span class='ocrx_word' id='word_1_813' title='bbox 3334 5671 3569 5732; x_wconf 70' lang='lat' dir='ltr'><strong>habere.</strong></span> 
     </span>
    </p>
   </div>
  </div>
