4136 6178
227 351 288 410 73
974 347 1309 410 ΒΕϐΙΠλίΕ
1353 351 1702 413 ΡᾹΞΤΟΒΑ
1714 350 1830 411 LlS
1874 351 1891 411 l

2005 351 2128 411 ER.
2178 386 2254 396 —
2295 351 2500 414 PARS
2549 351 2856 414 ΤΕιιΤιΑ.
3556 357 3631 422 74

220 482 412 539 citium
457 484 902 543 circumstantiae
930 485 1102 542 labiis
1142 486 1279 542 meis
1306 486 1422 558 (Ps.
1451 502 1576 553 ch,
1616 484 1693 555 3).
1741 484 1867 540 Non
1900 482 1952 551 Α
1980 482 2231 540 Jacobus
2261 484 2343 540 ait
2374 501 2388 540 :
2425 485 2484 541 Si
2511 485 2634 558 quis
2652 489 2810 558 putat
2836 502 2894 543 sc
2924 487 3240 558 religiosum
3268 506 3381 548 csse
3403 506 3510 549 non
3538 509 3627 551 rc-

223 574 375 630 enim
411 575 547 646 poni
578 576 656 630 ori
691 592 802 631 suo
825 576 1129 648 parietem,
1150 578 1246 633 sed
1283 576 1500 632 ostium
1536 576 1868 649 petit,quod
1977 583 2202 642 [rcnans
2227 575 2475 646 linguam
2506 593 2685 644 suam,
2725 575 2816 632 sed
2845 577 3104 633 seductus
3133 596 3226 635 cor
3249 597 3433 650 suum,
3458 582 3626 656 hujus

228 663 494 718 videlicet
519 665 780 735 aperitur
807 671 864 722 et
894 665 1208 721 clauditur.
1235 665 1399 721 Unde
1429 671 1487 722 ct
1515 666 1682 722 nobis
1705 670 1872 720 caute
1983 678 2125 717 vana
2147 668 2227 718 est
2246 664 2454 736 religio
2487 665 2618 732 (Jac.
2649 666 2816 737 1,26).
2845 665 2985 722 Hinc
3011 685 3242 724 rursum
3274 671 3356 725 ait
3385 673 3499 728 :Sit
3519 689 3630 729 om-

231 752 562 808 discendum
597 759 708 818 est,
741 760 1036 826 quatenus
1079 773 1143 811 os
1173 755 1494 811 discretum
1528 766 1585 811 et
1615 771 1873 828 congruo
1981 753 2071 806 nis
2096 751 2252 809 homo
2281 755 2438 809 velox
2467 754 2536 808 ad
2585 754 2942 820 audiendum,
2995 757 3191 812 tardus
3221 765 3404 816 autem
3453 763 3523 816 ad
3554 763 3629 818 lo-

229 847 485 911 tempore
501 859 611 897 vox
629 844 952 917 aperiut,et
970 860 1202 900 rursum
1226 860 1481 917 congruo
1506 845 1876 901 taciturnitas
1985 842 2254 914 quendam
2281 844 2467 912 :Ivid.,
2502 845 2609 912 19).
2644 845 2789 901 Hinc
2821 847 3053 915 iterum,
3087 849 3300 920 linguae
3330 851 3444 907 vim
3477 855 3627 908 defi-

226 930 466 986 claudat.
1987 933 2196 996 niens.,
2228 934 2498 1005 adjungit
2529 950 2542 989 :
2592 935 2902 1006 Inquietum
2933 936 3168 999 malum,
3208 939 3370 1009 plena
3420 958 3624 998 veneno

288 1027 355 1074 At
388 1025 599 1076 contra
629 1023 988 1079 admonendi
1020 1028 1160 1079 sunt
1183 1023 1552 1095 multiloquio
1585 1028 1875 1093 vacantes,

232 1118 281 1164 ut
302 1108 915 1183 vigilanteraspiciant
933 1130 967 1168 a
984 1119 1200 1184 quanto
1227 1113 1594 1169 rectitudinis
1611 1117 1766 1169 statu
1787 1114 1880 1169 de-

233 1208 486 1269 pereunt,
513 1201 654 1255 dum
684 1217 783 1272 per
806 1203 1154 1274 multiplicia
1171 1206 1343 1260 verba
1371 1203 1732 1259 dilabuntur.
1768 1205 1877 1259 Hu-

232 1289 633 1344 manaetenim
657 1306 1002 1364 mensaquaa
1029 1307 1183 1347 more
1203 1293 1280 1364 (ιι)
1299 1292 1684 1348 circumclusa
1700 1294 1767 1348 ad
1787 1311 1876 1348 su-

235 1377 442 1446 periora
462 1378 785 1451 colligitur,
805 1383 943 1453 quia
967 1381 1111 1437 illud
1136 1383 1343 1454 repetit
1365 1383 1520 1437 unde
1546 1383 1873 1449 descendit;

239 1472 284 1522 et
302 1468 556 1522 relaxata
577 1469 823 1540 deperit,
839 1470 980 1542 quia
1001 1486 1062 1526 se
1088 1487 1185 1543 per
1203 1470 1406 1527 infima
1422 1470 1704 1528 inutiliter
1718 1489 1880 1543 spar-

244 1556 337 1627 git.
368 1558 516 1622 Quot
538 1559 697 1613 enim
721 1560 1098 1631 supervacuis
1121 1560 1311 1616 verbis
1334 1577 1368 1616 a
1397 1561 1615 1617 silentii
1634 1561 1720 1617 sui
1743 1578 1878 1617 ccu-

251 1661 369 1701 sura
396 1646 740 1718 dissipatur,
765 1649 930 1720 quasi
961 1652 1046 1704 tot
1060 1649 1198 1705 rivis
1219 1653 1380 1706 extra
1401 1667 1465 1706 se
1486 1651 1739 1707 ducitur.
1763 1650 1878 1706 Un-

254 1733 314 1788 de
329 1739 382 1788 et
404 1734 589 1790 redire
606 1735 857 1792 interius
876 1737 948 1792 ad
972 1737 1059 1792 sui
1082 1737 1474 1810 cognitionem
1500 1755 1614 1794 non
1641 1738 1878 1808 sufﬁcit,

262 1823 385 1895 quia
410 1841 508 1895 per
539 1823 984 1897 multiloquium
1013 1843 1239 1898 sparsa,
1265 1843 1298 1882 a
1327 1835 1546 1886 secreto
1578 1845 1640 1885 se
1661 1829 1882 1884 intima
1916 1859 1960 1924 Β

270 1913 723 1969 considerationis
754 1914 1028 1971 excludit.
1054 1917 1258 1972 Totam
1292 1933 1423 1973 vero
1455 1933 1517 1974 se
1548 1917 1882 1973 insidiantis

273 2000 433 2056 hostis
459 2003 790 2060 vulneribus
811 2004 1044 2073 detegit,
1077 2006 1216 2078 quia
1237 2005 1397 2062 nulla
1415 2006 1739 2063 munitione
1759 2024 1887 2064 cus-

269 2089 419 2144 todiae
447 2089 874 2147 circumcludit.
911 2091 1074 2147 Unde
1096 2091 1376 2162 scriptum
1409 2097 1533 2150 est:
1567 2094 1722 2150 Sicut
1756 2094 1884 2150 urbs

259 2183 430 2248 patens
456 2183 728 2251 ctabsquc
746 2196 1038 2236 murorum
1055 2182 1290 2250 ambitu,
1313 2185 1391 2238 ita
1421 2184 1505 2238 vir
1530 2186 1625 2254 qui
1654 2200 1760 2238 non
1783 2200 1882 2255 po-

256 2272 346 2322 test
372 2270 426 2323 in
456 2269 723 2340 loquendo
754 2269 1005 2326 cohibere
1023 2272 1290 2340 spiritum
1331 2288 1492 2327 suum
1527 2274 1711 2342 (Prov.
1753 2290 1885 2342 xxv,

257 2359 352 2420 25;.
380 2359 520 2424 Quia
540 2358 694 2413 enim
729 2375 959 2414 murum
984 2358 1200 2415 silentii
1231 2377 1347 2416 non
1373 2361 1565 2427 habet,
1591 2367 1743 2432 patet
1774 2363 1887 2419 ini-

257 2445 374 2501 mici
403 2446 610 2516 jaculis
634 2447 838 2503 civitas
871 2447 1082 2504 mentis
1107 2465 1122 2515 ;
1155 2452 1365 2504 etcum
1393 2465 1455 2505 se
1478 2465 1579 2521 per
1600 2450 1771 2508 verba
1791 2468 1890 2508 ex-

256 2541 330 2592 tra
351 2536 728 2608 semetipsum
756 2537 935 2606 ejicit,
961 2543 1225 2608 apertam
1257 2555 1320 2594 se
1343 2539 1676 2596 adversario
1698 2547 1888 2597 osten~

253 2626 344 2681 dit.
378 2627 564 2693 Quam
596 2635 754 2681 tanto
785 2624 883 2682 ille
913 2626 1040 2682 sine
1069 2625 1262 2684 labore
1293 2634 1550 2700 superat,
1587 2638 1803 2701 quanto
1835 2637 1904 2698 et,

250 2716 366 2786 ipsa
393 2732 517 2788 quas
549 2715 824 2783 vincitur,
862 2721 1064 2773 contra
1092 2717 1466 2789 semetipsam
1498 2735 1601 2791 per
1631 2719 1891 2778 multilo-

259 2807 447 2878 quium
492 2809 738 2878 pugnat.

314 2905 670 2978 Plerumque
693 2909 887 2962 autem
912 2906 1052 2979 quia
1073 2923 1171 2978 per
1201 2908 1487 2980 quosdam
1511 2909 1726 2981 gradus
1749 2911 1896 2968 desi-

249 2995 409 3051 diosa
439 3010 612 3050 mens
655 2994 712 3050 in
747 2994 978 3066 lapsum
1027 3012 1196 3052 casus
1239 2997 1585 3067 impellitur,
1619 2999 1758 3054 dum
1795 3002 1889 3059 55

241 3084 421 3140 otiosa
450 3099 660 3140 cavere
685 3084 860 3139 verba
892 3083 1265 3157 negligimus,
1311 3086 1385 3141 ad
1417 3085 1587 3142 noxia
1629 3090 1898 3160 perveni-

232 3190 395 3242 mus;
421 3180 488 3230 ut
512 3173 672 3246 prius
693 3173 852 3244 loqui
875 3173 1278 3241 alienalibeat,
1305 3180 1677 3248 postmodum
1701 3179 1889 3236 detra-

228 3264 526 3320 ctionibus
559 3279 763 3319 eorum
787 3262 968 3319 vitam
995 3263 1074 3335 (b)
1106 3264 1177 3320 de
1198 3265 1412 3337 quibus
1445 3264 1704 3336 loquitur
1737 3285 1891 3326 mor-

224 3353 383 3421 deat,
397 3354 465 3408 ad
485 3359 816 3408 extremum
832 3368 964 3409 vero
978 3369 1164 3425 usque
1185 3354 1255 3408 ad
1281 3359 1510 3425 apertas
1533 3355 1733 3428 lingua
1753 3375 1889 3416 con-

221 3442 505 3498 tumelias
520 3440 969 3512 erumpaLHinc
982 3445 1348 3499 seminantur
1361 3443 1606 3509 stimuli,
1622 3447 1853 3502 oriuntu
1868 3466 1895 3505 r

229 3531 388 3594 rixa,
417 3529 831 3586 accenduntur
853 3530 1007 3586 faces
1037 3531 1327 3597 odiorum,
1364 3548 1471 3602 pax
1506 3533 1901 3606 exstinguitur

232 3620 527 3675 cordinm.
549 3617 715 3674 Unde
738 3618 882 3674 bene
907 3635 1001 3688 per
1021 3618 1388 3676 Salomonem
1413 3620 1628 3678 dicitur
1650 3641 1663 3680 :
1689 3624 1800 3694 Qui
1819 3625 1901 3681 di-

238 3709 415 3763 mittit
444 3724 677 3780 uquam,
719 3716 882 3778 caput
904 3712 985 3763 cst
1032 3708 1340 3779 iurgiorum
1373 3710 1555 3780 (Prov.
1603 3728 1742 3778 xvn,
1787 3714 1894 3785 14).

239 3805 471 3870 Aquam
498 3797 717 3868 quippe
748 3796 1043 3852 dimittere
1063 3797 1433 3870 estlinguam
1459 3799 1514 3854 in
1543 3799 1760 3857 fluxum
1788 3804 1904 3860 elo-

243 3888 368 3959 quii
394 3885 683 3942 relaxare.
719 3885 839 3950 Quo
875 3893 1076 3941 contra
1105 3885 1163 3940 in
1187 3885 1340 3942 bona
1370 3888 1546 3944 etiam
1599 3896 1762 3961 parte
1797 3891 1902 3948 ite-

240 3993 372 4031 rum
405 3974 630 4030 dicitur
654 3991 668 4029 :
693 3975 842 4045 Aqua
862 3974 1166 4045 pro/unda,
1198 3976 1359 4032 verba
1379 3992 1448 4032 ea:
1461 3991 1556 4034 ore
1581 3977 1695 4034 viri
1713 3979 1900 4050 (Ibid.,

240 4083 406 4134 xvm,
431 4065 505 4134 4).
529 4064 641 4130 Qui
673 4079 807 4129 ergo
829 4063 1076 4119 dimittit
1101 4081 1341 4136 aquam,
1373 4073 1543 4138 caput
1572 4069 1901 4140 estjurgio-

239 4171 396 4223 rum,
435 4153 580 4225 quia
611 4153 710 4224 qui
740 4151 1004 4224 linguam
1035 4170 1148 4209 non
1200 4156 1478 4224 refrenat,
1530 4159 1898 4216 concordiam

241 4245 512 4316 dissipat.
548 4240 714 4298 Unde
744 4257 775 4298 e
807 4242 1034 4297 diverso
1057 4243 1338 4314 scriptum
1371 4249 1461 4300 est
1486 4261 1499 4300 :
1526 4245 1635 4314 Qui
1662 4249 1902 4316 imponit

237 4337 413 4390 stulto
435 4332 749 4397 silentium,
781 4335 898 4387 iras
925 4333 1143 4402 mitigat
1172 4332 1330 4404 (Ibid.
1381 4351 1535 4404 xxvr,
1588 4336 1697 4408 10).
1731 4337 1896 4402 Quod

240 4434 434 4480 autem
452 4420 826 4494 multiloquio
844 4421 1092 4492 quisque
1106 4422 1383 4487 serviens,
1399 4423 1470 4494 (c)
1490 4432 1598 4478 rect
1613 4424 1897 4482 itudinem

229 4512 486 4582 justitia
501 4517 700 4565 tenere
718 4525 1087 4580 nequaquam
1109 4509 1312 4580 possit,
1328 4517 1576 4566 testatur
1590 4513 1898 4584 Propheta,

1984 1024 2271 1093 morti/ero
2303 1025 2436 1086 (Jac.
2471 1040 2555 1090 ιιι,
2578 1023 2651 1094 8).
2690 1025 2830 1080 Hinc
2865 1041 2965 1096 per
2996 1027 3372 1098 semetipsum
3400 1047 3506 1087 nos
3530 1033 3630 1088 Ve-

1987 1111 2130 1166 ritas
2162 1113 2460 1180 admonet,
2495 1112 2694 1167 dicens
2727 1130 2739 1167 :
2775 1114 2944 1170 Omne
2976 1115 3197 1171 verbum
3226 1119 3460 1175 otiosum
3488 1121 3629 1193 quod

1992 1203 2156 1256 locuti
2185 1203 2396 1268 fuerint
2425 1203 2695 1263 homines,
2717 1203 2942 1258 reddent
2974 1204 3038 1258 de
3059 1220 3118 1260 eo
3149 1209 3430 1263 rationem
3454 1208 3516 1264 in
3544 1210 3634 1265 die

1986 1289 2187 1358 iudicii
2217 1290 2425 1362 (llatth.
2454 1309 2552 1360 xu,
2582 1292 2695 1363 3d).
2729 1292 2986 1348 Otiosum
3014 1295 3230 1367 quippe
3255 1300 3495 1354 verbum
3520 1305 3631 1367 est,

1988 1380 2142 1450 quod
2173 1384 2274 1434 aut
2304 1381 2716 1449 rationejustte
2750 1384 3140 1452 necessitatis,
3175 1393 3272 1440 aut
3313 1387 3635 1444 intentione

1989 1467 2096 1538 piae
2121 1467 2394 1524 utilitatis
2423 1475 2597 1525 caret.
2624 1470 2682 1526 Si
2716 1486 2850 1543 ergo
2881 1471 2951 1528 de
2983 1472 3166 1528 otioso
3189 1490 3457 1530 sermone
3488 1476 3635 1532 ratio

1987 1556 2261 1628 exigitur,
2277 1573 2729 1630 pensemusquae
2749 1576 2918 1630 poena
2935 1561 3367 1634 multiloquium
3389 1569 3636 1633 maneat,

1989 1645 2048 1700 in
2083 1663 2196 1719 quo
2227 1647 2400 1702 etiam
2437 1664 2538 1718 per
2569 1649 2738 1703 noxia
2771 1652 2942 1705 verba
2963 1657 3254 1722 peccatur.

2415 1736 2649 1793 CAPUT
2690 1737 2782 1793 XV
2827 1739 2934 1813 [Αἱ.
2975 1741 3203 1814 XXXIX].

2186 1826 2459 1896 Quomodo
2489 1826 2828 1884 admonendi
2849 1827 3001 1899 pigri
3029 1835 3082 1885 ct
3109 1832 3440 1904 prwcipites.

2064 1917 2406 1989 (Admonitio
2441 1917 2551 1988 16.)
2585 1918 2767 1973 Aliter
2795 1917 3145 1976 admonendi
3170 1927 3311 1977 sunt
3340 1922 3513 1995 pigri,
3548 1929 3641 1980 at-

1993 2024 2104 2080 que
2135 2006 2301 2062 aliter
2334 2006 2673 2077 praecipites.
2703 2006 2785 2062 Illi
2808 2024 3059 2080 namque
3076 2011 3360 2066 suadendi
3383 2017 3543 2081 sunt,
3567 2029 3639 2069 ne

1993 2095 2214 2168 agenda
2248 2094 2418 2162 bona,
2443 2095 2582 2150 dum
2607 2095 2904 2165 differunt,
2928 2098 3196 2154 amittant
3222 2124 3237 2166 ;
3262 2100 3358 2155 isti
3383 2117 3512 2157 vero
3535 2103 3638 2157 ad-

1994 2183 2262 2242 monentii
2289 2191 2448 2252 sunt,
2473 2200 2544 2239 ne
2565 2184 2707 2239 dum
2725 2187 3010 2241 bonorum
3032 2195 3257 2258 tempus
3280 2189 3513 2247 incaute
3532 2191 3641 2246 fes-

1991 2275 2231 2332 tinando
2253 2275 2842 2343 praeveniunt,eorum
2869 2279 3074 2332 merita
3101 2278 3428 2334 immutent.
3455 2279 3643 2351 Pigris

1995 2367 2192 2438 itaque
2222 2363 2619 2419 intimandum
2653 2369 2738 2419 est
2767 2365 2918 2436 quod
2951 2381 3102 2437 saepe
3141 2367 3282 2422 dum
3315 2374 3645 2440 Opportune

1995 2468 2166 2525 agere
2197 2469 2322 2524 qua!
2355 2467 2667 2524 possumus
2699 2451 2993 2521 nolumus,
3027 2455 3200 2525 paulo
3230 2460 3363 2526 post
3389 2470 3523 2512 cum
3550 2473 3649 2513 vo-

1997 2549 2195 2605 lumus
2209 2564 2322 2602 non
2346 2548 2631 2602 valemus.
2651 2547 2781 2620 Ipsa
2798 2547 3016 2620 quippe
3031 2549 3476 2608 mentisdesidia
3502 2551 3643 2607 dum

1999 2653 2255 2709 congruo
2286 2638 2504 2693 fervore
2527 2653 2641 2693 non
2667 2637 3021 2707 accenditur,
3045 2655 3079 2693 a
3109 2639 3394 2697 bonorum
3425 2640 3647 2697 deside-

2000 2725 2084 2782 rio
2108 2725 2389 2792 funditus,
2413 2724 2855 2782 convalescente
2874 2727 3072 2783 furtim
3093 2732 3321 2800 torpore
3335 2735 3643 2785 mactatur.

2003 2816 2164 2874 Unde
2185 2822 2384 2888 aperte
2407 2831 2506 2886 per
2533 2814 2901 2871 Salomonem
2926 2816 3137 2872 dicitur
3156 2833 3168 2872 :
3190 2818 3422 2886 Pigrch
3441 2819 3650 2875 immit-

2003 2908 2070 2962 tit
2098 2920 2342 2978 soporem
2366 2904 2552 2976 (Prov.
2576 2921 2691 2972 XIX,
2720 2905 2828 2976 t5).
2855 2904 3020 2978 Piger
3040 2905 3194 2961 enim
3222 2911 3375 2963 recte
3406 2908 3660 2964 sentien-

2004 2995 2077 3051 do
2095 2995 2256 3066 quasi
2275 2993 2493 3063 vigilat,
2519 2993 2789 3064 quamvis
2815 2993 2891 3048 nil
2911 2996 3207 3065 operando
3224 3001 3534 3069 torpescat,
3555 2996 3662 3053 sed

2005 3083 2247 3156 pigredo
2283 3097 2551 3154 sOporem
2580 3081 2892 3136 immittere
2927 3082 3162 3149 dicitur,
3188 3085 3326 3156 quia
3365 3084 3664 3157 paulisper

2007 3173 2182 3229 etiam
2206 3173 2279 3242 (d)
2304 3175 2454 3226 recte
2477 3170 2768 3227 sentiendi
2792 3171 3095 3240 vigilantia
3123 3175 3427 3244 amittitur,
3459 3175 3600 3231 dum
3630 3193 3665 3231 a

2017 3262 2161 3316 bene
2192 3258 2469 3330 operandi
2499 3257 2694 3313 studio
2725 3263 3010 3313 cessatur.
3044 3259 3150 3315 Ubi
3181 3267 3334 3316 recte
3355 3262 3666 3334 subiungi-

2015 3356 2112 3407 tur
2142 3367 2155 3405 :
2187 3352 2260 3405 Et
2281 3351 2472 3405 anima
2492 3347 2758 3404 dissoluta
2779 3350 2980 3405 esuriat
3010 3350 3224 3420 (lbid.).
3259 3351 3401 3406 Nam
3438 3352 3571 3422 quia
3603 3370 3664 3408 se

2012 3441 2082 3496 ad
2116 3439 2420 3512 superiora
2445 3437 2789 3509 stringendo
2831 3455 2944 3493 non
2978 3439 3197 3510 dirigit,
3230 3438 3559 3511 neglectam
3594 3458 3658 3497 se

2010 3529 2255 3586 inferius
2283 3546 2382 3601 per
2413 3527 2702 3584 desideria
2734 3529 3041 3600 expandit;
3075 3535 3129 3585 et
3162 3530 3303 3586 dum
3327 3531 3661 3588 studiorum

2013 3619 2353 3677 sublimium
2369 3617 2562 3690 vigore
2580 3634 2694 3674 non
2709 3618 3158 3691 constringitur,
3175 3621 3516 3694 cupiditatis
3539 3622 3669 3678 infi-

2015 3727 2120 3764 mae
2145 3709 2213 3781 (ε)
2240 3709 2391 3763 fame
2413 3707 2712 3763 sauciatur
2730 3725 2743 3775 ;
2761 3712 2823 3762 ut
2844 3725 2958 3781 quo
2974 3725 3036 3764 se
3054 3709 3538 3783 perdisciplinam
3560 3714 3662 3770 56

2009 3800 2192 3868 ligare
2223 3797 2581 3866 dissimulat,
2601 3813 2668 3853 eo
2685 3815 2746 3853 se
2760 3798 3024 3853 esuriens
3049 3814 3151 3870 per
3173 3799 3534 3871 voluptatum
3557 3802 3658 3856 de-

2009 3888 2224 3945 sideria
2249 3891 2504 3959 spargat.
2540 3886 2687 3941 Hinc
2719 3886 2790 3940 ab
2845 3887 3044 3943 eodem
3107 3904 3310 3943 rursus
3341 3889 3658 3948 Salomone

2009 3977 2286 4033 scribitur
2320 3991 2334 4031 :
2365 3977 2430 4030 In
2459 3975 2745 4031 desideriis
2775 3984 2856 4030 est
2884 3977 3060 4030 omnis
3083 3977 3290 4032 otiosus
3329 3978 3513 4048 (Prov.
3539 3995 3658 4046 xxi,

2005 4066 2119 4137 26).
2155 4066 2299 4120 Hinc
2331 4065 2459 4136 ipsa
2487 4063 2740 4120 Veritate
2772 4065 3118 4135 praedicante
3167 4067 3397 4137 (Malm.
3444 4085 3544 4136 xu,
3567 4069 3658 4140 44,

2006 4156 2119 4225 45),
2156 4169 2272 4208 uno
2303 4151 2540 4224 quidem
2572 4157 2818 4208 exeunte
2849 4151 3053 4224 spiritu
3089 4155 3305 4209 munda
3327 4155 3540 4211 domus
3571 4155 3661 4213 di-

2012 4244 2187 4307 citur,
2218 4243 2314 4298 sed
2351 4240 2737 4314 multiplicius
2765 4243 3036 4298 redeunte
3057 4243 3198 4298 dum
3230 4249 3396 4299 vacat
3411 4261 3660 4318 occupa-

2006 4336 2123 4388 tur.
2160 4330 2513 4402 Plerumque
2549 4329 2712 4402 piger
2743 4331 2880 4385 dum
2918 4332 3244 4387 necessaria
3277 4349 3448 4404 agere
3479 4333 3665 4406 negli-

2004 4420 2105 4492 git,
2140 4422 2404 4492 quaedam
2435 4419 2546 4474 sibi
2582 4417 2846 4474 difficilia
2894 4420 3154 4490 opponit,
3212 4421 3480 4492 quaedam
3527 4439 3661 4480 vero

2004 4509 2240 4565 incaute
2266 4507 2540 4563 formidat
2569 4526 2585 4576 ;
2617 4511 2674 4563 et
2696 4508 2832 4562 dum
2867 4509 3034 4579 quasi
3055 4508 3278 4564 invenit
3316 4511 3467 4580 quod
3498 4510 3657 4567 velut

238 4601 334 4672 qui
364 4602 451 4656 ait
483 4615 498 4655 :
558 4599 660 4654 Vir
706 4599 997 4668 linguosus
1040 4613 1146 4653 non
1195 4598 1478 4671 dirigetur
1503 4617 1667 4672 super
1692 4607 1901 4658 terram
1930 4591 1977 4656 D
2002 4601 2164 4671 justo
2197 4605 2432 4664 metuat,
2459 4599 2884 4669 ostenditquod
2915 4598 2970 4654 in
3005 4599 3126 4655 otio
3148 4601 3316 4671 quasi
3339 4616 3453 4655 non
3481 4599 3663 4668 injus-

240 4695 355 4758 (Ps.
378 4706 612 4749 cxxxtx,
633 4689 743 4755 12).
769 4687 918 4743 Hinc
937 4703 1170 4760 quoque
1191 4689 1461 4745 Salomon
1488 4691 1696 4746 iterum
1717 4692 1891 4750 dicit:

239 4779 684 4850 tnmultitoquio
735 4791 846 4832 non
893 4775 1070 4832 deerit
1117 4786 1392 4846 peccatum
1440 4779 1626 4848 (Prov.
1675 4797 1734 4848 x,
1787 4783 1890 4848 l9).

237 4865 386 4923 Hine
411 4867 598 4923 Isaias
621 4864 699 4921 ait
726 4879 740 4920 :
775 4863 966 4919 Cultus
976 4864 1227 4936 justitize
1252 4865 1539 4921 silentium
1583 4869 1674 4934 (Is.
1717 4885 1892 4940 xxxix,

241 4955 352 5027 l7),
370 4955 644 5010 videlicet
664 4953 932 5008 indicans
954 4951 1096 5024 quia
1112 4957 1324 5008 mentis
1341 4953 1578 5024 justitia
1597 4956 1897 5013 desolatur

239 5043 477 5116 quando
498 5042 574 5098 ab
596 5042 978 5098 immoderata
1000 5039 1289 5098 locutione
1304 5058 1418 5098 non
1442 5044 1723 5116 parcitur.
1750 5045 1894 5102 Hinc

308 5156 386 5223 (α)
401 5153 462 5207 In
476 5151 628 5223 Angl
638 5193 651 5207 .
661 5192 677 5216 ,
691 5165 854 5223 aquae
865 5164 1015 5223 more
1033 5151 1434 5223 circumclusae.
1463 5152 1633 5208 Stant
1646 5169 1748 5223 pro
1761 5170 1895 5210 nos-

240 5229 328 5352 ἱη
356 5221 611 5281 lectione
641 5221 833 5290 Trec.,
866 5221 1047 5289 Belv.,
1100 5227 1216 5279 tres
1252 5222 1510 5289 Carnot.,
1543 5221 1889 5298 Bothomag.

282 5314 371 5352 vr.

321 5314 371 5352 l'.

282 5314 388 5436 Ἦ)
422 5365 628 5432 Laud.,
658 5364 724 5421 de
751 5365 948 5438 quibus
978 5365 1270 5438 loquimur.

311 5440 384 5510 (c)
420 5438 577 5494 Belv.
609 5442 667 5512 et
686 5439 804 5512 duo
829 5437 1049 5512 priores
1071 5437 1330 5512 Carnot.,
1351 5437 1613 5512 serviens,
1635 5439 1894 5512 linguam

235 5508 465 5579 frenare
483 5511 802 5580 nequiverit
829 5509 1040 5565 accidet
1071 5520 1132 5565 ut
1153 5508 1559 5578 rectitudincm,
1583 5516 1695 5567 ete.

307 5582 403 5653 (τι)
435 5583 500 5638 ιιι
527 5583 712 5648 Helm,
742 5581 934 5655 Corb.,
964 5580 1185 5655 Tbegd.
1234 5587 1294 5655 et
1323 5582 1552 5655 duobus
1600 5582 1892 5655 prioribus

241 5650 504 5718 (ζει-εισι..
537 5656 685 5709 recte
734 5652 1046 5709 sentiendo.
1082 5651 1218 5716 Qua
1267 5650 1438 5710 lectio
1467 5670 1501 5709 ιι
1532 5650 1686 5711 recte
1717 5670 1888 5710 sensu

242 5739 358 5783 non
393 5724 690 5793 abhorret,
732 5725 903 5782 modo
958 5725 1041 5782 sic
1100 5722 1326 5795 legatur
1359 5741 1374 5781 :
1435 5727 1570 5797 quia
1605 5725 1894 5800 paulisper

568 5828 825 5887 ΡΑτΒοι..
873 5826 1174 5889 LXXVII.

2009 4696 2063 4745 te
2083 4694 2396 4760 torpescat.
2419 4688 2523 4744 Cui
2549 4692 2701 4744 recte
2724 4704 2822 4759 per
2854 4689 3227 4744 Salomonem
3255 4687 3499 4742 dicitur:
3527 4694 3660 4746 Pro-

2006 4782 2088 4834 ter
2113 4779 2294 4848 frigus
2324 4776 2480 4847 piger
2498 4793 2671 4832 arare
2693 4777 2875 4832 uoluit
2899 4792 2919 4836 ;
2941 4775 3272 4832 mendicabit
3297 4790 3424 4846 ergo
3442 4781 3655 4846 astate,

2004 4871 2052 4923 et
2073 4883 2182 4921 non
2204 4864 2493 4922 dabiturei
2514 4869 2708 4935 (Prov.
2743 4882 2837 4932 xx,
2864 4865 2934 4934 4).
2954 4868 3192 4937 Propter
3235 4864 3413 4935 frigus
3437 4865 3653 4938 quippe

2005 4956 2166 5028 piger
2185 4971 2298 5011 non
2324 4964 2468 5021 arat,
2492 4956 2561 5024 (Ῑ)
2592 4954 2735 5010 dum
2758 4952 2996 5010 desidias
3025 4957 3256 5025 torpore
3274 4957 3652 5026 constrictus,

2003 5060 2175 5118 agere
2203 5061 2327 5116 qua
2353 5043 2525 5100 debet
2547 5044 2700 5100 bona
2719 5040 3070 5098 dissimulat.
3099 5040 3341 5115 Propter
3363 5043 3547 5116 frigus
3569 5045 3653 5117 pi-

2001 5155 2172 5210 ctiam
2189 5156 2330 5209 recte
2343 5151 2626 5209 sentiendo
2643 5149 2947 5222 vigilantia
2963 5152 3268 5206 amittitur.
3285 5150 3515 5208 Scilicet
3535 5169 3653 5209 non

2008 5226 2230 5281 sufficit
2249 5231 2402 5281 recte
2423 5221 2803 5296 sentire,_nisi
2818 5221 3037 5296 bonum
3058 5238 3394 5296 operemur,
3417 5238 3531 5296 quo
3553 5241 3654 5296 ne-

2003 5298 2192 5368 glecto
2222 5297 2518 5352 amittitur
2546 5293 2867 5366 vigilantia.
2901 5294 3022 5351 Alia
3054 5295 3224 5353 lectio
3256 5293 3653 5368 quam'sequi-

2004 5385 2160 5434 mur,
2192 5374 2283 5423 est
2310 5368 2499 5432 Trec.,
2522 5369 2768 5433 Gemet.,
2796 5375 2904 5422 etc.

2072 5441 2142 5512 (θ)
2165 5442 2335 5512 baud.
2369 5445 2425 5495 et
2443 5438 2666 5512 primus
2713 5440 2969 5512 Gemet.,
2994 5453 3119 5512 cup.
3148 5437 3392 5506 inﬁrma
3409 5438 3661 5512 acumine

2001 5509 2154 5567 suun.
2177 5511 2328 5566 Belv.
2363 5518 2416 5566 et
2437 5509 2733 5564 secundus
2750 5510 2924 5566 Carn.
2949 5509 3169 5565 habent
3186 5517 3357 5564 etiam
3379 5511 3659 5576 acumine,

2004 5581 2221 5655 additis
2257 5589 2387 5655 post
2413 5587 2722 5651 sauciatur,
2752 5581 2842 5655 bis
2862 5580 3178 5655 verbis,_vet
3215 5582 3389 5650 fames
3413 5591 3662 5653 augetur.

2077 5655 2146 5727 (D
2179 5652 2377 5715 No'rm.
2406 5657 2462 5711 et
2489 5657 2750 5724 Carnot.,
2781 5652 2915 5710 dum
2936 5653 3147 5712 desidia
3187 5655 3237 5707 et
3268 5659 3408 5726 torp.

3293 5828 3330 5882 3
