4136 6178
577 328 655 387 15
1636 350 1640 354 »
1780 321 2071 384 SANCTI
2114 319 2496 384 GREGOHII
2540 321 2796 384 MAGNI
3860 279 3924 389 τε

581 476 684 536 ger
713 475 828 518 non
858 464 1006 528 arat,
1037 461 1176 517 dum
1209 474 1382 530 parva
1419 472 1489 514 ex
1529 456 1772 515 adverso
1804 455 1961 514 mala
1994 457 2223 524 metuit,
2254 463 2306 530 Α
2337 457 2479 530 ipsis
2509 456 2812 529 patiuntur
2840 456 2997 516 irati.
3029 459 3471 535 Nunnunquam
3505 474 3657 531 vero,
3701 466 3824 538 quod
3856 471 3930 524 est

582 552 1142 624 etoperarimaxima
1159 548 1564 621 prastermitlit.
1590 548 1742 605 Bene
1759 556 1952 604 autem
1977 547 2220 604 dicitur:
2336 549 2594 622 gravius,
2623 549 2718 605 iraa
2750 566 2868 605 suae
2901 549 3202 607 stimulum
3236 551 3480 623 justitias
3528 553 3709 611 zelum
3744 562 3930 628 putant.

584 642 906 699 Mendicabit
935 648 1149 709 (estate,
1182 649 1234 694 et
1263 653 1374 694 non
1399 637 1622 694 dabitur
1641 639 1712 694 ei.
1746 637 1852 702 Qui
1882 638 2036 693 enim
2068 654 2225 693 nunc
2336 640 2555 696 Etcum
2587 639 2790 695 vitium
2821 640 3008 695 virtus
3038 641 3316 708 creditur,
3349 643 3473 700 sine
3504 650 3657 701 metu
3689 644 3831 718 culpa
3855 664 3936 705 cu-

581 733 640 788 in
675 733 844 788 bonis
872 729 1144 802 Operibus
1176 745 1290 783 non
1323 729 1586 793 exsudat,
1617 743 1748 782 cum
1781 727 1864 783 sol
1889 726 2096 799 judicii
2121 729 2226 782 ler-
2338 728 2616 784 mulatur.
2653 729 2814 800 Saepe
2847 745 2984 801 ergo
3017 731 3304 786 mansueti
3329 731 3720 790 dissolutionis
3746 741 3932 808 torpes-

578 823 802 880 ventior
818 819 1170 892 apparuerit,
1199 819 1341 891 quia
1362 818 1574 873 frustra
1605 817 1766 890 regni
1792 819 2011 872 aditum
2038 826 2224 889 poslu-
2335 823 2478 873 cunt
2508 817 2713 886 taedio;
2747 819 3176 890 saepeiracundi
3211 821 3574 877 rectitudinis
3601 823 3934 888 fallunturze.

578 911 684 978 lat,
723 911 804 966 nil
851 911 1141 978 accipiens
1183 912 1384 963 testate
1429 907 1738 963 mendicat.
1774 905 1926 963 Bene
1961 907 2092 961 huic
2124 922 2223 977 per
2334 907 2410 964 lo.
2435 907 3310 979 Illorumitaquevirtutivitium
3335 910 3586 968 latenter
3607 916 3932 988 adiungitur;

578 1002 852 1058 eumdem
891 998 1259 1056 Salomonem
1283 1011 1519 1052 rursum
1544 995 1756 1052 dicitur
1786 1012 1799 1053 :
1832 999 1946 1070 Qui
1968 997 2222 1053 observat
2333 996 2424 1053 his
2453 1004 2647 1053 autem
2680 1014 2854 1054 suum
2874 997 3074 1053 vitium
3094 999 3456 1069 quasivirtus
3487 1003 3704 1060 fervens
3724 1006 3933 1066 videtur.

574 1103 820 1161 ventum,
853 1107 963 1146 non
983 1090 1221 1144 seminat
1245 1105 1258 1154 ;
1283 1098 1337 1143 et
1381 1085 1480 1159 qui
1508 1085 1816 1142 considerat
1848 1088 2037 1152 nubes,
2071 1104 2219 1142 nun-
2331 1087 2850 1143 Admonendisunt
2874 1087 3048 1159 igitur
3071 1087 3154 1143 illi
3179 1097 3239 1144 ut
3263 1089 3493 1161 fugiant
3516 1094 3668 1164 quod
3690 1096 3830 1165 juxta
3855 1096 3935 1169 ip-

573 1197 743 1254 quam
775 1183 929 1236 metit
957 1178 1154 1251 (Eccle.
1187 1194 1263 1244 xx,
1295 1177 1373 1250 4).
1422 1175 1570 1242 Quid
1616 1176 1772 1233 enim
1819 1192 1919 1250 per
1954 1183 2216 1246 ventum,
2332 1192 2430 1232 sos
2461 1182 2567 1242 est,
2601 1177 2694 1232 isti
2729 1177 2882 1248 quod
2916 1177 2976 1232 in
3009 1176 3155 1248 ipsis
3201 1185 3288 1234 est
3330 1181 3667 1251 attendant;
3703 1183 3778 1240 illi
3805 1187 3936 1256 quod

576 1271 692 1328 nisi
723 1269 1114 1342 malignorum
1146 1267 1457 1336 spirituum
1483 1267 1720 1322 tentatio
1742 1266 2083 1336 exprimitur
2101 1267 2128 1322 ?
2151 1267 2218 1324 Et
2331 1281 2447 1320 non
2481 1265 2696 1321 habent
2729 1265 3080 1330 discernunt,
3107 1269 3180 1338 (ο)
3201 1267 3294 1323 isti
3317 1271 3463 1339 quod
3485 1271 3712 1326 habent.
3734 1275 3937 1347 Ample-

573 1360 718 1433 quid
740 1375 840 1432 per
860 1359 1041 1414 nubes
1063 1373 1189 1430 quas
1224 1357 1904 1422 moventuraveuto,nisi
1925 1360 2000 1429 (a)
2020 1357 2217 1412 adver-
2332 1359 2562 1410 ctantur
2594 1355 2882 1410 mansueti
2911 1354 3389 1426 sollicitudinem,
3409 1359 3937 1422 damnentiracundi

569 1452 768 1507 sitates
798 1465 1104 1522 pravorum
1137 1447 1440 1504 hominum
1493 1448 1920 1519 designantur?
1949 1450 1996 1503 Α
2027 1447 2214 1504 ventis
2329 1443 2843 1515 perturbationem.
2874 1445 3243 1501 Admonendi
3277 1452 3420 1503 sunt
3453 1451 3752 1520 mansueti,
3779 1453 3937 1510 uthac

567 1539 832 1598 videlicet
851 1537 1231 1611 impelluntur
1251 1538 1457 1604 nubes,
1477 1537 1618 1609 quia
1638 1538 2078 1594 immundorum
2102 1537 2215 1610 spi-
2328 1532 2464 1589 bere
2495 1533 2672 1589 etiam
2701 1533 3132 1591 aemulationem
3157 1535 3406 1607 justitiaa
3439 1539 3941 1610 studeant;adrno-

568 1631 789 1686 rituum
814 1629 1014 1685 afﬂatu
1047 1627 1206 1700 pravi
1236 1626 1564 1684 excitantur
1598 1626 1884 1684 homines.
1931 1627 2040 1692 Qui
2075 1643 2211 1700 ergo
2328 1621 2501 1677 nendi
2533 1626 2672 1678 sunt
2695 1623 2983 1693 iracundi,
3006 1624 3446 1682 utmmulationi
3471 1643 3648 1701 quam
3675 1645 3732 1686 se
3752 1630 3941 1690 habere

562 1720 829 1777 observat
864 1722 1125 1788 ventum,
1167 1733 1282 1774 non
1312 1717 1596 1785 seminat;
1635 1721 1694 1772 et
1733 1715 1835 1788 qui
1880 1717 2213 1773 considerat
2326 1714 2683 1783 existimant,
2745 1717 3260 1774 mansuetudinem
3318 1719 3696 1792 subjungant.
3747 1723 3940 1781 Idcirco

563 1811 774 1878 nubes,
807 1824 1113 1881 nunquam
1146 1807 1309 1864 metit
1333 1823 1347 1875 ;
1369 1807 1506 1879 quia
1535 1807 1799 1902 quisquis
1826 1808 2207 1864 tentationem
2237 1835 2286 1902 Β
2325 1820 2580 1902 namque
2610 1805 2861 1878 Spiritus
2893 1807 3213 1902 sanctusin
3238 1807 3512 1866 columba
3532 1810 3695 1867 nobis
3714 1816 3792 1869 est
3817 1813 3938 1872 etin

562 1899 956 1974 malignorum
973 1895 1306 1969 spirituum,
1331 1895 1597 1968 quisquis
1612 1897 2066 1968 persecutionem
2082 1912 2207 1968 pra.
2237 1894 2282 1902 ”
2324 1894 2457 1968 igne
2483 1899 2860 1964 monstratus,
2895 1896 3034 1968 quia
3055 1895 3326 1954 videlicet
3345 1914 3551 1957 omnes
3575 1915 3720 1973 quos
3738 1901 3939 1974 implet,

563 2005 769 2046 verum
794 1986 1096 2045 hominum
1118 1985 1348 2056 metuit,
1368 2001 1552 2057 neque
1565 2001 1718 2042 nunc
1734 2001 1918 2057 grana
1933 1984 2213 2058 boniope-
2320 1990 2378 2044 et
2398 1985 2682 2044 columbas
2712 1987 3091 2060 simplicitate
3117 1995 3477 2063 mansuetos,
3507 1996 3567 2050 et
3594 1993 3722 2067 igne
3743 1994 3838 2052 zeli
3855 2012 3937 2054 ar-

561 2079 644 2136 ris
677 2077 949 2145 seminat,
981 2091 1168 2149 neque
1198 2081 1336 2133 tunc
1367 2073 1703 2149 manipulos
1734 2080 1947 2132 sanctae
1967 2075 2208 2132 retribu-
2320 2077 2525 2134 dentes
2554 2076 2810 2136 exhibet.

562 2167 743 2225 tionis
773 2172 955 2224 secat.
2386 2166 2762 2236 Nequaquam
2791 2184 2926 2240 ergo
2966 2174 3168 2226 sancto
3217 2170 3432 2242 Spiritu
3467 2171 3675 2244 plenus
3712 2178 3814 2241 est,
3844 2176 3939 2249 qui

635 2255 1724 2328 Atcontra,praacipilesdumbonorum
1744 2260 1978 2311 actuum
1999 2271 2208 2328 praeve-
2316 2260 2418 2310 aut
2447 2256 2504 2311 in
2531 2257 2949 2325 tranquillitate
2969 2259 3438 2316 mansuetudinis
3468 2261 3743 2318 fervorem
3775 2280 3941 2320 samu-

561 2347 734 2403 niunt
754 2352 998 2416 tempus,
1022 2345 1292 2400 meritum
1322 2350 1678 2416 pervertunt,
1701 2350 1758 2401 et
1778 2362 1932 2417 saepe
1955 2347 2012 2401 in
2037 2345 2204 2402 malis
2312 2343 2549 2400 latiouis
2579 2345 2817 2416 deserit,
2849 2355 2944 2402 aut
2977 2364 3206 2403 rursum
3240 2347 3300 2404 in
3337 2340 3725 2408 aemulationis
3753 2353 3942 2410 ardore

561 2441 861 2504 corruunt,
885 2435 1020 2490 dum
1050 2434 1204 2490 bona
1227 2433 1468 2490 minime
1489 2435 1844 2491 discernunt.
1865 2435 1972 2501 Qui
1996 2451 2205 2506 nequa-
2312 2434 2580 2490 virtutem
2612 2435 3078 2492 mansuetudinis
3107 2435 3348 2494 amittit.
3372 2439 3533 2503 Quod
3559 2439 3798 2497 fortasse
3827 2459 3942 2498 me-

556 2542 731 2597 quam
762 2541 893 2597 quae
923 2525 1157 2597 quando
1180 2532 1353 2596 agant
1374 2523 1714 2596 inspiciunt,
1738 2525 1836 2580 sed
1860 2524 2202 2598 plerumque
2312 2523 2426 2578 lius
2451 2523 2840 2592 ostendimus,
2875 2524 2925 2579 si
2976 2523 3034 2579 in
3069 2527 3327 2582 medium
3362 2527 3526 2583 Pauli
3559 2529 3946 2602 magisterium

557 2621 684 2671 acta
712 2613 847 2687 quia
864 2613 947 2670 ita
978 2629 1092 2669 non
1116 2613 1441 2670 debuerunt
1463 2628 1635 2686 agere
1657 2618 2039 2686 cognoscunt.
2063 2614 2198 2678 Qui-
2312 2612 2699 2684 proferamus,
2717 2612 3378 2686 quiduobusdiscipulis
3391 2621 3449 2672 et
3468 2633 3581 2672 non
3597 2617 3814 2675 diversa
3828 2619 3948 2676 cha-

554 2703 660 2761 bus
689 2705 802 2760 sub
834 2702 1121 2760 auditoris
1151 2702 1343 2776 specie
1376 2711 1528 2759 recte
1550 2704 1704 2776 apud
1729 2703 1804 2776 (b)
1836 2703 2198 2760 Salomonein
2312 2701 2477 2757 ritate
2492 2701 3013 2773 praeditis,diversa
3027 2707 3220 2759 tamen
3235 2705 3951 2777 adjutoriaprmdicationis

555 2793 771 2848 dicitur
801 2811 816 2849 :
844 2793 976 2861 Fili,
997 2793 1118 2848 sine
1135 2792 1366 2848 consilio
1395 2791 1542 2848 nihil
1556 2793 1752 2863 facias,
1777 2800 1825 2848 et
1849 2795 1970 2864 post
1989 2795 2200 2864 factum
2310 2790 3002 2862 impendit.Timotbeum
3021 2810 3275 2866 namque
3289 2795 3950 2871 admonens,ait:Argue,

555 2898 664 2939 non
691 2881 976 2954 pcenitebis
1007 2882 1198 2954 (Eccli.
1221 2899 1395 2949 χχχιι,
1445 2881 1558 2952 24).
1594 2881 1658 2936 Et
1691 2898 1923 2938 rursum
1955 2899 1969 2938 :
2005 2883 2198 2938 Palbe-
2307 2880 2556 2946 obsecra,
2583 2879 2809 2951 increpa
2831 2883 3068 2938 inomni
3093 2883 3365 2954 patientia
3383 2893 3436 2940 et
3457 2884 3705 2942 doctrina
3728 2888 3798 2959 (ll
3819 2889 3950 2944 Tim.

560 2973 676 3030 bra?
696 2976 811 3030 tuae
837 2972 1135 3044 precedant
1161 2987 1378 3042 gressus
1399 2979 1515 3026 tuos
1548 2971 1730 3043 (Prov.
1756 2988 1831 3040 ιν,
1861 2971 2200 3043 25).Palpe-
2309 2987 2384 3038 tv,
2408 2972 2486 3042 2).
2511 2971 2704 3026 Titum
2727 2987 2954 3043 quoque
2979 2975 3252 3028 admonet
3273 2975 3474 3030 dicens
3501 2990 3513 3029 :
3541 2979 3677 3033 Haec
3712 2977 3948 3050 loquere,

557 3062 678 3118 brte
701 3061 915 3134 quippe
943 3077 1183 3134 gressus
1229 3060 1583 3133 praecedunt,
1629 3077 1762 3117 cum
1803 3060 2199 3131 Operationem
2308 3071 2361 3117 et
2390 3060 2707 3126 exhortare,
2739 3065 2791 3116 et
2820 3077 2993 3129 argue
3011 3077 3136 3118 cum
3157 3067 3309 3118 omni
3339 3061 3574 3136 imperio
3597 3064 3732 3137 (Tit.
3758 3082 3818 3135 ιι,
3843 3069 3955 3133 ιδγ.

555 3155 815 3208 nostram
849 3150 1097 3206 consilia
1127 3155 1279 3205 recta
1311 3149 1692 3222 praeveniunt.
1719 3151 1823 3217 Qui
1845 3151 1998 3205 cnim
2026 3150 2202 3215 negli-
2243 3219 2277 3228 Δ
2310 3152 2457 3217 Quid
2482 3156 2570 3206 est
2592 3151 2746 3223 quod
2769 3151 3088 3206 doctrinam
3117 3169 3284 3207 suam
3309 3159 3468 3209 tanta
3491 3159 3612 3211 arte
3633 3154 3958 3228 dispensat,

548 3240 634 3309 git
661 3239 1085 3296 considerando
1117 3219 1428 3310 praevidere
1458 3242 1607 3309 quod
1633 3239 1785 3305 facit,
1818 3255 2050 3311 gressus
2070 3244 2194 3294 ten-
2235 3219 2279 3287 (ἶ
2308 3239 2387 3311 (d)
2413 3244 2474 3294 ut
2493 3239 2550 3294 in
2571 3219 2898 3294 eahibeada
2923 3239 3051 3304 hac,
3071 3241 3236 3297 alteri
3257 3219 3957 3314 imperium,atqu.ealteri

547 3329 654 3397 dit,
677 3327 875 3385 oculos
896 3327 1135 3396 claudit,
1162 3329 1454 3400 pergendo
1475 3329 1580 3385 iter
1605 3329 1858 3396 coniicit,
1879 3329 1974 3383 sed
2003 3329 2194 3400 praevi-
2302 3328 2641 3400 patientiam
2666 3333 2972 3400 proponat.
2990 3328 3102 3384 nisi
3127 3330 3277 3399 quod
3299 3331 3958 3405 mansuetiorisspiritus

542 3419 734 3475 dendo
754 3417 1098 3489 sibimetipsi
1121 3435 1237 3474 non
1263 3418 1576 3486 antecedit,
1597 3417 1999 3490 atqueidcirco
2021 3417 2192 3474 citius
2302 3417 2518 3484 Titum,
2543 3422 2597 3472 et
2621 3419 2793 3490 paulo
2818 3418 3182 3475 ferventioris
3209 3420 3352 3478 vidit
3383 3438 3506 3478 esse
3533 3422 3900 3480 Timotheum
3926 3425 3956 3480 ‘I

543 3507 784 3573 corruit,
817 3507 955 3578 quia
983 3523 1100 3578 quo
1131 3508 1338 3579 pedem
1366 3506 1559 3577 operis
1592 3523 1806 3577 ponere
1833 3507 2056 3575 debeat,
2091 3523 2192 3579 per
2301 3506 2470 3562 Illum
2490 3505 2995 3578 pereemulationis
3018 3509 3280 3566 studium
3301 3511 3648 3580 inflammat,
3676 3513 3833 3570 hunc
3855 3531 3962 3586 per

539 3594 885 3668 palpebram
916 3595 1145 3652 consilii
1175 3612 1288 3651 non
1325 3595 1600 3652 attendit.
2301 3595 2604 3652 lenitatem
2630 3595 2918 3666 patientiae
2937 3599 3343 3669 temperat.llli
3368 3600 3525 3672 quod
3557 3602 3962 3674 deestjungit,

2301 3679 2436 3735 huic
2468 3681 2622 3752 quod
2651 3697 2824 3752 super
2843 3686 2932 3738 est
2953 3684 3261 3740 subtrahit.
3292 3684 3463 3740 Illum
3490 3686 3731 3742 stimulo
3759 3687 3968 3759 impel-

1020 3722 1256 3779 CAPUT
1294 3722 1409 3780 XVI
1444 3723 1551 3794 [ΑΙ.
1581 3723 1710 3794 XL].
2301 3722 2435 3735 “““’
2468 3722 2622 3781 Ὶ“.“’“
2651 3722 2813 3752 ⁹“⁸’““
2843 3722 2932 3738 “⁴⁹”
2953 3722 3261 3740 ⁹““““’“⁸”’
3292 3722 3463 3740 ³⁸⁸⁸³³³³
3491 3722 3731 3742 "mum"
3760 3722 3968 3788 miro"

1070 3832 1082 3849 ν
1233 3848 1236 3849 ν
1304 3833 1342 3849 ν
1539 3848 1542 3849 ν
1974 3830 2016 3849 ν
2299 3768 2418 3825 lere
2452 3777 2677 3836 nititur,
2707 3770 2860 3826 hunc
2895 3773 3054 3826 freno
3087 3775 3444 3830 moderatur.
3475 3775 3714 3848 Magnus
3736 3792 3969 3849 quippe

703 3832 981 3905 Quomodo
1011 3832 1342 3889 admonendi
1370 3831 1724 3902 mansuetiget
1754 3831 2035 3887 iracundi.

2301 3865 2580 3930 susceptae
2604 3859 2871 3917 Ecclesia:
2895 3859 3154 3930 colonus,
3171 3861 3314 3918 alios
3338 3863 3601 3935 palmites
3617 3831 3970 3923 utcrescere

612 3959 944 4030 (Admonitio
969 3959 1075 4029 17.)
1105 3957 1281 4014 Aliter
1303 3957 1656 4014 admonendi
1706 3966 1845 4013 sunt
1875 3958 2189 4027 mansueti,
2300 3949 2550 4005 debeant
2571 3948 2712 4019 rigat
2742 3968 2757 4018 ;
2791 3949 2936 4006 alios
2959 3966 3088 4006 cum
3112 3953 3417 4024 plusjusto
3436 3969 3694 4011 crescere
3717 3955 3967 4027 conspi-

544 4056 718 4120 atque
749 4048 918 4105 aliter
939 4048 1223 4104 iracundi.
1249 4047 1687 4121 Nunounquam
1714 4047 1867 4103 enim
1895 4050 2186 4105 mansueti
2298 4039 2373 4094 cit
2394 4043 2631 4106 resecat,
2657 4055 2726 4095 ne
2749 4045 2849 4094 aut
2871 4055 2984 4116 non
3004 4041 3318 4098 crescendo
3345 4059 3456 4099 non
3481 4038 3673 4100 Γθτάοε
3697 4044 3964 4114 fructus,

539 4157 672 4197 cum
692 4145 970 4212 praesunt,
993 4139 1247 4196 vicinum
1265 4145 1321 4196 et
1342 4139 1692 4211 quasijuxta
1713 4138 1970 4210 positum
1995 4146 2186 4211 torpo.
2298 4133 2419 4199 aut,
2451 4128 2833 4186 immoderate
2863 4132 3198 4201 crescendo,
3230 4148 3377 4203 quos
3410 4133 3758 4204 protulerint
3787 4136 3970 4192 amit-

539 4247 662 4288 rem
694 4231 933 4287 desidiae
951 4230 1273 4303 patiuntur.
1297 4229 1366 4284 Et
1397 4230 1744 4301 plerumque
1767 4227 1946 4284 nimia
1973 4227 2188 4286 resolu-
2295 4222 2442 4276 tanto
2474 4218 2583 4274 38d
2618 4219 2789 4290 longe
2820 4217 2936 4275 alia
2966 4225 3056 4276 est
3105 4220 3184 4275 ira
3230 4238 3357 4293 qum
3407 4221 3514 4278 sub
3555 4224 3970 4281 mmulationis

527 4321 688 4377 tione
721 4319 1003 4384 lenitatis,
1037 4319 1188 4374 ultra
1218 4334 1396 4392 quam
1421 4322 1753 4374 necesseest
1785 4319 2038 4388 vigorem
2063 4319 2184 4375 dis-
2295 4308 2488 4380 ερθοὶθ
2510 4307 2778 4380 sumit)“,
2809 4307 2924 4364 alia
2947 4325 3071 4380 quae
3101 4309 3393 4366 [Orbilium
3419 4327 3517 4367 σοι’
3545 4319 3602 4368 et
3631 4314 3972 4383 Sinejusti-

524 4409 818 4465 trictionis
839 4407 1170 4464 emolliunt.
1204 4414 1280 4463 At
1311 4417 1515 4463 contra
1551 4407 1814 4463 iracundi
1857 4424 1990 4462 cum
2032 4408 2182 4480 regi-
2293 4397 2385 4452 tio”?
2410 4403 2683 4468 ρτωιθιιιι
2718 4398 3046 4456 confundit.
3073 4397 3173 4454 Illa
3191 4401 3345 4456 enim
3371 4401 3430 4456 in
3465 4400 3574 4458 hoc
3594 4402 3757 4474 quod
3783 4403 3977 4460 debet

525 4498 752 4555 minum
785 4497 913 4554 loca
944 4495 1296 4568 percipiunt,
1330 4494 1798 4568 quoimpeneme
1829 4497 1916 4552 ira
1939 4497 1994 4551 in
2022 4512 2179 4552 men.
2291 4485 2622 4543 inordinate
2640 4487 2988 4556 extenditur,
3009 4487 3132 4544 haec
3150 4495 3343 4546 autem
3365 4507 3593 4561 semper
3617 4491 3678 4547 in
3703 4491 3804 4547 his
3827 4509 3976 4564 qum

524 4589 603 4645 tis
624 4587 929 4645 vesaniam
952 4589 1049 4644 57
1080 4585 1482 4653 devolvuntur,
1512 4602 1577 4642 eo
1599 4585 1776 4641 etiam
1798 4585 2168 4642 subditorum
2201 4591 2248 4656 Ι)
2293 4592 2407 4631 non
2431 4575 2602 4631 debet
2626 4575 3042 4633 inﬂammatur.
3062 4577 3370 4634 Sciendum
3391 4579 3607 4653 quippe
3622 4581 3884 4653 estquia
3909 4582 3981 4638 in

521 4677 700 4733 vitam
731 4676 1012 4750 dissipata
1042 4674 1253 4748 quietis
1297 4673 1725 4747 tranquillitate
1777 4675 2166 4730 confundunt.
2281 4663 2391 4720 110°
2414 4663 2485 4719 αδ
2509 4663 2949 4736 impalicnlibus
2975 4665 3239 4723 iracundi
3262 4666 3555 4735 differunt,
3579 4670 3741 4741 quod
3770 4667 3865 4724 illi
3888 4671 3977 4726 ab

523 4768 679 4832 Quos
709 4781 842 4822 cum
885 4765 1045 4820 furor
1085 4762 1208 4836 agit
1251 4761 1310 4817 in
1359 4777 1636 4833 praeceps,
1687 4762 1958 4831 ignorant
1992 4760 2165 4834 quid-
2275 4753 2406 4810 aliis
2438 4753 2602 4810 illata
2633 4771 2750 4811 non
2783 4755 3052 4822 tolerant,
3085 4755 3184 4812 isti
3217 4763 3414 4815 autem
3444 4762 3621 4814 etiam
3647 4776 3788 4832 que
3814 4760 3981 4817 tole-

521 4853 661 4926 quid
719 4853 852 4910 irati
911 4852 1153 4920 faciunt,
1211 4850 1478 4922 ignorant
1522 4851 1808 4922 quidquid
1869 4868 1904 4906 a
1960 4855 2167 4908 semet,-
2273 4842 2840 4915 renturimportant.
2864 4844 3005 4901 Nam
3031 4846 3754 4923 iracundisepeetiamk)
3777 4849 3984 4906 sede-

586 4959 666 5030 (α)
699 4959 817 5015 Hoc
851 4968 959 5026 est,
993 4958 1424 5014 adversantium
1463 4973 1772 5028 pravorum
1812 4957 2084 5030 impetus,
2109 4964 2168 5014 et
2271 4949 2543 5030 Mansueti
2575 4965 2677 5030 per:
2700 4950 3134 5030 sollieiludinem
3164 4961 3448 5030 torporem
3494 4953 3792 5030 dagnnem,
3838 4955 3990 5012 ira-

511 5021 998 5104 op‘pugnationes.
1035 5031 1115 5086 De
1137 5047 1313 5104 sensu
1337 5021 1494 5104 vocis
1535 5030 1714 5101 hujus
1752 5021 1911 5101 apud
1945 5021 2163 5102 Grego-
2269 5021 2440 5104 fundi
2459 5022 2950 5104 perturbationem.
2984 5021 3273 5104 lta_elia_m
3308 5026 3838 5104 p_rimgs_Carn0t.,
3867 5029 3996 5104 ad-

512 5095 857 5167 τῐάωζνῇάθ
887 5101 926 5156 ι,
955 5118 996 5158 ιι
1027 5102 1230 5157 Morel,
1264 5118 1322 5157 υ,
1355 5102 1445 5156 51,
1610 5095 1631 5101 ⁷
1789 5095 1808 5101 “
2060 5095 2092 5102 ⁷
2263 5095 2424 5167 jAecto
2455 5101 2533 5158 ut,
2567 5106 2704 5167 ante
2733 5098 3029 5167 torporem.
3084 5097 3145 5150 In
3201 5095 3410 5165 Laud,
3459 5095 3612 5152 Belv.
3659 5105 3723 5153 et
3782 5103 3995 5156 tertio

584 5173 658 5244 (h)
680 5163 784 5229 Hic
808 5179 1047 5229 sanctus
1071 5177 1279 5228 Doctor
1299 5172 1514 5227 librum
1541 5170 1926 5228 Ecclesiastici
1952 5171 2156 5229 diserte

2301 5165 2504 5244 :arnot.
2531 5181 2544 5219 :
2573 5163 2668 5244 Illi
2696 5165 2830 5236 quid
2861 5166 3062 5244 haheat
3110 5163 3471 5244 discernunt,
3493 5171 3587 5244 isti
3615 5172 3802 5244 ‘quod
3855 5187 4000 5227 non

513 5234 815 5302 Sa‘lomoni
832 5244 1053 5318 tribuit,
1072 5247 1243 5318 cujus
1272 5250 1566 5318 auctorem
1587 5261 1738 5318 saepe
1757 5244 1890 5298 alibi
1909 5244 2165 5318 appellat
2271 5234 2475 5318 Ιξαὸεηι
2494 5234 2924 5318 amplectantur.
2940 5236 3211 5318 Mansueti
3225 5234 3796 5318 persollicitudinem
3811 5250 3994 5318 torp.

513 5321 743 5392 tantum
764 5305 1054 5392 quemdam
1069 5305 1400 5392 sapientem:
1422 5316 1564 5392 Vide
1588 5316 1624 5372 l.
1649 5305 1726 5371 vir
1746 5305 2026 5392 Moral,'n'.
2052 5315 2122 5392 45
2146 5333 2162 5383 ;
2268 5305 2552 5392 damnent.
2587 5307 2709 5392 Duo
2743 5310 2966 5392 priores
2985 5305 3252 5392 gemetf:
3288 5315 3570 5370 Mansueti
3597 5328 3707 5392 pro
3729 5305 3999 5392 εο-ζιξᾴξο

516 5387 555 5443 l.
591 5404 683 5445 xx.
715 5378 907 5455 n.'5l;
953 5387 990 5442 Ι.
1024 5378 1199 5443 xxvii.
1242 5403 1299 5442 n.
1335 5387 1444 5453 53;
1488 5389 1524 5442 Ι.
1549 5405 1742 5454 xsxm,
1767 5404 1822 5442 n.
1858 5378 1946 5439 23}
1984 5378 2156 5454 lnl‘ra,

2301 5379 2470 5455 udine
2500 5385 2643 5449 torp.
2667 5378 2950 5436 damnent.
2983 5381 3264 5455 Sequitur
3292 5399 3428 5440 cum
3470 5378 3766 5441 omnibus
3789 5385 3994 5442 Edit.

512 5458 570 5513 in
606 5449 1004 5531 admonitione
1032 5459 1120 5520 22,
1156 5449 1656 5531 salomon',‘juxta
1687 5449 1974 5531 quosdam
1998 5449 2159 5531 ΔΜςβζ
2269 5449 2642 5531 Τηθςθρερω.

511 5529 749 5605 optimae
771 5531 928 5605 fidei,
947 5530 1358 5600 pronuntiatur
1370 5521 1619 5602 scriptor
1637 5521 1812 5603 hujus
1828 5525 1974 5586 sacri
1998 5527 2154 5584 libri.

2340 5521 2603 5605 (eg-Belv..
2637 5524 3006 5605 etsecundus
3028 5524 3221 5605 Carn.,
3254 5535 3323 5605 ut
3339 5528 3410 5583 ad
3438 5526 3774 5605 exhibenda
3809 5529 3999 5605 hac.

511 5593 990 5659 cbnguleibidéin
1015 5607 1214 5657 notam
1247 5618 1307 5673 ρ,
1367 5671 1374 5673 Α
1490 5593 1508 5602 ’
1653 5672 1658 5673 γ
1713 5593 1734 5603 ’
2303 5594 2409 5673 __(e)
2438 5593 2644 5673 haud”
2676 5593 3040 5673 dedignantes
3067 5593 3243 5673 inseq.
3277 5599 3514 5658 Testilis
3543 5603 3842 5673 Carnot.,
3879 5600 4004 5658 de-

581 5673 652 5745 (c)
684 5674 989 5730 Secundus
1025 5673 1221 5745 Carn.,
1252 5671 1447 5746 Corb.,
1481 5672 1751 5746 Longip.,
1777 5673 2153 5746 ‘Rothomagq
2265 5663 2538 5720 climmlos
2565 5673 2628 5721 ut
2655 5663 3024 5737 dedidnantes
3053 5663 3230 5742 inseq'.

509 5744 641 5817 Lyr.
661 5750 717 5802 et
737 5747 942 5804 tertius
962 5748 1184 5803 Gemet.
1208 5761 1220 5802 :
1249 5745 1346 5800 Isti
1367 5744 1507 5814 quod
1520 5745 1586 5799 ha
1595 5744 1714 5802 bent
1732 5745 2156 5816 amplectantur.
