4136 6178
230 329 299 389 -η
920 298 927 299 ί
980 321 1317 385 nasum
1358 319 1847 384 PASTORALIS
1889 320 2150 383 LIBER.
2197 354 2274 368 -
2315 323 2518 387 pass
2561 324 2872 389 TERTIA.

3560 334 3644 400 78

233 456 1098 529 clinantesinsequuntur,rixae
1114 454 1476 512 occasionem
1493 457 1882 523 commovent,
1915 454 1971 523 Α
2001 455 2122 513 sint
2169 460 2383 513 aeterna
2431 473 2559 530 quas
2604 463 2904 531 appetunt,
2928 478 3100 535 quam
3138 464 3475 525 transitoria
3510 484 3641 543 quin

234 552 427 608 labore
439 547 824 608 contentionis
837 547 1126 620 gaudent;
1151 563 1299 619 quos
1314 554 1509 602 tamen
1531 546 1743 602 melius
1759 562 1884 601 cor-

234 642 503 715 rigimus,
525 642 571 693 si
593 640 652 694 in
679 640 808 709 ipsa
830 637 928 691 iras
951 652 1073 691 sua
1086 636 1476 691 commotione
1492 635 1879 692 declinamus.

234 730 545 788 Perturbati
560 729 780 801 quippe
795 727 935 799 quid
958 725 1499 793 audiantignorant,
1519 726 1617 780 sed
1635 728 1700 781 ad
1719 742 1780 781 se
1799 741 1884 781 re-

232 821 385 876 ducti
404 819 650 890 tanto(a)
670 818 915 873 liberius
937 817 1352 871 exhortationis
1375 816 1545 871 verba
1572 816 1880 886 recipiunt,

230 916 437 982 quanto
465 924 531 963 se
563 907 951 980 tranquillius
986 906 1255 962 toleratos
1298 908 1671 961 erubescunt.
1707 904 1882 960 Menti

229 1008 407 1055 autem
437 999 639 1053 furore
662 997 857 1061 ebriae,
882 1012 1056 1052 omne
1081 1001 1299 1052 rectum
1317 996 1470 1066 quod
1493 995 1724 1061 dicitur,
1753 1011 1883 1066 per-

226 1105 441 1145 versum
492 1088 751 1142 videtur.
788 1085 952 1141 Unde
1001 1090 1056 1140 et
1088 1084 1265 1142 Nabal
1306 1084 1467 1140 ebrio
1518 1084 1749 1155 culpam
1778 1083 1879 1140 58

226 1195 378 1233 suam
403 1177 644 1248 Abigail
671 1174 1047 1230 laudabiliter
1067 1174 1271 1240 tacuit,
1298 1190 1476 1246 quam
1497 1172 1723 1246 digesto
1747 1173 1880 1229 vino

223 1268 597 1324 laudabiliter
627 1265 776 1320 dixit
800 1266 847 1337 (1
882 1266 1006 1334 Reg.
1040 1280 1170 1331 xxv,
1195 1264 1306 1332 37).
1339 1262 1735 1318 ldcircoenim
1763 1280 1882 1318 ma-

224 1356 337 1413 lum
387 1358 551 1428 quod
606 1355 847 1424 fecerat,
918 1368 1268 1426 cognoscere
1317 1352 1527 1425 potuit,
1588 1352 1725 1424 quia
1769 1351 1877 1408 hoc

226 1448 416 1503 ebrius
446 1461 567 1501 non
601 1444 851 1500 audivit.

290 1537 437 1593 Cum
458 1551 598 1591 vero
622 1535 703 1589 ita
725 1533 993 1589 iracundi
1013 1532 1159 1589 alios
1180 1532 1404 1605 impetu
1417 1536 1499 1602 nt,
1521 1536 1583 1587 ut
1604 1530 1880 1588 declinari

224 1626 463 1684 omnino
495 1641 615 1682 non
633 1624 888 1697 possint,
910 1640 1026 1680 non
1051 1627 1247 1694 aperta
1277 1622 1743 1695 exprobratione,
1779 1622 1879 1678 sed

224 1717 334 1775 sub
363 1717 627 1789 quadam
662 1720 805 1772 sunt
843 1713 1070 1771 cautela
1111 1712 1444 1770 reverentiae
1478 1713 1767 1785 parcendo
1800 1713 1879 1768 fe-

227 1807 435 1864 riendi.
470 1806 639 1872 Quod
677 1803 891 1861 melius
930 1802 1318 1873 ostendimus,
1350 1804 1398 1858 si
1430 1802 1627 1857 Abner
1662 1802 1877 1857 factum

238 1897 310 1951 ad
338 1894 597 1953 medium
632 1895 1015 1951 deducamus.
1053 1893 1209 1948 Hunc
1240 1892 1454 1965 quippe
1486 1907 1619 1946 cum
1643 1889 1813 1946 Asael
1836 1890 1887 1945 vi

240 1986 483 2043 incautae
535 1982 1017 2057 praecipitationis
1062 1982 1389 2052 impeteret,
1418 1979 1705 2051 scriptum
1749 1984 1884 2036 est:

239 2078 475 2131 Locutus
514 2081 593 2130 est
624 2073 807 2130 Abner
852 2072 925 2127 ad
951 2071 1135 2137 Asaet,
1162 2071 1377 2127 dicens:
1402 2070 1629 2139 Recede,
1654 2069 1773 2125 noli
1801 2085 1888 2125 me

224 2164 505 2236 persequi,
538 2178 609 2218 ne
650 2161 954 2233 compellar
990 2160 1283 2231 confodere
1327 2167 1379 2214 te
1427 2160 1487 2214 in
1519 2166 1747 2214 terram.
1783 2158 1890 2227 Qui

222 2252 418 2307 audire
446 2250 804 2320 contempsit,
828 2254 879 2305 et
904 2248 1089 2303 notuit
1121 2247 1427 2304 declinare.
1458 2248 1729 2303 Percussit
1755 2262 1886 2315 ergo

218 2358 342 2397 eam
364 2343 551 2397 Ab’ier
570 2356 771 2395 aversa
800 2340 955 2394 hasta
984 2339 1046 2394 in
1062 2339 1310 2408 inguine,
1333 2342 1383 2394 et
1410 2339 1712 2409 transfodit
1731 2354 1880 2404 eum,

220 2442 271 2487 et
300 2436 559 2487 mortuus
580 2435 661 2487 est
691 2430 765 2497 (ll
798 2430 923 2501 Reg.
951 2446 1011 2496 ll,
1047 2430 1135 2496 2'3,
1170 2430 1279 2499 23).
1303 2429 1485 2501 Cujus
1516 2427 1673 2484 enim
1713 2424 1880 2485 Asael

217 2527 417 2594 typum
466 2521 692 2587 tenuit,
727 2518 841 2575 nisi
887 2534 1110 2588 eorum,
1140 2533 1287 2590 quos
1327 2517 1699 2574 vehementer
1728 2517 1879 2572 arri-

219 2612 379 2684 piens
414 2611 583 2666 furor
608 2609 670 2663 in
692 2624 945 2680 praeceps
977 2607 1188 2663 ducit?
1209 2608 1313 2674 Qui
1337 2607 1396 2663 in
1429 2607 1632 2664 eodem
1665 2606 1879 2662 furoris

220 2700 433 2773 impetu
462 2705 631 2755 tanto
654 2703 820 2754 caute
843 2696 1174 2754 declinandi
1192 2702 1580 2768 sunt,quanto
1595 2700 1651 2753 et
1672 2696 1877 2753 insane

222 2791 544 2861 rapiuntur.
571 2788 738 2844 Unde
763 2792 821 2845 et
850 2787 1385 2859 Abner,quinostro
1403 2803 1666 2843 sermone
1690 2786 1875 2859 patris

221 2880 455 2936 lucerna
505 2878 746 2945 dicitur,
780 2877 950 2949 fugit,
982 2877 1121 2949 quia
1169 2878 1478 2934 doctorum
1510 2876 1711 2947 lingua
1743 2892 1871 2948 quas

222 2984 540 3039 supernum
562 2965 667 3021 Dei
692 2964 888 3022 lumen
906 2966 1147 3034 indicat,
1163 2981 1296 3022 cum
1322 2982 1423 3037 per
1443 2964 1695 3037 abrupta
1717 2965 1872 3021 furo-

219 3058 573 3114 rismentem
591 3056 921 3128 cujuspiam
936 3054 1067 3111 ferri
1082 3055 1389 3128 conspicit,
1410 3070 1654 3127 cumque
1668 3060 1872 3111 contra

214 3150 565 3204 irascean
614 3144 952 3201 dissimulat
1004 3145 1313 3202 verborum
1358 3145 1556 3215 jacula
1604 3145 1866 3214 reddere,

208 3238 371 3309 quasi
389 3239 841 3308 persequentem
860 3249 974 3290 non
988 3234 1108 3290 vult
1124 3234 1312 3290 ferire.
1331 3234 1435 3291 Sed
1450 3251 1583 3290 cum
1600 3234 1865 3290 iracundi

211 3328 374 3384 nulla
392 3324 869 3383 consideratione
892 3340 952 3380 se
970 3324 1263 3398 mitigant,
1285 3333 1339 3380 et
1361 3324 1527 3397 quasi
1548 3324 1718 3380 Asael
1742 3342 1870 3398 per-

213 3418 376 3489 sequi
419 3420 481 3472 et
509 3414 770 3470 insanire
800 3430 917 3469 non
946 3419 1195 3479 cessant,
1217 3430 1453 3470 necesse
1475 3423 1562 3470 est
1593 3419 1659 3471 ut
1679 3414 1738 3470 hi
1770 3413 1873 3486 qui

218 3508 481 3561 furentes
495 3509 788 3559 conantur
802 3503 1133 3575 reprimere,
1149 3519 1515 3577 nequaquam
1532 3520 1594 3560 se
1609 3506 1665 3560 in
1680 3506 1873 3559 furore

219 3597 472 3669 erigant,
493 3596 599 3650 sed
622 3593 910 3667 quidquid
936 3599 1026 3650 est
1047 3593 1492 3666 tranquillitatis
1521 3595 1870 3665 ostendant;

219 3687 493 3760 quedam
516 3700 657 3740 vero
680 3684 974 3739 subtiliter
992 3685 1304 3756 proferant,
1322 3683 1382 3739 in
1406 3683 1618 3755 quibus
1639 3702 1707 3740 ex
1727 3684 1874 3740 obli-

218 3793 327 3846 quo
359 3773 624 3831 furentis
646 3773 911 3828 animum
937 3779 1220 3844 pungent.
1253 3772 1418 3830 Unde
1448 3777 1504 3828 et
1524 3774 1721 3829 Abner
1741 3790 1877 3830 cum

221 3872 415 3922 contra
456 3868 914 3938 persequentem
947 3863 1229 3934 substitit,
1264 3879 1378 3919 non
1412 3879 1545 3919 eum
1580 3868 1754 3931 recta,
1779 3863 1878 3918 sed

222 3972 426 4011 aversa
452 3954 632 4010 basta
650 3952 1043 4008 transforavit.
1066 3953 1147 4008 Ex
1162 3968 1440 4008 mucrone
1452 3952 1665 4025 quippe
1685 3969 1883 4024 percu-

223 4051 364 4110 tere,
383 4050 445 4101 et
467 4044 703 4116 impetu
729 4046 940 4113 aperta:
962 4042 1375 4112 increpationis
1396 4043 1648 4099 obviare.
1670 4045 1884 4099 Aversa

221 4150 355 4189 vero
385 4132 564 4188 hasta
599 4134 1044 4203 persequentem
1071 4129 1258 4199 ferire,
1283 4134 1372 4185 est
1403 4131 1690 4186 furentem
1722 4135 1884 4187 tran-

222 4222 402 4297 quille
436 4237 511 4277 ex
541 4220 893 4293 quibusdam
917 4224 1180 4293 tangere,
1198 4225 1255 4277 et
1276 4220 1447 4294 quasi
1476 4220 1761 4291 parcendo
1784 4236 1883 4276 su-

218 4330 444 4385 perare.
474 4309 641 4366 Asael
674 4315 871 4366 autem
904 4311 1174 4382 protinus
1203 4310 1520 4379 occumbit,
1552 4309 1689 4382 quia
1728 4325 1887 4366 com-

222 4409 395 4458 motae
432 4405 670 4457 mentes
702 4399 841 4455 dum
872 4404 929 4455 et
960 4400 1118 4471 parci
1150 4401 1259 4456 sibi
1293 4400 1574 4468 sentiunt,
1606 4404 1663 4457 et
1690 4404 1888 4457 tamen

1990 550 2369 603 contemnunt
2386 568 2401 617 ;
2419 549 2658 604 audiant
2673 549 2808 606 elati
2830 567 3002 623 quam
3019 553 3139 610 sint
3152 556 3493 615 transitoria
3510 577 3635 632 qua

1990 637 2277 706 ambiunt,
2295 654 2472 709 quam
2495 644 2708 694 aeterna
2726 656 2850 711 quae
2874 643 3144 713 perdunt.
3167 646 3423 703 Audiant
3445 649 3637 706 humi-

1986 724 2069 781 les
2089 742 2158 781 ex
2179 729 2457 798 magistra
2475 744 2609 783 voce
2625 728 2895 785 Veritatis
2921 748 2933 785 :
2957 732 3144 788 Omnis
3163 737 3261 806 qui
3280 752 3340 791 se
3354 738 3637 807 humiliat,

1989 816 2336 871 excitabitur
2374 816 2527 887 (Luc.
2560 833 2720 885 xvm,
2758 819 2884 889 Ui);
2939 820 3179 877 audiant
3227 823 3395 882 elati:
3449 826 3640 884 Omnis

1990 906 2158 975 quise
2174 907 2407 971 excitat,
2434 904 2840 962 humiliabitur
2859 908 3046 979 (lbid.)
3066 911 3326 969 Audiant
3342 914 3633 973 humiles:

1994 993 2233 1049 Gloriam
2261 994 2524 1065 praecedit
2545 994 2828 1051 humilitas
2851 1015 2865 1065 ;
2892 997 3133 1053 audiant
3154 1000 3288 1055 elati
3317 1017 3332 1057 :
3362 1004 3499 1060 Ante
3515 1007 3643 1061 rui-

1992 1099 2121 1137 nam
2170 1086 2456 1139 exattatur
2483 1086 2717 1155 spiritus
2750 1086 2930 1154 (Prov.
2962 1103 3056 1150 xv,
3087 1088 3193 1158 33;
3225 1106 3338 1161 xvr,
3372 1093 3484 1163 18.)
3512 1096 3639 1149 Au-

1990 1171 2154 1227 diant
2176 1174 2426 1229 humiles
2452 1189 2466 1229 :
2499 1175 2577 1229 Ad
2599 1190 2755 1247 quem
2780 1178 3096 1247 rcspiczam,
3129 1180 3243 1233 nisi
3262 1181 3339 1235 ad
3369 1180 3642 1239 humilem

1989 1260 2323 1332 etquielum,
2346 1268 2397 1319 et
2418 1268 2741 1320 trementem
2756 1280 3031 1321 sermones
3051 1282 3196 1323 meos
3210 1268 3365 1340 (Isai.
3386 1274 3601 1343 uri/1,2)
3617 1274 3646 1328 ’ἶ

1991 1352 2232 1406 audiant
2261 1352 2393 1407 elati
2430 1370 2443 1408 :
2478 1353 2619 1422 Quid
2650 1356 2893 1423 superbit
2919 1359 3072 1410 terra
3094 1365 3148 1411 et
3175 1356 3322 1413 cinis
3350 1360 3542 1429 (Eucti.
3573 1377 3633 1428 x,

1986 1439 2043 1511 9)
2068 1439 2095 1494 ?
2112 1440 2363 1496 Audiant
2388 1442 2460 1497 hu
2474 1443 2638 1499 miles
2664 1462 2676 1499 :
2696 1444 2837 1500 Deus
2859 1444 3096 1501 humilia
3121 1448 3376 1519 respicit;
3398 1449 3644 1507 audiant

1990 1527 2125 1584 elati
2160 1547 2175 1587 :
2222 1534 2287 1586 Et
2331 1532 2449 1587 alla
2498 1549 2533 1587 a
2571 1533 2727 1604 longe
2759 1534 3039 1601 cognoscit
3084 1536 3250 1605 (Psal.
3293 1553 3533 1608 cxxxvu,
3563 1541 3642 1611 6).

1991 1626 2238 1685 Audiant
2271 1625 2369 1682 59
2404 1621 2674 1691 humiles,
2707 1625 2841 1695 quia
2874 1624 3051 1679 Filius
3081 1623 3323 1681 hominis
3353 1642 3459 1682 non
3490 1631 3644 1685 venit

1989 1718 2327 1781 ministrari,
2375 1713 2469 1770 sed
2497 1714 2826 1769 ministrare
2863 1714 3074 1783 (Matth.
3119 1731 3213 1784 xx,
3244 1716 3375 1788 28);
3407 1717 3649 1775 audiant

1995 1808 2151 1874 elati,
2173 1808 2303 1878 quia
2335 1806 2563 1862 initium
2588 1805 2765 1860 omnis
2782 1805 2991 1875 peccati
3005 1804 3267 1876 superbia
3279 1812 3360 1862 est
3378 1807 3566 1877 (Eucti.
3587 1824 3646 1878 κ,

2003 1899 2112 1966 15).
2145 1896 2400 1951 Audiant
2421 1892 2695 1959 humiles,
2729 1892 2858 1965 quia
2890 1895 3211 1966 Redemptor
3239 1903 3425 1953 noster
3454 1897 3645 1953 humi-

1999 1988 2161 2042 liavit
2188 1985 2555 2054 semetipsum,
2584 1983 2763 2052 factus
2811 1982 3068 2039 obcdiens
3108 2000 3276 2056 usque
3312 1985 3384 2040 ad
3413 1995 3644 2044 mortem

1999 2074 2232 2150 (Philip.
2266 2090 2329 2140 Il,
2360 2072 2454 2143 8);
2486 2070 2728 2126 audiant
2757 2070 2893 2127 elati
2939 2072 3094 2143 quod
3135 2074 3205 2128 de
3225 2089 3425 2130 eorum
3456 2076 3643 2148 capite

1995 2164 2276 2232 scriptum
2309 2165 2401 2217 est
2432 2177 2447 2217 :
2479 2160 2598 2230 Ipse
2626 2168 2704 2215 est
2736 2175 2835 2215 rex
2862 2176 3030 2229 super
3059 2163 3348 2218 universos
3377 2164 3523 2233 ﬁlios
3542 2180 3634 2219 su-

1988 2252 2198 2327 perbia:
2219 2250 2355 2324 (Job.
2387 2267 2500 2316 xu,
2520 2250 2636 2320 25).
2667 2248 2907 2304 Occasio
2939 2249 3116 2320 igitur
3152 2250 3499 2322 perditionis
3530 2268 3639 2309 no-

1992 2348 2122 2399 stris
2153 2344 2304 2398 facta
2334 2348 2423 2396 est
2452 2338 2724 2411 superbia
2753 2338 2990 2405 diaboli,
3022 2344 3078 2394 et
3099 2345 3513 2411 argumentum
3547 2356 3638 2397 re-

1990 2431 2349 2504 demptionis
2370 2438 2575 2486 nostris
2598 2430 2835 2484 inventa
2863 2436 2950 2484 est
2971 2428 3269 2485 humilitas
3288 2429 3406 2486 Dei.
3440 2431 3641 2488 Hostis

1989 2524 2143 2582 enim
2161 2521 2517 2578 nosterinler
2537 2519 2733 2575 omnia
2755 2518 3046 2587 conditus,
3072 2517 3441 2576 voluitvideri
3464 2536 3644 2594 supra

1987 2612 2186 2671 omnia
2234 2611 2417 2667 elatus
2453 2626 2467 2665 :
2501 2608 2853 2680 Redemptor
2900 2612 3093 2665 autem
3144 2613 3342 2666 noster
3391 2626 3641 2681 magnus

1986 2718 2230 2759 manens
2262 2716 2436 2773 super
2465 2696 2683 2766 omnia,
2705 2699 2777 2770 (c)
2804 2696 2927 2754 ﬁeri
2959 2697 3112 2754 inter
3140 2697 3339 2755 omnia
3360 2699 3638 2772 dignatus

1983 2799 2072 2851 est
2102 2806 2328 2865 parvus.

2054 2884 2290 2938 Dicatur
2310 2895 2446 2952 ergo
2470 2877 2816 2948 humilibus,
2842 2878 2981 2951 quia
3002 2880 3143 2935 dum
3162 2893 3221 2935 se
3243 2878 3632 2950 dejiciunt,ad

1980 2974 2081 3030 Dei
2121 2970 2563 3029 similitudinem
2595 2970 2921 3027 ascendunt
2952 2985 2967 3025 ε
3003 2969 3235 3026 dicatur
3260 2970 3453 3038 elatis,
3484 2970 3625 3043 quia

1980 3064 2120 3119 dum
2150 3080 2211 3119 se
2229 3061 2482 3133 erigunt,
2506 3059 2564 3115 in
2590 3063 2865 3131 apostataa
2885 3059 3077 3131 angeli
3110 3059 3499 3116 imitationem
3526 3076 3627 3115 ca-

1979 3153 2145 3209 dunt.
2171 3150 2316 3216 Quid
2341 3152 2531 3219 itaque
2549 3148 2795 3223 elatione
2811 3148 3257 3219 dejectius,qua3
3279 3149 3420 3204 dum
3445 3166 3624 3221 supra

1978 3258 2039 3298 se
2056 3241 2332 3307 tenditur,
2353 3238 2423 3293 ab
2438 3236 2900 3292 altitudincverie
2918 3235 3279 3292 celsitudinis
3292 3238 3561 3308 elongatu
3572 3238 3628 3293 r?

1982 3334 2047 3386 Et
2077 3329 2215 3401 quid
2240 3326 2572 3383 humilitate
2604 3324 2944 3392 sublimius,
2978 3341 3106 3396 quas
3149 3325 3287 3381 dum
3327 3341 3387 3380 se
3416 3326 3475 3378 in
3511 3327 3631 3381 ima

1982 3418 2277 3492 deprimit,
2305 3414 2522 3471 auctori
2539 3429 2640 3469 suo
2660 3414 2920 3469 manenti
2945 3428 3116 3483 super
3137 3428 3371 3469 summa
3385 3413 3637 3485 conjun-

1983 3509 2116 3585 git?
2146 3508 2247 3564 Est
2277 3511 2473 3562 tamen
2507 3503 2664 3561 aliud
2699 3505 2852 3576 quod
2878 3504 2935 3559 in
2969 3503 3057 3560 eis
3078 3504 3286 3560 debeat
3302 3507 3472 3560 caute
3502 3520 3640 3576 pen-

1984 3599 2123 3665 sari,
2153 3597 2289 3670 quia
2305 3612 2455 3667 saepe
2478 3594 2711 3668 quidam
2742 3593 3091 3650 humilitatis
3120 3593 3637 3665 decipiunturspe-

1985 3689 2092 3753 cie,
2116 3688 2352 3758 quidam
2375 3700 2507 3740 vero
2531 3682 2797 3739 elationis
2820 3684 3317 3754 suaeignoratione
3333 3683 3641 3741 falluntur.

1986 3779 2130 3837 Nam
2159 3777 2503 3849 plerumque
2518 3772 2818 3828 nonnullis
2833 3773 2933 3845 qui
2948 3773 3059 3828 sibi
3080 3772 3329 3828 humiles
3345 3762 3642 3845 videntur,

1987 3869 2039 3925 is
2071 3865 2171 3940 qui
2202 3863 2539 3922 hominibus
2569 3861 2779 3917 deferri
2806 3878 2918 3917 non
2950 3862 3141 3930 debet,
3167 3864 3520 3931 conjunctus
3549 3863 3643 3917 est

1990 3958 2199 4023 timor;
2234 3955 2574 4027 plerumque
2603 3967 2737 4007 vero
2769 3949 2951 4007 elatos
2980 3949 3247 4006 comitari
3280 3949 3427 4006 solet
3448 3951 3643 4007 liberae

1991 4046 2151 4103 vocis
2184 4042 2453 4100 assertio.
2485 4040 2554 4095 Et
2583 4055 2718 4096 cum
2740 4041 3003 4111 quedam
3025 4038 3383 4111 increpanda
3404 4043 3542 4096 sunt
3561 4038 3648 4094 vi—

1993 4136 2096 4201 tia,
2127 4132 2213 4189 illi
2247 4130 2489 4187 reticent
2518 4146 2586 4187 ex
2618 4129 2845 4193 timore,
2878 4132 2935 4183 et
2955 4132 3154 4184 tamen
3185 4131 3376 4185 tacere
3398 4144 3463 4185 se
3492 4127 3645 4185 asti-

1996 4232 2157 4281 mant
2174 4238 2242 4278 ex
2266 4218 2620 4287 humilitate,
2644 4217 2745 4275 isti
2765 4218 2892 4289 loqu
2904 4222 3084 4273 untur
3101 4217 3648 4291 perimpatientiam

1997 4310 2289 4378 elationis,
2320 4313 2379 4365 et
2408 4311 2597 4363 tanien
2632 4320 2695 4362 se
2726 4305 2973 4363 credunt
3004 4306 3162 4379 loqui
3198 4321 3300 4378 per
3320 4304 3651 4363 libertatem

1999 4398 2391 4457 rectitudinis.
2440 4396 2575 4454 Illos
2608 4400 2673 4451 ut
2717 4410 2977 4467 perversa
3021 4411 3135 4451 non
3181 4394 3504 4467 increpent,
3537 4396 3650 4451 sub

218 4506 660 4562 responsorum
699 4488 923 4546 ratione
965 4488 1025 4544 in
1057 4490 1284 4546 intimis
1328 4490 1437 4547 sub
1467 4489 1892 4563 tranquillitate
2001 4492 2194 4563 specie
2226 4488 2579 4545 humilitatis
2598 4487 2810 4561 premit
2830 4485 3006 4559 culpa
3035 4485 3367 4543 formidinis
3388 4486 3653 4553 ;istosad

222 4584 585 4653 tanguntur,
640 4576 713 4634 ab
750 4579 986 4652 ecquod
1023 4583 1083 4636 et
1103 4588 1403 4636 erexerant
1424 4578 1621 4635 statim
1655 4578 1893 4634 cadunt.
1933 4577 1981 4643 D
2012 4578 2369 4652 increpanda
2398 4594 2526 4650 quas
2559 4593 2674 4633 non
2705 4576 3055 4646 debent,aut
3075 4575 3267 4647 magis
3299 4574 3654 4645 increpanda

225 4671 335 4738 Qui
364 4668 607 4742 ergo(b)
640 4685 673 4723 a
706 4668 951 4724 fervoris
982 4669 1078 4725 sui
1098 4668 1321 4742 impetu
1342 4668 1454 4726 sub
1484 4669 1739 4725 lenitatis
1765 4684 1898 4742 per-
1924 4666 1927 4669 ’
2009 4686 2185 4743 quam
2220 4667 2459 4732 debent,
2480 4665 2592 4722 sub
2617 4664 2872 4737 imagine
2903 4663 3186 4719 libertatis
3207 4664 3508 4720 effrenatio
3538 4661 3655 4718 im-

229 4759 510 4815 cussiono
538 4755 835 4822 resiliunt,
862 4756 1030 4829 quasi
1062 4757 1187 4813 sine
1221 4758 1368 4814 ferro
1400 4756 1751 4814 moriuntur.
2008 4754 2732 4831 pellittumoris.(d)Unde
2752 4752 2949 4810 etelati
2975 4751 3654 4823 admonendisunttu,q.

710 4854 939 4913 CAPUT
975 4855 1123 4913 XVI!
1157 4856 1435 4931 [Al.XLl).
2007 4847 2065 4917 7,
2098 4864 2146 4905 c.
2181 4844 2565 4917 Admonendi),
2599 4859 2671 4901 ne
2703 4841 2837 4915 plus
2867 4858 3037 4931 quam
3058 4842 3218 4897 decet
3235 4839 3537 4931 sintliberi
3562 4863 3587 4931 ;~
3602 4842 3661 4897 et

500 4943 781 5015 Quomodo
814 4944 1146 5002 admonendi
1170 4946 1403 5001 humiles
1432 4952 1483 5002 et
1509 4945 1659 5002 elati.

308 5035 658 5107 (Admonitio
699 5034 812 5105 18.)
841 5034 1026 5091 Aliter
1058 5034 1413 5092 admonendi
1446 5039 1587 5092 sunt
1626 5033 1900 5108 humiles,

231 5132 407 5201 atque
420 5126 596 5181 aliter
607 5124 767 5180 elati.
791 5123 918 5180 Illis
934 5124 1249 5181 insinuand
1262 5141 1361 5181 um
1375 5129 1462 5181 est
1482 5141 1657 5197 quam
1676 5125 1754 5181 sit
1771 5140 1905 5181 vera

234 5214 590 5275 excellentia
628 5228 803 5286 quam
855 5214 1146 5290 sperando
1177 5218 1403 5283 tenent;
1437 5213 1567 5270 istis
1612 5229 1744 5270 vero
1777 5214 1909 5270 inti-

234 5306 530 5363 mandum
556 5307 647 5360 est
666 5319 840 5373 quam
862 5303 940 5360 sit
961 5302 1125 5360 nulla
1148 5302 1485 5374 temporalis
1508 5302 1708 5376 gloria,
1728 5318 1905 5374 quam

240 5404 297 5451 et
315 5394 759 5467 amplectentes
776 5409 889 5450 non
923 5398 1150 5451 tenent.
1177 5394 1431 5450 Audiant
1458 5394 1711 5452 humiles
1733 5410 1907 5466 quam

314 5508 366 5567 (α
431 5502 665 5557 Gemet.
698 5516 763 5555 ac
796 5499 874 5572 pl.
908 5500 1134 5565 Norm.,
1159 5508 1308 5557 tanto
1340 5501 1623 5558 libentius.

308 5506 397 5647 (bi
415 5573 593 5640 Edlti,
612 5572 874 5647 ajuroris
892 5572 1003 5645 sui,
1027 5579 1233 5630 contra
1252 5571 1389 5630 Mss.
1406 5578 1528 5630 tam
1541 5574 1623 5630 An

248 5644 595 5703 uestrorum
638 5644 831 5700 ﬁdem.

316 5719 395 5793 (c)
424 5716 512 5774 De
536 5713 647 5772 hoc
675 5714 950 5791 loquendi
971 5716 1149 5775 modo
1171 5714 1445 5790 Gregorio
1467 5715 1764 5792 familiari,
1785 5716 1915 5775 vide

415 5573 593 5640 Edlti,
612 5571 874 5647 ajuroris
892 5572 1003 5645 sui,
1027 5579 1233 5630 contra
1252 5571 1389 5630 Mss.
1406 5578 1528 5630 tam
1541 5572 1711 5647 Angl.
1732 5590 1910 5647 quam

2009 4936 2266 4995 humiles
2289 4934 2643 4992 admonendi
2667 4939 2823 4999 sunt,
2839 4948 2913 4987 ne
2939 4929 3072 5004 plus
3091 4945 3271 5002 quam
3293 4929 3525 5002 expedit
3544 4929 3665 4987 sint

2014 5024 2285 5097 subjecti,
2313 5039 2386 5080 ne
2419 5028 2525 5081 aut
2555 5022 2639 5079 illi
2674 5019 3331 5093 defensionemjustitie
3350 5022 3578 5077 vertant
3601 5018 3665 5079 in

2000 5114 2479 5191 exercitationem
2512 5111 2821 5186 superbiai,
2854 5114 2956 5167 aut
2984 5109 3080 5167 isti
3102 5126 3237 5167 cum
3260 5110 3502 5167 student
3531 5106 3667 5182 plus

2015 5222 2192 5282 quam
2221 5220 2455 5262 necesse
2486 5208 2575 5259 est
2608 5198 2947 5263 hominibus
2969 5194 3203 5275 subjici,
3233 5198 3666 5283 compellantur

2016 5312 2219 5354 eorum
2250 5294 2426 5351 etiam
2456 5292 2599 5365 vitia
2628 5291 2911 5348 venerari.
3610 5286 3617 5291 ’

2088 5385 2588 5443 Considerandum
2619 5398 2753 5439 vero
2781 5389 2868 5439 est
2897 5380 3051 5455 quod
3098 5380 3441 5455 plerumque
3476 5376 3660 5436 elatos

2016 5496 2062 5553 Ι.
2094 5511 2166 5550 xv
2199 5491 2421 5560 Moral.,
2462 5500 2525 5548 u°
2552 5492 2621 5546 20
2645 5509 2658 5557 ;
2686 5489 2727 5547 l.
2751 5507 2865 5552 im.
2897 5497 2961 5545 n°
2987 5490 3091 5560 37.,
3110 5504 3176 5545 ac
3207 5488 3443 5560 passim.

2090 5565 2168 5638 (ά)
2202 5556 2513 5622 Gratianus
2545 5556 2664 5619 haec
2695 5565 2971 5632 referens,
3003 5556 3119 5620 non
3165 5556 3342 5618 verba
3377 5559 3477 5616 sed
3526 5572 3660 5615 sen-

2026 5654 2161 5695 sum
2194 5637 2405 5711 reddit.
