4136 6178
516 403 517 408 η
594 352 672 412 79
1809 341 2086 405 SANC'I‘I
2134 338 2498 404 GBEGORII
2545 342 2786 404 MAGNI
3865 351 3930 412 30

593 481 1181 555 utiliuscorripimus,
1206 478 1255 536 si
1277 492 1479 534 eorum
1497 474 2236 548 correptionibusquaadam
2273 476 2328 542 Α
2352 478 2502 547 quod
2535 476 2702 533 valde
2728 493 2791 534 se
2819 477 3208 550 despicientes
3239 476 3562 551 negligunt,
3596 485 3649 536 et
3683 477 3792 536 ideo
3815 480 3930 539 levi-

587 572 826 630 laudum
848 573 1101 628 fomenta
1122 569 1497 625 misceamus.
1523 565 1829 622 luterenda
1844 579 2095 636 namque
2115 562 2234 618 illis

591 667 730 721 sunt
753 665 850 717 aut
872 659 982 714 alia
1006 659 1159 714 bona
1189 672 1314 729 quae
1343 654 1402 711 in
1434 653 1579 726 ipsis
1610 657 1768 718 sunt,
1801 651 2232 706 autdicendum

591 757 748 808 certe
765 766 889 821 quae
913 751 1184 820 poterant
1210 759 1337 800 esse
1359 746 1548 799 sinon
1578 752 1713 796 sunt
1733 749 1816 809 ;et
1835 749 1971 795 tunc
1995 740 2233 796 demum

594 837 913 897 resecanda
928 835 1226 891 suntmala
1240 849 1366 905 quae
1383 831 1550 887 nobis
1571 829 1902 901 displicent,
1921 845 2052 883 cum
2071 828 2232 899 prius

597 931 668 985 ad
700 926 1058 984 audiendum
1083 939 1285 980 eorum
1327 919 1666 992 placabilem
1709 925 1960 974 mentem
1995 918 2234 973 iecerint

595 1015 888 1090 praemissa
910 1014 1056 1070 bona
1073 1028 1200 1084 quae
1215 1012 1464 1083 placent.
1482 1009 1626 1065 Nam
1645 1013 1895 1081 etequos
1916 1008 2232 1062 indomitos

591 1105 807 1161 blanda
838 1103 1003 1173 prius
1035 1117 1212 1157 manu
1238 1100 1560 1170 tangimus,
1590 1101 1652 1152 ut
1677 1113 1777 1153 eos
1809 1095 1974 1152 nobis
2005 1096 2233 1166 plenius

587 1195 960 1269 postmodum
984 1191 1161 1248 etiam
1189 1207 1289 1260 per
1309 1189 1538 1261 ﬂagella
1555 1187 1922 1258 subigamus.
1950 1187 2016 1242 Et
2031 1203 2228 1242 amaro

586 1285 1013 1357 pigmentorum
1048 1279 1250 1352 poculo
1274 1277 1465 1334 mellis
1496 1275 1742 1333 dulcedo
1765 1275 2134 1347 adjungitur,
2158 1291 2230 1331 ne

583 1391 651 1431 ea
682 1391 808 1446 qua;
857 1372 1026 1429 saluti
1071 1371 1374 1443 profutura
1419 1372 1526 1434 est,
1559 1366 1618 1422 in
1651 1366 1774 1438 ipso
1815 1373 1991 1438 gustu
2022 1380 2230 1436 aspera

585 1462 916 1519 amaritudo
947 1459 1270 1526 sentiatur;
1301 1458 1443 1512 dum
1461 1471 1594 1512 vero
1624 1459 1830 1526 gustus
1859 1470 1960 1526 per
1988 1453 2227 1510 ducedi-

584 1568 719 1608 nem
759 1549 997 1616 fallitur,
1020 1548 1333 1620 (a)bumor
1361 1545 1700 1600 mortiferus
1735 1559 1836 1614 per
1873 1541 2224 1598 amaritudi-

581 1656 719 1696 nem
749 1643 1052 1696 vacuatur.
1087 1638 1368 1706 Ipsaergo
1399 1634 1457 1689 in
1490 1632 1662 1688 elatis
1691 1631 2037 1688 inventionis
2058 1647 2226 1686 exor-

584 1727 700 1797 dia,
735 1726 1021 1800 permixta
1052 1729 1192 1781 sunt
1221 1722 1390 1779 laude
1423 1721 1826 1792 temperanda,
1859 1724 1924 1775 ut
1949 1720 2088 1775 dum
2121 1719 2223 1775 ad-

2338 570 2453 621 tale
2489 565 2911 636 cogitationum
2945 583 2978 620 a
3006 582 3111 621 suo
3135 566 3357 637 judicio
3385 583 3486 638 per
3515 571 3817 640 temporum
3838 587 3935 628 mo-

2339 660 2536 712 menta
2551 654 2883 710 ﬂectuntur.
2905 654 3026 711 Illis
3043 656 3353 711 dicendum
3373 665 3452 712 esl
3477 657 3616 728 quia
3645 659 3742 714 nisi
3767 660 3934 716 melio-

2337 759 2427 800 res
2457 759 2520 799 se
2549 744 2771 800 caeteris
2820 744 3201 808 aestimarent,
3237 761 3604 818 nequaquam
3633 754 3933 806 cunctorum

2335 833 2579 888 consilia
2600 851 2717 888 suae
2734 832 3135 889 deliberationi
3162 841 3606 906 postponereut;
3633 837 3750 892 istis
3774 838 3937 894 dicen-

2335 920 2475 976 dum
2491 928 2581 977 est
2603 923 2742 994 quia
2760 923 2804 978 si
2821 922 3096 993 hocquod
3114 926 3270 992 sunt,
3288 928 3932 996 utcunqueattenilcrent,

2335 1026 2702 1082 nequaquam
2717 1027 2816 1067 eos
2836 1028 2935 1083 per
2963 1016 3048 1066 tot
3073 1011 3142 1082 (e)
3159 1011 3449 1067 varietatis
3471 1012 3652 1070 latera
3681 1016 3936 1072 mutabili-

2333 1099 2473 1154 tatis
2500 1116 2641 1154 aura
2669 1103 2938 1155 versaret.
2959 1099 3080 1154 Illis
3104 1115 3203 1172 per
3229 1100 3470 1157 Paulum
3503 1102 3714 1159 dicitur
3742 1120 3754 1159 :
3790 1105 3937 1161 Nolite

2330 1188 2625 1258 prudentes
2663 1204 2778 1244 esse
2821 1189 2969 1260 apud
3006 1191 3350 1260 vosmetipsos
3401 1190 3578 1261 (Rom.
3613 1209 3710 1260 xu,
3743 1193 3853 1265 16);
3888 1198 3939 1250 at

2331 1280 2532 1333 contra
2562 1277 2658 1332 isti
2690 1277 2938 1333 audiunt
2969 1294 2984 1334 :
3017 1281 3136 1334 Non
3152 1280 3617 1349 circumferamur
3636 1283 3777 1338 omni
3801 1288 3936 1340 vento

2327 1365 2603 1423 doctrinae
2628 1366 2848 1438 (Ephes.
2880 1367 3087 1438 iv,14).
3117 1366 3197 1422 De
3220 1366 3340 1422 illis
3363 1384 3462 1440 per
3485 1369 3831 1427 Salomonem
3860 1371 3936 1426 di-

2328 1455 2484 1513 citur
2506 1471 2520 1510 :
2556 1455 2844 1511 Comedenl
2856 1458 3070 1527 fructus
3090 1459 3198 1514 viae
3221 1455 3603 1529 suae,‘suisque
3622 1458 3846 1514 consiliis
3861 1477 3940 1516 sa-

2328 1545 2664 1601 turabuntur
2681 1545 2862 1615 (Prov.
2900 1563 2939 1612 i,
2969 1545 3094 1618 3t);
3121 1545 3192 1600 de
3223 1545 3348 1600 istis
3372 1551 3567 1602 autem
3589 1547 3660 1603 ab
3683 1563 3743 1604 eo
3763 1565 3941 1606 rursus

2327 1633 2602 1690 scribitur
2632 1650 2646 1690 :
2683 1633 2786 1690 Cor
2811 1635 3108 1690 stultorum
3137 1633 3414 1690 dissimile
3440 1637 3547 1692 erit
3576 1635 3732 1708 (Ibid.
3761 1654 3844 1702 xv,
3871 1638 3939 1708 7).

2327 1723 2434 1780 Cor
2454 1722 2669 1794 quippe
2683 1722 3014 1794 sapientum
3032 1722 3380 1796 sibimetipsi
3396 1741 3626 1796 semper
3643 1730 3728 1781 est
3746 1726 3940 1794 simile;

579 1823 819 1878 mittunt
862 1821 1088 1876 favtires
1135 1834 1280 1890 quos
1315 1815 1589 1888 diligunt,
1612 1813 1786 1870 etiam
1819 1813 2223 1887 correptiones
2251 1833 2296 1899 Β
2327 1812 3946 1886 quiadumrectispersuasionibusacquiescit,constanter

577 1911 868 1983 recipiant
887 1925 1035 1982 quas
1065 1909 1338 1964 oderunt.

649 2000 1001 2071 Plerumque
1029 2005 1221 2052 autem
1264 1996 1612 2068 persuadere
1641 1994 1812 2050 elatis
1837 1992 1996 2048 utilia
2019 1991 2225 2048 melius

574 2104 910 2164 possumus,
926 2087 974 2144 si
992 2087 1317 2160 profectum
1333 2100 1534 2140 eorum
1551 2083 1722 2140 nobis
1741 2083 1932 2153 potius
1948 2083 2050 2138 80
2063 2097 2228 2153 quam

575 2179 694 2234 illis
708 2177 1072 2248 profuturum
1100 2175 1382 2243 dicamus,
1398 2174 1443 2229 si
1459 2171 2221 2244 eorum(b)'neliorationem

577 2267 750 2324 nobis
779 2265 964 2337 magis
995 2279 1174 2336 quam
1199 2263 1310 2320 sibi
1338 2263 1589 2335 impendi
1614 2262 1992 2334 postulamus.
2030 2260 2224 2316 Facile

577 2356 737 2414 enim
782 2357 850 2411 ad
883 2357 1102 2411 bonum
1133 2355 1308 2410 elatio
1340 2353 1611 2419 ﬂectitur,
1646 2353 1696 2408 si
1724 2357 1780 2408 et
1812 2352 1944 2408 aliis
1974 2353 2102 2422 ejus
2131 2351 2223 2406 in-

575 2446 742 2502 ﬂexio
759 2445 1034 2516 prodesse
1047 2443 1335 2499 credatur.
1355 2442 1516 2498 Unde
1533 2441 1782 2514 Moyses,
1798 2441 1898 2514 qui
1917 2446 2148 2512 regente
2160 2456 2222 2496 se

577 2539 710 2600 Deo,
724 2532 936 2590 deserti
957 2533 1062 2588 iter
1076 2547 1237 2588 aerea
1255 2534 1532 2586 columna
1553 2531 1700 2586 duce
1722 2530 2084 2602 pergebat(c)
2099 2545 2221 2584 cum

574 2624 772 2680 Hobab
803 2626 1120 2695 cognatum
1155 2637 1329 2676 suum
1354 2638 1386 2676 a
1408 2620 1752 2692 gentilitatis
1783 2620 2222 2676 conversatione

572 2712 744 2768 vellet
772 2712 1036 2779 educere,
1071 2719 1121 2766 et
1144 2709 1561 2780 omnipotentis
1593 2709 1693 2765 Dei
1721 2708 1980 2765 dominio
2011 2709 2219 2778 subju-

573 2817 714 2874 gare
749 2819 762 2859 :
797 2801 1136 2871 Proﬁcisrim
1147 2816 1213 2855 ur
1235 2798 1306 2874 ad
1326 2800 1502 2855 locum
1525 2814 1682 2871 quem
1708 2785 1901 2854 homin
1912 2814 1974 2853 us
1991 2798 2222 2852 daturus

575 2901 655 2949 est
683 2890 876 2954 nobis;
910 2892 1038 2947 veni
1064 2890 1367 2958 nobiscum,
1399 2898 1459 2944 ut
1477 2890 1610 2944 bene
1628 2890 1907 2961 faciamus
1933 2887 2057 2952 tibi,
2087 2889 2219 2959 quia

577 2981 844 3039 Dominus
875 2980 1013 3035 bona
1044 2978 1298 3050 promisit
1329 2979 1556 3035 lsraeti.
1589 2980 1698 3034 Cui
1716 2994 1839 3033 cum
1857 2976 2221 3048 respondisset

577 3073 679 3128 ille
711 3089 725 3127 :
759 3073 874 3129 Non
898 3070 1087 3128 vadum
1119 3074 1318 3138 tecum,
1341 3069 1698 3125 sedrevertar
1727 3070 1787 3124 in
1817 3072 2020 3123 terram
2041 3083 2218 3122 meum

2333 1917 2393 1957 se
2415 1901 2472 1956 in
2505 1901 2657 1957 bono
2684 1917 2855 1972 opere
2883 1900 3104 1969 dirigit.
3135 1901 3247 1958 Cor
3272 1918 3408 1958 vero
3449 1902 3753 1959 stultorum
3783 1903 3944 1961 dissi-

2332 1990 2470 2046 mile
2499 1995 2610 2056 est,
2635 1990 2772 2061 quia
2793 1991 2931 2044 dum
2959 1989 3353 2046 mutabilitate
3380 2007 3442 2047 se
3458 1991 3682 2048 varium
3715 1992 3945 2063 exhibet,

2329 2095 2626 2152 nunquam
2679 2079 2733 2134 id
2767 2079 2920 2150 quod
2957 2079 3142 2134 fuerat
3173 2085 3388 2135 manet.
3431 2079 3676 2153 Et‘jquia
3703 2083 3946 2156 quaedam

2331 2168 2471 2224 vitia
2501 2167 2654 2224 sicut
2682 2184 2750 2224 ex
2781 2167 3116 2239 semetipsis
3145 2169 3396 2240 gignunt
3440 2169 3572 2237 alia,
3605 2169 3686 2225 ita
3722 2187 3782 2227 ex
3830 2171 3949 2227 aliis

2331 2262 2622 2326 oriuntur,
2657 2259 2955 2315 sciendum
3007 2274 3380 2330 summopere
3411 2265 3496 2315 est
3550 2261 3699 2332 quod
3731 2266 3862 2318 tunc
3887 2278 3949 2318 ea

2330 2348 2694 2419 corripiendo
2728 2346 2936 2403 melius
2967 2348 3274 2419 tergimus,
3295 2364 3429 2404 cum
3456 2349 3528 2404 ab
3551 2350 3673 2421 ipso
3695 2350 3954 2406 amaritu-

2331 2435 2484 2492 dinis
2515 2453 2635 2492 suae
2671 2437 2826 2492 fonte
2856 2435 3164 2494 siccamus.
3193 2436 3520 2494 Pertinacia
3551 2437 3760 2512 quippe
3780 2456 3845 2496 ex
3865 2455 3953 2496 su-

2329 2526 2548 2598 perbia,
2581 2524 2976 2582 inconstantia
3014 2541 3144 2582 vero
3168 2541 3234 2582 ex
3265 2525 3497 2582 levitate
3525 2533 3842 2600 generatur.

2403 2622 2762 2679 Admonendi
2796 2622 2979 2694 igitur
3007 2627 3146 2679 sunt
3185 2622 3532 2695 pertinaces,
3567 2633 3631 2680 ut
3659 2623 3956 2684 elationem

2329 2728 2446 2767 suae
2477 2711 2844 2784 cogitationis
2875 2717 3218 2784 agnoscant,
3250 2717 3306 2767 et
3353 2712 3700 2785 semetipsos
3737 2714 3956 2772 vincere

2328 2800 2639 2869 studeant;
2675 2817 2746 2857 ne
2775 2801 2910 2856 dum
2947 2800 3119 2856 rectis
3147 2800 3396 2857 aliorum
3426 2801 3796 2859 suasionibus
3827 2805 3960 2862 foris

2329 2889 2594 2962 superari
2627 2889 3161 2960 despiciunt,intus
3193 2890 3514 2962 asuperbia
3536 2893 3629 2948 6|
3660 2894 3863 2966 captivi
3882 2899 3962 2951 te-

2329 2987 2599 3036 neantur.
2616 2978 2984 3036 Admonendi
3002 2985 3162 3044 sunt.
3181 2984 3245 3036 ut
3268 2981 3509 3036 solerter
3525 2982 3810 3053 aspiciant
3826 2983 3964 3056 quia

2332 3069 2508 3124 Filius
2538 3068 2813 3130 hominis.
2837 3067 2928 3124 cui
2950 3086 3062 3124 una
3093 3085 3326 3141 semper
3344 3086 3477 3124 cum
3504 3072 3670 3126 Patre
3699 3071 3964 3130 voluntas

574 3165 758 3235 inqua
771 3168 935 3219 natus
960 3177 1120 3223 sum;
1141 3161 1295 3216 illico
1319 3159 1853 3231 adjunxit:Nolinos
1869 3158 2217 3228 relinquere;
2247 3197 2289 3265 C
2328 3163 2436 3223 est,
2453 3167 2512 3213 ut
2529 3157 2862 3230 exemplum
2887 3158 3054 3215 nobis
3077 3159 3632 3231 frangendsenostraa
3654 3161 3967 3220 voluntatis

573 3261 636 3310 tu
662 3255 811 3310 enim
840 3251 989 3308 nosti
1017 3251 1076 3306 in
1108 3252 1303 3324 quibus
1328 3249 1462 3306 locis
1493 3264 1588 3322 per
1615 3251 1890 3304 desertum
1905 3250 2084 3302 castra
2111 3262 2214 3317 po-
2249 3248 2289 3265 “
2326 3248 2596 3319 prtebeat,
2644 3248 2787 3304 dicit
2820 3265 2834 3304 :
2875 3248 2992 3305 Non
3040 3264 3223 3320 quaero
3271 3249 3605 3305 uoluntatem
3647 3267 3848 3319 meum,
3878 3253 3969 3308 sed

571 3357 704 3399 nere
747 3343 1066 3410 debeamus,
1098 3346 1149 3398 et
1181 3343 1296 3398 eris
1331 3339 1524 3396 ductor
1564 3343 1752 3393 noster
1797 3336 1982 3404 (Num.
2032 3351 2089 3399 χ,
2119 3335 2212 3399 29,

564 3432 718 3504 seq).
745 3432 937 3500 Neque
965 3430 1120 3488 enim
1154 3429 1334 3498 Moysi
1358 3435 1606 3484 mentem
1638 3424 1967 3498 ignorantia
1987 3423 2213 3479 itineris

553 3521 939 3590 angustabat,
971 3535 1142 3591 quem
1174 3527 1226 3576 et
1248 3517 1324 3589 (rt)
1345 3518 1414 3573 ad
1439 3515 1758 3588 prophetiae
1787 3513 2092 3570 scientiam
2123 3529 2213 3568 co-

555 3607 748 3679 gnitio
765 3605 1089 3663 Divinitatis
1103 3605 1655 3678 expanderat,quem
1669 3603 1946 3660 columna
1957 3600 2208 3658 exterius

567 3696 827 3771 praibat,
861 3715 1031 3770 quem
1053 3698 1125 3754 de
1156 3699 1383 3754 cunctis
1416 3696 1661 3752 interius
1692 3712 1792 3766 per
1813 3695 2208 3750 conversatio-

565 3804 695 3845 nem
720 3805 852 3844 cum
877 3793 991 3845 Deo
1012 3788 1276 3844 sedulam
1298 3786 1513 3842 locutio
1533 3783 1835 3840 familiaris
1858 3783 2206 3841 instruebat.

563 3879 674 3936 Sed
695 3878 959 3935 videlicet
979 3879 1067 3934 vir
1085 3877 1360 3950 providus
1383 3874 1534 3932 elato
1558 3873 1808 3931 auditori
1847 3872 2205 3945 colloquens,

561 3967 834 4024 solatium
877 3967 1076 4037 petivit
1107 3971 1172 4022 ut
1202 3967 1399 4034 daret;
1432 3965 1605 4021 ducet
1644 3963 1976 4036 repuircbat
2007 3964 2065 4017 in
2098 3962 2207 4032 via,

562 4061 629 4112 ut
658 4057 774 4112 dux
796 4055 847 4112 ei
871 4055 989 4112 fieri
1014 4055 1300 4126 potuisset
1331 4057 1399 4110 ad
1426 4054 1623 4109 vitam.
1657 4053 1782 4124 Egit
1815 4051 2012 4124 itaque
2028 4057 2084 4106 ut
2107 4068 2209 4108 su-

559 4145 775 4217 perbus
821 4144 1056 4202 auditor
1083 4144 1206 4202 voci
1239 4143 1312 4200 ad
1345 4143 1588 4199 meliora
1616 4141 1881 4199 suadenti
1921 4157 1986 4197 eo
2020 4141 2208 4212 magis

565 4234 728 4290 ﬁeret
746 4235 1009 4301 devotus,
1028 4249 1145 4307 quo
1168 4241 1465 4306 putaretur
1482 4231 1846 4290 necessarius
1866 4249 1881 4300 ;
1903 4237 1962 4287 et
1984 4230 2137 4286 unde
2150 4247 2210 4287 se

566 4323 993 4380 exbortatorem
1048 4339 1224 4380 suum
1267 4322 1592 4395 praecedere
1639 4319 1917 4388 crederet,
1963 4319 2099 4376 inde
2142 4335 2207 4377 se

567 4413 680 4470 sub
708 4412 902 4470 verbis
929 4412 1296 4470 exhortanlis
1325 4411 1654 4468 inclinaret.

988 4501 1220 4561 CAPUT
1250 4503 1424 4560 xxni
1456 4503 1565 4575 [Αι.
1598 4501 1776 4572 XLII).

2318 3350 2649 3401 voluntatem
2669 3348 2784 3418 ejus
2801 3347 2898 3418 qui
2919 3348 3074 3402 misit
3104 3363 3192 3403 me
3213 3348 3394 3403 Patris
3423 3348 3602 3416 (toan.
3627 3365 3677 3416 ν,
3709 3349 3824 3422 30).
3858 3351 3968 3418 Qui

2319 3438 2383 3488 ut
2404 3434 2582 3503 hujus
2610 3434 2802 3490 adhuc
2822 3435 3052 3491 virtutis
3071 3437 3318 3508 gratiam
3347 3439 3810 3506 commendaret,
3845 3457 3974 3496 ser-

2317 3529 2584 3578 vaturum
2605 3539 2665 3579 se
2699 3523 2804 3579 boc
2822 3523 2878 3579 in
2894 3525 3386 3594 extremojudicio
3407 3525 3702 3597 praemisit,
3727 3528 3968 3585 dicens:

2315 3614 2428 3684 Ego
2454 3630 2486 3667 a
2515 3629 2600 3668 me
2620 3614 2736 3684 ipso
2767 3630 2876 3670 non
2906 3630 3120 3685 possum
3142 3617 3327 3684 facere
3357 3615 3684 3688 quidquam,
3713 3619 3806 3674 sed
3827 3618 3976 3675 sicut

2315 3702 2502 3769 audio,
2528 3702 2710 3770 iudico
2733 3703 2935 3775 (Ibid).
2961 3703 3085 3768 Qua
3105 3706 3294 3772 itaque
3315 3705 3382 3774 (/)
3414 3705 3770 3763 conscientia
3801 3707 3978 3764 dedi-

2315 3798 2534 3864 gnatur
2564 3793 2739 3848 homo
2771 3793 2970 3849 alienae
3002 3793 3284 3850 voluntati
3309 3792 3700 3866 acquiescere,
3726 3798 3975 3869 quando

2318 3881 2415 3938 Dei
2447 3885 2503 3937 et
2535 3881 2793 3938 hominis
2817 3881 3011 3948 Filius,
3044 3898 3179 3938 cum
3201 3883 3433 3939 virtutis
3457 3898 3575 3940 suae
3595 3885 3850 3958 gloriam
3883 3903 3986 3943 ve-

2315 3971 2405 4028 nit
2425 3974 2752 4040 ostendere,
2779 3976 3028 4028 testatur
3043 3989 3106 4028 se
3128 3987 3243 4028 non
3269 3989 3302 4028 a
3324 3975 3989 4046 semetipsojudicare?

2384 4073 2667 4127 Alcontra
2683 4071 2751 4126 ad
2763 4070 3043 4128 monendi
3057 4077 3194 4127 sunt
3210 4072 3630 4141 inconstantes,
3647 4080 3995 4131 utmentem

2313 4159 2594 4231 gravitate
2612 4160 2906 4216 roborent.
2926 4160 3091 4217 Tunc
3112 4160 3267 4217 enim
3291 4161 3589 4234 genimina
3607 4161 3666 4218 in
3689 4179 3757 4220 se
3785 4169 4000 4220 muta-

2315 4248 2640 4321 bilitatis(g)
2655 4249 2998 4317 arelaciunt,
3013 4266 3142 4305 cum
3160 4252 3375 4308 acorde
3390 4251 3550 4321 prius
3563 4252 3832 4310 radicem
3851 4253 4000 4310 levi-

2312 4339 2453 4397 tatis
2466 4339 2793 4404 abscidunt,
2812 4339 3166 4412 quiaettunc
3181 4339 3400 4396 fabrica
3413 4341 3999 4400 robustaconstrui-

2311 4429 2430 4495 tur,
2449 4443 2582 4484 cum
2616 4428 2776 4500 prius
2799 4427 2963 4485 locus
2993 4427 3241 4492 solidus.
3271 4427 3332 4485 in
3364 4446 3479 4502 quo
3513 4431 3998 4490 fundamentum

2313 4517 2448 4588 poni
2470 4517 2700 4586 debeat,
2725 4518 3074 4588 providetur.
3105 4517 3230 4574 Nisi
3260 4534 3396 4592 ergo
3420 4524 3555 4576 ante
3587 4519 3813 4578 mentis
3841 4519 4005 4577 levio

645 4593 924 4664 Quomodo
960 4592 1293 4650 admonendi
1319 4565 1625 4663 pertinaces
1655 4602 1706 4648 et
1737 4590 2126 4647 inconstantes.

2330 4565 2448 4572 ---η
2473 4565 2700 4586 ---ν-η,
2725 4565 3074 4588 ,--.._--_-.
3105 4565 3230 4574 -..π
3262 4565 3312 4574 ν-
3368 4565 3395 4575 -
3420 4565 3555 4576 ...ην
3587 4565 3813 4578 ,...,,.-...
3841 4565 3973 4577 .-η

2330 4621 2399 4660 .as
2429 4609 2720 4674 caveatur,
2737 4605 3158 4678 cogitationum
3177 4565 3568 4665 incogstantia
3581 4609 3840 4666 minime
3860 4609 4003 4666 vin-

621 4683 960 4755 (Admonitio
983 4684 1093 4754 19.)
1115 4683 1296 4739 Aliter
1309 4681 1658 4739 admonendi
1679 4685 1819 4736 sunt
1844 4679 2187 4750 pertinaces,

2305 4695 2482 4751 citur.
2511 4697 2545 4750 Δ
2578 4695 2794 4768 quibus
2817 4712 2878 4751 se
2898 4694 3152 4752 alienum
3182 4695 3395 4752 Paulus
3426 4697 3605 4754 fuisse
3637 4698 4000 4770 perhibuit,

550 4779 724 4848 atque
748 4774 916 4831 aliter
945 4773 1366 4831 inconstantes.
1399 4771 1519 4827 lllis
1565 4770 1881 4828 dicendum
1921 4775 2008 4826 est
2036 4771 2191 4843 quod

2330 4799 2436 4839 um
2468 4783 2604 4840 dicit
2639 4801 2659 4839 :
2693 4783 2971 4858 Numquid
3000 4785 3228 4842 leuitate
3255 4803 3383 4842 usus
3412 4802 3535 4843 sum
3561 4790 3859 4862 iautqua:
3891 4804 4002 4843 co-

550 4863 683 4937 plus
738 4863 809 4921 de
854 4879 916 4920 se
969 4880 1142 4937 quam
1174 4869 1311 4920 sunt
1341 4861 1623 4929 sentiunt,
1653 4865 1713 4916 et
1746 4859 1958 4916 idcirco
1986 4858 2192 4916 alienis
2299 4873 2434 4943 σειο,
2475 4873 2774 4930 secundum
2802 4890 3028 4931 carnem
3065 4876 3258 4948 cogito,
3293 4885 3353 4933 ut
3380 4881 3457 4933 sit
3493 4877 3644 4948 apud
3665 4858 3784 4946 me,
3820 4885 3914 4934 est
3947 4880 4012 4934 et

552 4952 812 5012 consiliis
831 4967 948 5009 non
970 4949 1522 5025 acquiescantﬁslis
1545 4948 2086 5007 verointimandum
2107 4955 2195 5006 est
2300 4978 2408 5020 ηοη
2439 4963 2486 5036 (ι
2517 4963 2637 5022 σον,
2670 4981 2710 5033 ι,
2739 4964 2868 5035 17)?
2904 4966 2982 5023 Αο
3013 4965 3060 5021 εί
3091 4971 3292 5038 aperte
3323 4966 3484 5024 dicat
3510 4984 3523 5022 ε
3561 4968 3795 5026 idcirco
3846 4983 4009 5024 ωυ-

621 5118 698 5185 (α)
719 5115 896 5172 Laud.
929 5120 991 5185 _et
1035 5115 1330 5170 secundus
1362 5113 1609 5180 Gemet.,
1655 5112 1852 5168 humor
1903 5113 2183 5181 mortifer.

542 5183 637 5244 Sic
667 5183 898 5260 quoque
928 5183 1138 5257 legitur
1165 5185 1224 5241 in
1244 5189 1464 5242 Gemet.
1500 5185 1707 5257 primo,
1741 5185 1839 5240 sed
1871 5200 1904 5239 a
1934 5185 2190 5241 secunda

551 5276 924 5400 ml‘lgullaud"
960 5327 1139 5399 Longi
1151 5344 1229 5399 p.,
1253 5327 1379 5384 Val.
1402 5328 1510 5397 οι,
1543 5302 1657 5385 duo
1684 5328 1902 5399 priores
1933 5327 2179 5392 Gemet.,

543 5407 602 5459 et
630 5401 839 5458 tertius
869 5403 1122 5467 Carnot.,
1147 5401 1604 5457 moderationem.

615 5472 691 5546 (e)
717 5472 830 5538 AL,
873 5473 1038 5530 Jelro.
1069 5469 1203 5528 Cod.
1238 5472 1404 5529 Corb.
1437 5472 1611 5528 habet
1642 5474 1941 5540 utramque
1994 5469 2188 5526 lectio-

550 5577 700 5704 “6(2).
726 5632 934 5706 Laud.,
969 5630 1265 5706 Bothum,
1296 5633 1451 5706 Lyr.,
1472 5631 1542 5687 ad
1571 5627 1868 5703 prophetae.
1904 5629 1967 5706 tn
1991 5628 2183 5699 Trec.,

544 5701 712 5763 Corb.
745 5709 802 5762 et
842 5703 1096 5775 plerique
1140 5701 1368 5776 legitur,
1411 5701 1594 5775 quam,
1629 5701 1706 5757 se.
1759 5704 2034 5764 mentem,
2079 5717 2181 5772 pro

2293 5633 2561 5702 are/Eunt.

2299 5149 2480 5204 quem.

2371 5204 2438 5274 (e)
2471 5203 2622 5261 Erlit.
2642 5202 3708 5277 pleraeque,varietatistittora.quibus
3733 5207 4015 5267 ests.

2300 5273 2666 5350 ignoramus}
2690 5273 2862 5332 Paulo
2888 5283 3016 5348 post
3035 5273 3864 5350 babent,fruetusoinezsuz
3886 5296 4016 5350 pro

2297 5349 2424 5403 vix.
2462 5347 2629 5420 llebr.
2663 5352 2876 5416 textus,
2909 5351 3156 5420 ejusque
3175 5347 3492 5416 versionea.
3520 5366 3628 5410 nec
3655 5367 3792 5409 non
3836 5347 4017 5410 Mss.

2297 5419 2483 5496 sancti
2518 5416 2783 5496 Gregorii
2816 5416 3036 5496 cogunt
3061 5416 3277 5496 legere,
3309 5425 3418 5482 vite
3446 5439 3578 5480 suae.

2367 5491 2428 5558 (1)
2459 5491 2655 5557 δειλαί..
2693 5494 3028 5551 constantia.

2364 5559 2670 5654 (ﬁliani,
2702 5568 2759 5619 et
2779 5564 2988 5622 tertius
3007 5564 3258 5636 Gemet.,
3287 5570 3565 5654 arescunt.
3589 5565 3704 5624 Alii
3730 5565 4031 5632 Nor-rm.

3779 5745 3786 5752 .
3839 5715 3862 5758 )
