4136 6178
524 375 604 470 ss
1726 409 2004 473 SANCTI
2051 391 2420 474 cannon"
2467 412 2714 474 MAGNI
3837 407 3904 466 34

529 541 717 599 mihi?
745 545 811 600 Et
838 559 964 600 cum
991 544 1065 616 (a)
1102 543 1411 601 comedistis
1439 547 1488 601 et
1517 520 1751 616 bibistis,
1779 546 2028 619 nunquid
2063 529 2171 604 non
2203 555 2253 619 Α
2280 548 2634 604 subsistunt.
2659 541 3623 617 Admouendisuntigiturquijam
3647 557 3766 614 quae
3787 558 3907 614 pos-

530 632 929 705 vobismetipsis
986 633 1321 702 comedistis,
1383 642 1435 690 et
1491 635 1887 707 vobismetipsis
1915 693 1922 698 ,
1954 637 2168 693 bibistis

531 719 717 792 (Zacli.
749 739 844 790 vu,
875 723 912 777 5
938 724 1076 792 seq.)
1101 723 1130 779 ?
1165 727 1290 778 Non
1331 724 1486 780 enim
1528 724 1666 793 Deo,
1707 725 1810 781 sed
1850 725 1962 781 sibi
2003 727 2167 798 quis-

529 826 644 882 que
667 810 919 882 jejunat,
945 812 995 867 si
1027 827 1096 866 ea
1124 828 1252 883 quae
1284 811 1467 868 ventri
1488 812 1562 868 ad
1593 819 1826 886 tempus
1856 814 2167 882 subtrahit,

528 914 646 956 non
703 899 902 972 egenis
954 899 1180 968 tribuit,
1230 901 1330 959 sed
1382 901 1566 958 ventri
1614 903 2170 974 postmodumoti‘e-

528 989 712 1047 renda
737 989 1015 1047 custodit.
1177 1048 1180 1051 λ

599 1078 799 1150 Itaque
825 1095 897 1137 ne
915 1083 1017 1136 aut
1047 1077 1180 1136 illos
1209 1081 1502 1152 appetitus
1532 1080 1682 1155 gula:
1711 1099 1743 1138 a
1770 1081 1984 1138 mentis
2012 1086 2170 1139 statu

529 1166 783 1238 dejiciat,
815 1172 918 1225 aut
946 1167 1093 1225 istos
1123 1167 1340 1225 afﬂicta
1363 1185 1497 1226 caro
1519 1186 1588 1226 ex
1616 1170 1865 1227 elatione
1887 1169 2170 1242 supplan-

526 1260 631 1325 tet,
657 1256 898 1313 audiant
926 1255 1008 1312 illi
1030 1272 1100 1312 ex
1125 1272 1221 1313 ore
1241 1256 1546 1314 Veritatis:
1580 1259 1850 1315 Attendite
1871 1265 2056 1316 autem
2079 1274 2171 1316 vo-

530 1346 874 1416 bis,neforte
894 1351 1193 1418 graventur
1205 1347 1368 1403 corda
1390 1352 1571 1405 vestra
1589 1351 1647 1404 in
1669 1350 1903 1418 crapula
1923 1355 1979 1405 et
1999 1350 2173 1405 ebrie-

527 1441 662 1505 tate,
701 1441 751 1492 et
778 1435 936 1494 curis
967 1437 1131 1509 hujus
1158 1439 1356 1494 mundi
1385 1440 1534 1510 (Luc.
1571 1456 1684 1506 xxi,
1713 1441 1824 1512 34).
1867 1439 1975 1496 Ubi
2011 1440 2172 1496 utilis

529 1541 762 1597 quoque
793 1542 971 1597 pavor
995 1527 1342 1599 adjungitur
1366 1545 1378 1583 :
1413 1530 1479 1584 Et
1508 1529 1861 1600 superveniat
1883 1531 1939 1584 in
1965 1545 2053 1585 vos
2083 1546 2172 1585 re-

522 1616 754 1686 pentina
782 1614 895 1671 dies
925 1615 1052 1672 illa.
1081 1617 1364 1689 Tanquam
1390 1617 1621 1689 laqueus
1647 1621 1798 1675 enim
1827 1619 2175 1687 superveniet

527 1705 587 1758 in
599 1705 914 1776 omnes,qui
926 1704 1114 1760 sedent
1131 1721 1297 1777 super
1315 1706 1520 1778 faciem
1541 1711 1717 1764 omnis
1740 1717 1908 1766 terrae
1925 1708 2172 1781 (Ibidem,

525 1792 636 1862 35).
671 1793 932 1849 Audiant
964 1793 1098 1850 isti:
1134 1795 1252 1851 Non
1283 1796 1422 1868 quod
1454 1799 1626 1864 intrat
1655 1799 1714 1854 in
1744 1813 1822 1864 os,
1855 1797 2177 1870 coinquinat

2278 638 2472 693 sident
2495 635 2950 693 misericorditer
2983 635 3274 702 tribuunt,
3300 642 3416 688 uta
3445 630 3664 688 cmlcsti
3692 631 3907 688 Domino

2279 726 2716 797 dispensatores
2740 741 2802 780 se
2833 722 3054 794 positos
3085 719 3486 777 subsidiorum
3517 717 3906 791 temporalium

2278 821 2630 886 agnoscant:
2664 821 2717 869 et
2755 816 2912 868 tanto
2941 810 3241 868 humiliter
3262 809 3575 882 praebeant,
3610 815 3819 881 quanto
3859 816 3908 865 et

2281 902 2472 961 aliena
2503 919 2633 960 esse
2661 901 3001 974 intelligunt
3029 917 3155 972 quin
3186 900 3552 972 dispensant.
3577 898 3825 970 Cumque
3852 897 3905 954 in

2281 991 2511 1049 illorum
2543 991 2874 1048 ministerio
2915 990 3131 1063 quibus
3171 993 3408 1062 accepta
3451 987 3780 1060 largiuntur
3813 987 3904 1043 ΒΔ

2279 1081 2630 1139 constitutos
2660 1096 2722 1138 se
2744 1095 2872 1138 esse
2901 1079 3297 1146 considerant,
3322 1093 3691 1151 nequaquam
3721 1092 3903 1134 eorum

2280 1177 2504 1226 mentes
2531 1174 2724 1227 tumor
2753 1169 3036 1240 sublevet,
3059 1168 3160 1225 sed
3196 1168 3375 1225 timor
3404 1171 3649 1240 premat.
3685 1164 3834 1224 Unde
3852 1169 3905 1223 et

2281 1275 2518 1318 necesse
2548 1265 2638 1317 est
2667 1265 2731 1316 ut
2760 1260 3003 1316 sollicite
3034 1259 3397 1332 perpendnnt
3418 1255 3499 1330 (ά)
3528 1273 3600 1314 ne
3616 1256 3907 1314 commissa

2281 1348 2520 1422 indigne
2550 1347 2945 1417 distribuant;
2981 1365 3051 1404 ne
3081 1348 3346 1420 quaedam
3389 1346 3603 1419 quibus
3641 1345 3814 1417 nulla,
3844 1361 3909 1403 ne

2279 1438 2444 1494 nulla
2483 1439 2700 1512 quibus
2728 1438 2992 1510 quaedam
3022 1455 3036 1505 ;
3072 1454 3142 1493 ne
3175 1437 3360 1492 multa
3391 1435 3607 1508 quibus
3631 1452 3823 1506 pauca,
3843 1451 3908 1492 ne

2282 1544 2469 1600 pauca
2483 1529 2781 1600 praebeant
2794 1531 3006 1599 quibus
3021 1527 3358 1597 impendere
3371 1524 3557 1582 multa
3570 1524 3912 1596 debuerunt;

2284 1634 2356 1674 ne
2379 1617 2836 1690 praecipitatione
2860 1617 2968 1672 hoc
2991 1617 3142 1688 quod
3172 1616 3436 1671 tribuunt
3459 1614 3739 1685 inutiliter
3761 1632 3915 1687 spar-

2283 1711 2428 1779 gant
2453 1725 2466 1776 ;
2504 1723 2575 1763 ne
2608 1707 2882 1763 tarditate
2904 1711 3164 1778 petentes
3188 1707 3356 1761 noxia
3377 1703 3667 1773 cruciant;
3699 1721 3768 1760 ne
3791 1705 3918 1761 reci-

2290 1796 2510 1868 piendae
2554 1795 2649 1852 hic
2687 1799 2885 1866 gratiae
2926 1795 3166 1852 intentio
3219 1793 3536 1866 subrepat;
3577 1809 3650 1849 ne
3679 1791 3917 1849 dationis

527 1879 835 1948 hominem,
857 1882 950 1939 sed
972 1883 1116 1956 quod
1136 1885 1384 1956 procedit
1408 1901 1478 1942 ea:
1506 1903 1624 1955 ore,
1648 1889 1970 1960 coinquinat
1992 1887 2172 1942 homi-
2214 1903 2258 1960 ί,
2286 1886 2480 1942 lumen
2529 1884 2724 1942 laudis
2763 1884 3106 1941 transitoria:
3139 1883 3414 1956 appetitio
3446 1881 3810 1954 exstinguat;
3853 1897 3919 1938 ne

532 1986 661 2027 nem
688 1971 908 2041 (Nattli.
931 1989 1028 2041 xv,
1047 1974 1154 2045 11).
1181 1975 1431 2031 Audiant
1451 1975 1534 2031 illi
1562 1993 1575 2032 :
1599 1978 1736 2032 Esca
1757 1978 1955 2047 ventri,
1986 1985 2036 2032 et
2059 1993 2184 2033 ven-

541 2065 628 2118 ter
654 2061 826 2124 escis;
858 2062 994 2120 Deus
1017 2066 1202 2120 autem
1221 2074 1272 2121 et
1296 2065 1442 2121 hunc
1457 2065 1535 2138 (b)
1562 2075 1614 2123 et
1634 2067 1735 2122 has
1753 2066 1992 2122 destruet
2005 2066 2050 2139 (Ι
2063 2069 2188 2122 Cor.

534 2167 611 2219 v1,
631 2150 740 2223 13).
769 2151 836 2207 Et
857 2168 1094 2209 rursum
1111 2171 1126 2210 :
1143 2154 1260 2210 Non
1282 2153 1346 2210 in
1374 2155 1920 2212 commessationibus
1943 2159 1993 2220 et
2018 2155 2191 2213 ebrie-

534 2239 743 2296 tatibus
773 2241 950 2312 (Rom.
993 2257 1120 2310 xm,
1164 2243 1270 2315 13).
1315 2243 1382 2300 Et
1426 2245 1723 2302 Rursum:
1771 2245 1907 2301 Esca
1949 2260 2045 2300 nos
2081 2260 2192 2301 non

534 2329 879 2387 commendat
900 2331 1007 2388 Deo
1033 2333 1076 2399 (I
1096 2331 1222 2390 Cor.
1251 2349 1376 2403 νιιι,
1406 2335 1482 2406 8).
1506 2333 1761 2391 Audiant
1782 2334 1904 2402 isti,
1926 2333 2057 2406 quia
2077 2349 2192 2390 om-

535 2419 639 2474 nia
667 2419 872 2475 munda
902 2421 1167 2486 mundis:
1196 2422 1566 2494 coinquinatis
1593 2432 1777 2480 autem
1797 2427 1845 2480 el
1873 2423 2197 2494 infidelibus

545 2507 700 2564 nihil
727 2513 806 2565 est
833 2511 1102 2566 mundum
1133 2513 1268 2581 (Tit.
1301 2528 1341 2580 ι,
1379 2513 1484 2583 15).
1520 2513 1770 2569 Audiant
1793 2513 1915 2569 illi:
1951 2514 2194 2582 Quorum

537 2596 672 2654 deus
702 2606 891 2655 venter
918 2605 1022 2665 est,
1048 2606 1102 2656 et
1131 2600 1311 2671 gloria
1335 2603 1393 2657 in
1421 2602 1745 2673 confusione
1771 2604 2013 2675 ipsorum
2040 2603 2194 2677 (Phi-

538 2687 758 2759 lip..tu,
817 2688 922 2759 19).
967 2688 1222 2744 Audiant
1251 2689 1388 2747 isti:
1428 2692 1716 2748 Discedent
1763 2691 1994 2763 quidam
2029 2710 2063 2748 a
2093 2691 2199 2762 ﬁde

543 2776 588 2846 (ι
630 2775 764 2831 Tim.
811 2791 889 2844 IV,
935 2777 988 2843 1,
1031 2777 1103 2847 3).
1151 2778 1217 2832 Et
1261 2778 1436 2850 paulo
1481 2788 1605 2837 est:
1644 2782 2061 2838 Prohibentium
2090 2797 2198 2836 nu-

550 2866 693 2932 bere,
717 2865 997 2923 abstinere
1015 2885 1048 2922 a
1068 2869 1226 2934 cibis,
1250 2885 1381 2940 quos
1409 2875 1553 2927 Deus
1579 2877 1782 2928 creavit
1803 2870 1873 2926 ad
1888 2873 2201 2943 percipien-

548 2955 680 3010 dum
709 2971 837 3012 cum
853 2958 1160 3026 gratiarum
1180 2960 1391 3015 actione
1413 2959 1669 3031 ﬁdelibus
1693 2971 1746 3017 et
1777 2961 1863 3016 his
1881 2963 1979 3032 qui
2004 2976 2200 3030 coquo-

549 3048 747 3101 verunt
779 3044 1092 3102 veritatem.
1125 3047 1380 3104 Audiant
1412 3049 1492 3104 illi
1521 3067 1535 3106 :
1565 3051 1774 3106 Bonum
1801 3061 1878 3106 est
1903 3067 2012 3106 non
2042 3067 2199 3106 man-

550 3135 761 3191 ducare
805 3149 1052 3202 carnem,
1082 3151 1257 3209 neque
1298 3137 1479 3194 bibere
1517 3139 1708 3195 vinum
1734 3157 1754 3195 :
1786 3156 1958 3211 neque
1996 3141 2056 3195 in
2097 3155 2198 3212 quo

2214 1931 2261 1997 B

2295 1975 2554 2032 oblatum
2587 1989 2803 2030 munus
2834 1973 3147 2044 conjuncta
3176 1971 3414 2027 tristitia
3441 1970 3742 2038 obsideat;
3773 1986 3840 2026 ne
3862 1969 3918 2026 in

2295 2064 2443 2120 bene
2471 2062 2663 2119 oblato
2698 2079 2938 2118 munere
2967 2061 3200 2117 animus
3229 2059 3364 2132 plus
3393 2076 3566 2130 quam
3599 2059 3760 2115 decet
3787 2058 3920 2115 biia-

2296 2156 2503 2221 rescnt,
2527 2169 2599 2208 ne
2619 2151 2728 2209 sibi
2751 2151 3247 2224 quidquam,cum
3267 2154 3455 2206 totum
3478 2152 3630 2206 recte
3649 2147 3917 2222 impleve-

2298 2242 2438 2310 rint,
2461 2240 2742 2309 tribuant,
2773 2247 2826 2296 et
2856 2238 3034 2296 simul
3057 2239 3256 2296 omnia
3274 2243 3584 2310 postquam
3619 2239 3926 2309 percgerint

2300 2330 2565 2404 perdant.
2588 2329 2672 2386 Ne
2692 2329 2848 2386 enim
2879 2329 2990 2385 sibi
3012 2330 3287 2384 virtutem
3316 2345 3436 2385 sua:
3460 2325 3820 2384 liberalitatis
3840 2330 3931 2384 de-

2301 2426 2534 2494 putent,
2557 2419 2799 2476 audiant
2821 2419 2977 2491 quod
3001 2419 3287 2491 scriptum
3319 2422 3443 2474 est:
3477 2416 3535 2472 Si
3559 2418 3684 2490 quis
3700 2416 3933 2473 admini-

2301 2514 2813 2582 strat,tanquamex
2827 2507 3576 2582 virtutequamadministrat
3590 2508 3728 2563 Deus
3742 2509 3941 2579 (IPetr.

2302 2614 2380 2666 ιν,
2424 2599 2530 2670 11).
2565 2598 2646 2655 Ne
2679 2599 2739 2655 in
2786 2597 3111 2655 benefactis
3149 2597 3594 2654 immoderatius
3633 2597 3936 2669 gaudeant,

2305 2688 2550 2744 audiant
2572 2690 2724 2760 quod
2747 2688 3030 2760 scriptum
3049 2692 3139 2744 est
3163 2705 3177 2745 :
3204 2687 3341 2744 Cum
3357 2688 3606 2758 feceritis
3622 2689 3805 2742 omnia
3823 2702 3941 2760 qua

2302 2780 2578 2849 praecepta
2623 2784 2753 2833 sunt
2803 2777 2970 2843 vobis,
3013 2775 3214 2833 dicite:
3252 2778 3414 2832 Servi
3461 2765 3688 2832 inutiles
3731 2792 3939 2844 sumus,

2303 2865 2446 2940 quod
2474 2866 2765 2922 debuimus
2789 2868 2990 2938 facere,
3024 2865 3093 2938 (e)
3123 2869 3353 2937 fecimus
3378 2866 3530 2937 (Luc.
3563 2881 3700 2934 xvn,
3735 2866 3835 2938 10).
3864 2865 3947 2922 Ne

2303 2955 2623 3028 largitatem
2637 2955 3242 3026 tristitiacorrumpat,
3257 2954 3662 3028 audiantquod
3677 2956 3950 3027 scriptum

2305 3050 2431 3102 est:
2465 3045 2705 3101 (litarem
2742 3046 2891 3102 enim
2929 3045 3174 3101 datorem
3201 3044 3400 3118 diligit
3437 3046 3575 3101 Deus
3603 3045 3675 3116 (Il
3706 3046 3824 3101 Cor.
3865 3061 3949 3111 ut,

2303 3135 2380 3206 7).
2401 3135 2482 3191 Ne
2503 3151 2572 3192 ex
2593 3135 2857 3208 impenso
2872 3151 3112 3192 munere
3127 3134 3521 3192 transitoriam
3537 3135 3767 3192 laudem
3787 3152 3952 3207 quie-

547 3224 729 3295 frater
775 3230 906 3281 tuus
951 3225 1373 3282 scandalizatur
1414 3228 1589 3298 (Rom.
1635 3246 1752 3298 xiv,
1785 3229 1899 3298 2t).
1939 3229 2196 3286 Audiant
2235 3292 2266 3298 _
2307 3225 2884 3298 rant,audiantquod
2910 3225 3196 3297 scriptum
3219 3229 3338 3282 est:
3363 3225 3575 3281 Nesciat
3592 3227 3825 3282 sinistra
3847 3233 3953 3283 tua

542 3292 682 3370 isti:
732 3313 934 3371 Modico
982 3318 1108 3372 vino
1154 3325 1305 3374 utere
1349 3292 1575 3388 propter
1611 3292 1951 3375 stomachum
1988 3327 2038 3375 et
2074 3322 2191 3389 fre-
2225 3292 2268 3360 θ
2293 3314 2444 3388 ,ᾳαίά
2459 3292 2874 3386 [adﬂictem-tera
2906 3319 3001 3370 tua
3029 3292 3237 3386 (Matth.
3263 3329 3346 3384 vs,
3373 3314 3430 3386 3)
3458 3331 3472 3383 ;
3507 3315 3566 3370 Id
3591 3319 3700 3384 est,
3733 3316 3838 3387 pits
3861 3314 3953 3372 di-

541 3411 762 3474 quentes
791 3411 916 3460 tuas
944 3404 1300 3474 inﬁrmitates
1329 3409 1378 3474 (ι
1416 3407 1550 3463 Tim.
1583 3423 1640 3476 κ,
1659 3409 1773 3481 23).
1807 3408 2101 3473 Quatenus
2131 3411 2190 3465 et

541 3489 629 3547 illi
657 3491 888 3548 discant
914 3492 1079 3550 cibos
1097 3495 1290 3550 carnis
1312 3495 1380 3566 (ο)
1404 3495 1733 3552 inordinate
1751 3513 1868 3554 non
1892 3501 2188 3569 appetere,

541 3586 600 3637 et
629 3582 727 3638 isti
758 3588 1086 3640 creaturam
1118 3586 1219 3642 Dei
1244 3602 1422 3656 quam
1456 3603 1569 3644 non
1601 3591 1909 3659 appetunt,
1943 3604 2060 3643 non
2091 3604 2191 3644 au-

545 3666 722 3723 deant
750 3670 1158 3728 condemnare.

1008 3780 1238 3839 CAPUT
1274 3783 1376 3840 xx
1417 3785 1506 3856 [At
1535 3784 1726 3858 XLIV].

549 3866 820 3939 Quomodo
875 3869 1207 3928 admonendi
1251 3873 1361 3948 qui
1415 3889 1516 3948 sua
1571 3873 1939 3943 distribuunt,
1986 3883 2040 3932 et
2095 3875 2192 3948 qui

1133 3945 1362 4014 rapiunt
1392 3945 1604 4002 aliena.

615 4031 948 4103 (Admonitio
993 4033 1107 4103 2t.)
1137 4032 1317 4089 Aliter
1355 4033 1709 4092 admonendi
1748 4045 1885 4093 sunt
1925 4036 2026 4109 qui
2064 4037 2188 4108 jam

544 4136 648 4176 sua
663 4119 1118 4177 misericorditer
1134 4120 1601 4195 tribuunt,taque
1615 4125 1784 4181 aliter
1803 4127 1902 4196 qui
1923 4128 1991 4189 ad
2002 4127 2116 4182 huc
2135 4133 2192 4182 et

542 4208 734 4266 aliena
760 4223 965 4280 rapere
987 4211 1372 4268 contendunt.
1395 4214 1474 4268 Ad
1487 4214 1760 4270 monendi
1786 4231 2038 4286 namque
2057 4222 2192 4271 sunt

545 4299 643 4370 qui
658 4298 785 4369 jam
817 4314 926 4354 sua
947 4299 1404 4358 misericorditer
1431 4301 1719 4373 tribuunt,
1740 4320 1812 4360 ne
1841 4303 2192 4376 cogitatione

543 4388 770 4444 tumida
799 4404 980 4461 super
1009 4405 1109 4446 eos
1134 4406 1197 4448 se
1223 4391 1439 4463 quibus
1469 4397 1700 4450 terrena
1722 4392 2073 4464 largiuntur,
2103 4411 2193 4451 ex-

546 4473 790 4546 tollant;
815 4495 886 4536 ne
908 4479 1122 4537 idcirco
1144 4496 1207 4538 se
1225 4480 1497 4539 meliores
1520 4482 1982 4554 mstiment,quia
2005 4484 2191 4540 conti-

545 4564 670 4621 neri
685 4582 787 4640 per
801 4571 1112 4626 seceteros
1123 4570 1337 4627 vident.
1351 4570 1497 4627 Nam
1514 4579 1750 4628 terrenas
1769 4572 1980 4628 domus
2000 4571 2192 4628 domi-

2302 3409 2664 3481 spensationi
2696 3424 3062 3480 nequaquam
3084 3424 3145 3465 se
3168 3409 3354 3480 gloria
3366 3409 3492 3464 vitae
3519 3409 3827 3480 praesentis
3852 3408 3957 3464 ad-

2303 3497 2568 3565 misceat,
2601 3499 2700 3554 sed
2731 3514 2881 3569 opus
2911 3496 3283 3554 rectitudinis
3314 3497 3382 3570 (/)
3421 3498 3702 3569 appetitio
3729 3496 3962 3569 ignoret

2299 3587 2532 3643 favoris.
2552 3586 2632 3643 Ne
2651 3587 2726 3644 im
2735 3603 2930 3660 pensa:
2941 3587 3145 3659 gratia:
3156 3587 3461 3644 vicissitud
3473 3587 3618 3644 inem
3631 3588 3961 3659 requirant,

2299 3676 2541 3733 audiant
2566 3677 2722 3748 quod
2754 3677 3044 3750 scriptum
3063 3680 3154 3734 est
3173 3692 3187 3734 :
3221 3677 3354 3734 Cum
3373 3679 3514 3747 facis
3529 3675 3834 3750 prandium
3857 3681 3965 3732 aut

2297 3781 2528 3834 aenum,
2574 3766 2692 3822 noli
2721 3781 2912 3822 vocare
2949 3766 3155 3823 amicos
3193 3770 3335 3832 tuos,
3355 3781 3546 3840 neque
3573 3770 3782 3837 fratres
3811 3769 3960 3834 tuos,

2304 3870 2477 3927 neque
2503 3860 2781 3929 cognatos,
2814 3872 2988 3928 neque
3017 3857 3225 3914 vicinos
3253 3854 3472 3923 divites,
3503 3871 3576 3913 ne
3597 3858 3744 3926 forte
3769 3865 3822 3913 et
3847 3858 3966 3928 ipsi

2300 3952 2349 4000 te
2371 3945 2685 4015 reinvitent,
2707 3953 2761 4002 et
2785 3946 2881 4015 ﬁat
2903 3944 3010 4001 tibi
3033 3944 3326 4002 retributio
3348 3961 3367 3999 :
3386 3945 3478 4001 sed
3504 3962 3629 4002 cum
3647 3947 3798 4018 lacis
3819 3961 3956 4003 con-

2299 4035 2412 4090 vivi
2417 4052 2529 4104 um,
2547 4051 2680 4091 voca
2692 4033 3200 4107 pauperes,debiles,
3213 4034 3454 4104 claudos,
3473 4050 3672 4104 cacas;
3694 4040 3742 4091 et
3760 4037 3964 4092 beatus

2300 4125 2430 4192 eris,
2452 4126 2586 4194 quia
2615 4139 2720 4180 non
2745 4123 2942 4180 habent
2959 4125 3193 4196 (gpunde
3213 4124 3516 4181 retribuere
3537 4124 3640 4180 tibi
3662 4125 3817 4194 (Luc.
3833 4142 3960 4193 xxv,

2303 4214 2370 4268 12
2393 4229 2503 4285 seq.
2528 4213 2662 4285 etc.)
2687 4213 2768 4269 Ne
2788 4229 2916 4284 qua:
2939 4213 3245 4284 prmbenda
3273 4217 3406 4270 sunt
3431 4213 3624 4281 citius,
3652 4230 3783 4270 sero
3805 4230 3964 4285 prm-

2301 4304 2572 4370 beantur,
2595 4303 2838 4359 audiunt
2859 4304 3013 4375 quod
3033 4302 3315 4376 scriptum
3347 4311 3461 4361 est:
3492 4308 3568 4360 Ne
3594 4303 3747 4360 dicas
3777 4305 3966 4360 amico

2298 4397 2422 4450 tuo:
2445 4393 2582 4450 Vade
2594 4403 2649 4448 et
2663 4397 2947 4459 revertere,
2962 4403 3016 4449 et
3035 4409 3158 4450 cras
3173 4393 3318 4450 dabo
3338 4394 3459 4462 tibi,
3481 4409 3606 4449 cum
3626 4395 3818 4450 statim
3840 4410 3971 4464 pos-

2300 4484 2377 4538 sis
2397 4482 2531 4539 dare
2559 4483 2742 4554 (Prov.
2774 4499 2862 4548 tu,
2891 4483 3006 4554 28).
3044 4481 3126 4540 Ne
3156 4484 3266 4538 sub
3297 4482 3536 4539 obtentu
3557 4483 3638 4554 (li)
3661 4481 3971 4553 largitatis

2300 4588 2369 4629 ea
2390 4590 2516 4646 quae
2541 4573 2842 4642 possident
2876 4571 3162 4630 inutiliter
3195 4577 3500 4645 spargant,
3523 4572 3774 4628 audiant
3794 4573 3970 4644 quod

545 4671 658 4712 nus
690 4656 1040 4714 famulorum
1073 4659 1310 4717 ordines
1355 4660 1795 4733 ministeriaque
1825 4661 2194 4734 dispertiens,
2227 4668 2273 4734 1)
2305 4661 2583 4734 scriptum
2607 4663 3285 4733 est:Sudeteleemosyna
3309 4663 3365 4718 in
3389 4665 3695 4718 manutua.
3716 4660 3804 4717 Ne
3826 4677 3971 4718 cum

545 4745 654 4803 hos
681 4752 747 4804 ut
768 4752 988 4819 regant,
1011 4747 1142 4805 illos
1168 4766 1300 4806 vero
1326 4749 1532 4806 statuit
1554 4757 1614 4806 ut
1637 4753 1708 4806 ab
1736 4750 1870 4807 aliis
1893 4757 2191 4823 regantur.

543 4835 695 4892 Istos
709 4837 876 4907 jubet
890 4841 954 4893 ut
975 4839 1303 4896 necessaria
1328 4839 1550 4896 caeteris
1567 4839 1844 4912 prabant,
1862 4840 1997 4896 illos
2015 4849 2075 4896 ut
2097 4859 2194 4898 ac-

546 4927 712 4994 cepta
727 4926 799 4980 ab
810 4925 938 4982 aliis
952 4932 1210 4985 sumant.
1227 4927 1299 4983 Et
1318 4932 1515 4984 tamen
1537 4927 1876 5000 plerumque
1891 4929 2079 4986 oti‘end
2091 4936 2197 4987 unt

548 5011 646 5082 qui
670 5020 900 5086 regunt,
915 5020 971 5070 et
986 5016 1042 5071 in
1058 5016 1506 5087 patrisfamilias
1523 5017 1711 5090 gratia
1732 5023 2074 5090 permanent
2091 5019 2193 5091 qui

549 5107 851 5173 reguntur.
899 5104 1049 5160 lram
1092 5112 1386 5164 merentur
1418 5108 1518 5179 qui
1561 5107 1994 5178 dispensatores
2032 5113 2192 5178 sunt,

551 5190 680 5248 sine
699 5192 1020 5250 otTensione
1033 5197 1460 5269 perdurantqui
1479 5213 1544 5255 ex
1560 5197 1743 5254 aliena
1757 5198 2194 5272 dispensatione

632 5335 707 5408 (a)
738 5337 937 5406 Laud.,
958 5336 1086 5394 Val.
1108 5338 1188 5395 Cl.
1222 5341 1412 5406 Corb.,
1447 5340 1690 5404 (iamet...
1724 5341 2008 5399 comeditis
2037 5346 2090 5400 et
2113 5343 2194 5400 bi-

564 5408 710 5464 bitis.
744 5409 932 5477 Trec.,
962 5426 1087 5467 cum
1113 5413 1398 5468 comeditis
1426 5418 1475 5469 et
1505 5431 1628 5470 cum
1658 5415 1860 5470 bibitis.

631 5480 705 5556 (b)
738 5480 922 5556 Laud.
957 5483 1120 5556 Trec.
1148 5490 1206 5539 et
1235 5487 1350 5556 duo
1375 5485 1594 5556 priores
1625 5487 1876 5554 Gemet.,
1907 5490 1959 5542 et
1989 5486 2121 5542 haec.

630 5553 702 5624 (c)
729 5551 951 5609 Gemet.
984 5560 1041 5608 et
1071 5551 1277 5621 Laud.,
1311 5551 1690 5615 immoderate.

555 5623 902 5772 prgdLeCorb.
937 5623 1030 5681 hic
1060 5634 1117 5683 et
1156 5628 1429 5702 deinceps
1467 5629 1640 5703 longa
1679 5632 1823 5690 serie
1861 5629 2039 5688 habet
2073 5645 2191 5702 nec,

630 5767 701 5851 (e)
729 5767 881 5829 And.
908 5767 1160 5852 primus,
1190 5786 1298 5830 non
1323 5771 1577 5849 fecimus.

2305 4752 2491 4808 multa
2511 4767 2747 4808 necesse
2776 4753 2913 4819 sint,
2947 4767 3132 4822 pauca
3161 4750 3502 4820 largiantur,
3535 4751 3784 4808 audiant
3802 4752 3973 4820 quod

2303 4840 2588 4912 scriptum
2620 4845 2740 4897 est:
2776 4840 2879 4909 Qui
2902 4855 3068 4912 parce
3095 4838 3358 4904 seminat,
3389 4856 3558 4910 parce
3585 4845 3636 4896 et
3664 4845 3846 4897 metet
3891 4841 3977 4912 (ll

2304 4929 2426 4986 Cor.
2450 4946 2529 4998 ιι,
2549 4930 2628 5002 6).
2651 4929 2735 4986 Ne
2753 4946 2884 4986 cum
2901 4945 3086 5002 pauca
3107 4933 3354 5001 oportet,
3372 4929 3625 5002 plurima
3646 4930 3973 5002 praebeant

2303 5026 2357 5075 et
2371 5018 2480 5091 ipsi
2496 5019 2866 5091 postmodum
2885 5017 3394 5090 minimeinOpiam
3413 5019 3731 5076 tolerantes
3755 5021 3834 5074 ad
3853 5019 3983 5076 im-

2303 5107 2644 5179 patientiam
2675 5111 3005 5177 erumpant,
3033 5107 3276 5164 andiant
3304 5107 3460 5180 quod
3484 5109 3776 5180 scriptum
3823 5113 3931 5165 est
3958 5123 3974 5164 :

2301 5198 2417 5254 Non
2435 5207 2494 5255 ut
2515 5198 2648 5255 aliis
2665 5198 2737 5254 sit
2759 5199 3028 5269 remissio,
3052 5197 3200 5254 vobis
3219 5206 3402 5255 autem
3417 5197 3742 5266 tribulatio,
3766 5197 3871 5255 sed
3903 5214 3987 5255 ex

2377 5344 2440 5416 (Ι)
2466 5341 2524 5399 ῐιι
2548 5341 2722 5416 Edit.,
2743 5341 3150 5413 appetitionem.
3171 5341 3446 5410 Cogimur
3467 5341 3634 5414 sequi
3660 5342 3810 5400 Mss.
3839 5346 3993 5398 tur-

2305 5414 2461 5479 bam,
2479 5414 2786 5486 etquidem
2812 5420 3312 5485 nptimorum,sc.,
3329 5416 3739 5486 Treo.,Laud.,
3763 5416 3998 5486 Corb.,

2304 5487 2552 5559 duorum
2588 5487 2858 5559 priorum,
2882 5487 3113 5545 Carnot.

2374 5558 2449 5630 (g)
2479 5560 2564 5614 Ita
2590 5557 2787 5629 Corb.,
2819 5558 3005 5628 Trec.,
3034 5560 3235 5630 Laud.,
3261 5557 3480 5616 Gemet.
3505 5559 3832 5619 Consentit
3855 5562 3992 5617 vet.

2303 5630 2450 5686 Edit.
2490 5631 2647 5686 1518.
2674 5631 2810 5686 Alias
2842 5631 3082 5700 habent,
3116 5633 3263 5687 unde
3291 5631 3622 5691 retribuant.

2370 5702 2453 5778 (h)
2487 5701 2665 5762 Laud.
2697 5707 2755 5764 et
2785 5702 3078 5774 nonnulli,
3103 5704 3349 5780 pietatis.
