4136 6178
268 308 342 367 85
1030 307 1184 368 REG
1198 308 1243 370 υ
1252 309 1370 368 [ΑΕ
1413 309 1771 371 PASTORA
1785 310 1898 370 LIS

2010 308 2211 370 [BER.
2262 339 2337 354 -—
2378 306 2580 368 PARS
2625 307 2931 368 TERTIA.
3610 301 3689 362 86

262 437 620 509 zqualitatc,
651 447 835 495 vestra
877 440 1226 499 abundantia
1246 443 1486 499 illorum
1510 444 1763 516 inopiam
1792 463 1918 517 sup-
1952 445 2006 512 Α
2037 461 2151 516 quo
2174 459 2272 499 eos
2305 442 2525 515 obliget
2545 444 2706 498 reatu
2728 455 2815 497 res
2845 444 3032 512 rapta,
3053 440 3102 495 si
3122 439 3222 494 tali
3244 436 3483 509 subiicit
3506 453 3686 508 pmnas

263 528 447 600 ptent,
459 536 512 584 et
528 538 583 583 ut
594 530 820 585 illorum
838 530 1191 587 abundantia
1206 542 1400 589 vestrae
1413 537 1613 605 inopiae
1626 538 1697 591 sit
1713 537 1929 607 supple-

2040 551 2154 589 nou
2196 534 2422 589 tradita.
2458 533 2825 603 Perpendant
2864 530 3004 601 quid
3058 533 3351 586 mereatur
3397 526 3689 598 injustitia

265 618 1931 691 mentum(lbid.vm,13,14).Cumenimdantismensl‘erre
2037 625 2216 691 illata,
2250 625 2300 680 si
2348 628 2512 679 tanta
2555 620 2934 692 percussione
2975 622 3153 691 digna
3204 624 3292 675 est
3341 617 3523 691 pietas
3569 633 3687 673 non

269 708 527 776 inepiam
574 708 781 776 nescit,
802 710 852 765 si
878 712 1058 765 multa
1079 711 1189 766 sibi
1213 713 1529 783 subtrahit,
1561 716 1927 770 occasionem

263 807 468 856 contra
490 817 555 857 se
585 802 963 872 impatientia:
1002 805 1274 875 exquirit.
1313 806 1472 861 Prius
1513 822 1760 879 namque
1784 824 1926 879 prae-

265 891 558 962 parandus
592 897 684 946 est
717 892 1012 963 patientia;
1046 894 1304 961 animus,
1338 900 1394 950 et
1426 900 1565 951 tunc
1598 903 1699 950 aut
1742 896 1927 952 multa

261 986 395 1034 sunt
417 987 525 1035 aut
557 985 777 1036 cuncta
805 980 1130 1053 largienda,
1164 999 1235 1038 ne
1266 984 1406 1039 dum
1444 986 1637 1040 minus
1668 988 1925 1057 aequaui-

262 1070 434 1125 miter
463 1070 671 1141 iunpia
704 1071 937 1126 irruens
970 1070 1169 1138 fertur,
1203 1077 1261 1128 et
1292 1074 1604 1144 praemissae
1638 1075 1927 1147 largitatis

258 1172 478 1213 merces
504 1162 732 1229 pereat,
756 1164 815 1214 et
833 1158 1023 1214 adhuc
1042 1165 1295 1215 mentem
1319 1161 1576 1217 deterius
1602 1179 1928 1219 murmura-

256 1246 331 1302 tio
346 1248 734 1318 subsequens
754 1248 974 1319 perdat.
996 1248 1075 1305 Ne
1089 1250 1328 1305 omnino
1345 1250 1587 1306 nibileis
1610 1250 1919 1320 praebeant,

255 1337 475 1408 quibus
492 1336 994 1408 conferresliquid
1014 1354 1256 1407 parvum
1271 1339 1919 1411 debent,audiantquod

255 1425 547 1495 scriptum
588 1432 715 1481 est:
748 1426 913 1482 Omni
940 1425 1143 1497 petenti
1187 1431 1238 1482 te
1278 1428 1467 1483 tribue
1508 1430 1661 1498 (Luc.
1696 1446 1772 1497 v1,
1808 1431 1920 1502 30).

251 1513 331 1571 Ne
361 1514 578 1572 saltem
615 1514 838 1587 aliquid
863 1516 1142 1587 praebent,
1164 1518 1382 1589 quibus
1406 1519 1643 1574 omnino
1662 1521 1925 1576 conferre

255 1606 591 1676 uildebent,
624 1606 868 1661 audiant
900 1608 1052 1679 quod
1077 1608 1359 1678 scriptum
1389 1617 1474 1664 est
1510 1624 1524 1663 :
1560 1611 1637 1665 Da
1670 1610 1827 1678 bona,
1867 1616 1925 1666 et

252 1713 357 1752 non
380 1698 663 1767 receperis
694 1702 1029 1764 peccatorem
1048 1714 1071 1759 ;
1102 1697 1325 1762 benefuc
1352 1697 1577 1761 humili,
1609 1704 1660 1755 et
1689 1716 1795 1755 non
1827 1701 1923 1756 de-

2038 731 2117 770 tm
2130 730 2324 784 pensa.

2107 806 2251 860 Cum
2286 802 2477 859 aliena
2507 816 2707 873 rapere
2745 800 3078 870 intendunt,
3114 798 3522 871 audiantquod
3544 795 3693 854 scri-

2036 899 2202 966 pturn
2238 898 2326 949 est
2358 910 2372 948 :
2410 893 2498 949 Vae
2528 891 2581 947 ei
2600 894 2694 963 qui
2725 892 3061 963 multiplicat
3085 907 3197 945 non
3228 906 3368 958 sua;
3403 903 3688 961 usquequo

2033 990 2298 1055 aggravet
2344 990 2540 1039 contra
2594 998 2653 1036 se
2686 980 2918 1037 densum
2966 982 3146 1036 lutum
3185 979 3410 1051 (Habac.
3460 995 3527 1043 II,
3569 977 3627 1049 6)
3660 977 3689 1032 ‘t

2033 1078 2218 1128 Avaro
2250 1072 2464 1143 quippe
2493 1080 2694 1127 contra
2740 1087 2801 1127 se
2832 1071 3081 1126 densum
3124 1067 3312 1124 lutum
3355 1082 3693 1139 aggravare,

2032 1168 2122 1218 est
2166 1168 2396 1216 terrena
2440 1160 2603 1216 lucra
2634 1176 2769 1215 cum
2804 1158 3057 1230 pondere
3108 1156 3329 1230 peccati
3365 1154 3685 1212 cumulare.

2033 1254 2176 1310 Cum
2203 1253 2597 1323 multiplicare
2618 1250 2779 1322 large
2801 1247 3181 1305 habitationis
3211 1244 3397 1319 spatia
3416 1245 3686 1316 cupiunt,

2032 1344 2275 1399 audiant
2305 1344 2459 1415 quod
2492 1341 2776 1412 scriptum
2809 1344 2899 1396 est
2932 1355 2946 1394 :
2992 1339 3090 1396 Vae
3116 1337 3213 1409 qui
3230 1337 3570 1406 caniungitis
3588 1333 3691 1391 do-

2030 1452 2178 1490 mum
2200 1434 2270 1489 ad
2299 1434 2543 1501 domum,
2572 1436 2625 1487 et
2651 1448 2861 1500 agrum
2891 1445 3024 1499 agro
3052 1426 3345 1499 cepulatis,
3386 1441 3561 1497 usque
3608 1424 3687 1481 ad

2031 1523 2328 1580 terminum
2369 1523 2492 1579 loci.
2527 1520 2786 1593 Nunquid
2815 1519 3145 1574 habitabilis
3185 1517 3288 1574 soli
3309 1531 3398 1572 vos
3426 1517 3487 1570 in
3508 1513 3685 1572 medio

2028 1617 2195 1670 terrm
2215 1614 2366 1683 (lsai.
2389 1629 2440 1680 ν,
2460 1613 2514 1679 8)
2537 1612 2564 1667 ‘t
2584 1616 2662 1668 Ac
2680 1612 2730 1667 si
2752 1615 2950 1683 aperte
2971 1610 3217 1665 diceret:
3248 1608 3565 1677 Quousque
3583 1620 3685 1661 vos

2028 1705 2359 1769 extenditis,
2381 1704 2459 1774 (b)
2494 1703 2592 1773 qui
2623 1703 2837 1758 habere
2862 1701 2919 1756 in
2953 1700 3253 1757 communi
3289 1697 3509 1754 mundo
3542 1712 3686 1753 con-

252 1786 400 1841 deris
432 1788 604 1857 impio
634 1786 864 1857 (Ecccti.
885 1803 985 1850 xu,
1021 1787 1093 1854 4).
1119 1787 1185 1841 Et
1217 1804 1448 1843 rursum
1483 1804 1497 1843 :
1535 1794 1739 1843 Panem
1763 1794 1918 1846 tuum
1950 1812 1996 1878 Β
2026 1799 2210 1851 sortes
2227 1795 2467 1849 minime
2488 1785 3682 1878 potestis?Conjuuctosquidempremitis,

257 1887 307 1932 et
338 1880 525 1931 sinum
538 1892 706 1947 super
725 1877 1081 1946 sepulturam
1090 1876 1233 1947 justi
1251 1879 1538 1941 constitue,
1562 1887 1613 1934 et
1635 1879 1750 1934 noli
1770 1896 1839 1934 ex
1856 1897 1916 1937 eo
1951 1874 1987 1878 ”
2027 1885 2126 1939 sed
2163 1889 2365 1939 contra
2396 1900 2543 1954 quos
2573 1881 2810 1937 valeatis
2843 1898 2941 1937 vos
2963 1879 3295 1945 extendere,
3322 1890 3555 1948 semper
3585 1874 3681 1930 in-

255 1968 589 2021 manducare
609 1972 667 2021 et
699 1966 889 2021 bibere
914 1982 1041 2021 cum
1080 1968 1457 2035 peccatoribus
1489 1969 1631 2035 (Tob.
1676 1986 1751 2037 ιν,
1804 1970 1909 2040 17).

323 2056 418 2112 σε
447 2055 668 2110 Panem
688 2055 845 2110 enim
863 2072 1037 2110 suum
1060 2056 1326 2111 etvinum
1351 2058 1752 2128 peccatoribus
1777 2075 1914 2130 pra:-

244 2146 361 2209 het,
393 2146 494 2217 qui
519 2144 749 2217 iniquis
770 2144 1033 2201 subsidia
1053 2161 1154 2216 pro
1168 2161 1234 2202 eo
1253 2149 1401 2217 quod
1420 2148 1605 2219 iniqui
1631 2153 1768 2203 sunt
1798 2149 1911 2203 im-

236 2235 457 2307 pendit.
494 2233 667 2290 Unde
697 2240 755 2289 et
784 2234 1051 2290 nonnulli
1076 2234 1251 2305 hujus
1284 2238 1489 2292 mundi
1514 2238 1742 2306 divites,
1769 2255 1904 2295 cum

233 2324 378 2379 tame
394 2322 741 2378 crucientur
761 2322 971 2378 Christi
993 2340 1301 2395 pauperes,
1320 2324 1905 2397 eﬂusislargitatibus

227 2413 503 2469 nutriunt
526 2412 874 2469 histriones.
894 2411 1003 2476 Qui
1021 2428 1153 2469 vero
1188 2413 1475 2486 indigenti
1498 2415 1672 2470 etiam
1702 2432 1899 2485 pecca-

231 2502 336 2558 turi
357 2518 581 2574 panem
617 2518 819 2572 suum,
844 2518 961 2558 non
982 2505 1117 2574 quia
1139 2509 1424 2574 peccator,
1442 2504 1538 2560 sed
1562 2504 1703 2577 quia
1725 2505 1898 2561 homo

226 2599 329 2659 est,
364 2592 626 2658 tribuit;
664 2592 945 2648 nimirum
980 2609 1094 2677 non
1128 2598 1517 2666 peecatorem,
1549 2594 1895 2665 sedjustum

226 2696 551 2754 pauperem
587 2681 798 2748 nutrit,
830 2681 966 2754 quia
1000 2682 1059 2738 in
1090 2682 1190 2739 illo
1219 2698 1333 2739 non
1366 2682 1619 2755 culpam,
1656 2686 1757 2740 sed
1794 2700 1894 2740 na-

224 2776 406 2826 turam
444 2770 679 2842 diligit.

284 2861 665 2917 Admonendi
696 2868 834 2917 sunt
865 2862 1034 2919 etiam
1052 2863 1284 2934 quijam
1309 2880 1414 2920 sua
1438 2863 1890 2921 misericorditer

222 2948 584 3021 largiuntur,
622 2956 687 3005 ut
714 2950 964 3007 sollicite
995 2952 1287 3007 custodire
1316 2954 1614 3023 studeant,
1649 2970 1720 3009 ne
1751 2970 1884 3011 cum

219 3040 548 3096 commissa
574 3045 817 3111 peccata
836 3040 1219 3113 eleemosyuis
1236 3041 1553 3108 redimunt,
1582 3042 1773 3098 adhuc
1795 3061 1886 3102 re-

219 3129 898 3185 dimendacommittant
912 3146 928 3198 ;
944 3146 1015 3185 ne
1031 3132 1291 3186 venalem
1307 3132 1405 3187 Dei
1422 3131 1709 3201 justitiam
1733 3133 1883 3189 aesti-

216 3228 401 3279 ment.
422 3220 473 3274 si
512 3234 653 3274 cum
678 3224 886 3274 curant
905 3236 1007 3291 pro
1038 3221 1294 3290 peccatis
1312 3236 1587 3275 nummos
1609 3223 1879 3295 tribuere,
1913 3184 1955 3252 α

213 3310 586 3364 arbitrentur
605 3326 668 3365 se
682 3325 853 3382 posse
882 3308 1067 3365 inulte
1100 3325 1358 3382 peccare.
1383 3311 1511 3365 Plus
1526 3315 1609 3366 est
1632 3328 1884 3384 namque

214 3398 405 3454 anima
436 3415 617 3471 quam
643 3415 791 3463 esca,
808 3403 857 3455 et
874 3416 1243 3471 corpusquum
1266 3400 1646 3456 vestimentum
1664 3403 1881 3471 (Matth.

214 3488 421 3555 “,25;
457 3489 594 3543 Luc.
632 3506 729 3557 xu,
760 3489 872 3559 23).
904 3489 1007 3554 Qui
1040 3505 1175 3561 ergo
1206 3505 1398 3545 escam
1433 3496 1534 3545 aut
1572 3493 1883 3547 vestimen-

217 3583 338 3633 tum
374 3578 751 3649 pauperibus
780 3577 1046 3650 largitur,
1081 3579 1180 3634 sed
1213 3585 1411 3635 tamen
1430 3579 1637 3634 animos
1663 3581 1747 3636 vel
1767 3598 1887 3637 cor-

212 3667 368 3737 poris
392 3667 723 3738 iniquitate
756 3667 1059 3739 polluitur,
1093 3669 1247 3741 quod
1284 3668 1478 3724 minus
1520 3677 1609 3725 est
1638 3670 1884 3741 justitiaa

211 3758 451 3825 obtulit,
487 3762 546 3812 et
587 3758 743 3829 quod
794 3758 983 3829 majus
1024 3767 1131 3827 est,
1173 3758 1391 3831 culpae;
1424 3775 1551 3831 sua.
1579 3760 1735 3816 enim
1769 3759 1885 3817 Deo

216 3847 397 3912 dedit,
428 3854 488 3901 et
512 3861 579 3901 se
610 3846 861 3902 diabolo.

281 3938 361 3990 At
395 3940 615 3991 contra
642 3935 994 3993 admonendi
1018 3941 1160 3994 sunt
1180 3937 1276 4010 qui
1296 3938 1485 3995 adhuc
1508 3944 1564 3996 et
1594 3939 1780 3996 aliena
1804 3956 1886 3996 ra-

217 4042 347 4096 pere
382 4027 780 4093 contendunt,
809 4026 1128 4084 utsollicite
1147 4029 1384 4085 audiant
1411 4030 1547 4101 quid
1581 4030 1888 4086 veniensin

211 4116 511 4185 judicium
551 4116 831 4173 Dominus
890 4117 1062 4173 dicat.
1094 4118 1187 4173 Ait
1233 4135 1485 4191 namque
1518 4137 1531 4174 :
1569 4122 1805 4186 Esurivi,
1838 4125 1891 4176 et

213 4221 317 4260 non
356 4206 601 4261 dedistis
648 4205 796 4262 mihi
843 4207 1214 4276 manducare;
1245 4208 1421 4277 sitivi,
1444 4213 1493 4266 et
1525 4227 1631 4266 non
1661 4209 1889 4266 dedistis

213 4296 351 4350 mihi
382 4297 613 4363 bibere;
655 4295 848 4367 hospes
877 4313 1051 4368 eram,
1084 4302 1269 4354 etnon
1300 4300 1607 4371 collegistis
1636 4316 1752 4368 me;
1785 4318 1888 4356 nu-

214 4383 335 4451 dus,
369 4388 421 4441 et
455 4401 572 4441 non
602 4385 903 4457 ομιτ-αἰειιέ
930 4403 1047 4449 me;
1080 4388 1336 4458 inﬁrmus
1368 4396 1420 4444 et
1459 4392 1521 4445 in
1560 4406 1797 4458 carcere,
1838 4396 1890 4447 et

217 4493 324 4532 non
352 4476 641 4532 visitastis
672 4494 756 4533 me
784 4477 995 4547 (Matth.
1030 4495 1161 4549 xxv,
1193 4480 1284 4549 35,
1313 4480 1425 4551 36).
1460 4480 1685 4547 Quibus
1715 4480 1890 4536 etiam

2022 1973 2253 2028 venitis.
2277 1976 2415 2026 Cum
2430 1970 2711 2043 augendis
2724 1970 2990 2041 pecuniis
3005 1970 3251 2039 inhiant,
3266 1968 3504 2024 audiant
3522 1964 3677 2036 quod

2022 2063 2304 2132 scriptum
2337 2066 2426 2117 est
2465 2077 2479 2115 :
2532 2062 2744 2116 Avarus
2774 2077 2883 2116 non
2914 2061 3178 2131 impletur
3204 2057 3470 2130 pecunia;
3498 2059 3549 2111 et
3579 2055 3677 2125 qui

2019 2158 2169 2207 amat
2197 2152 2445 2219 divitias,
2480 2166 2586 2207 non
2617 2153 2795 2221 capiet
2821 2154 3033 2221 fructus
3082 2166 3153 2206 ea:
3180 2149 3264 2203 eis
3294 2148 3487 2220 (Eccle.
3518 2161 3571 2212 ν,
3594 2146 3673 2216 9).

2016 2245 2262 2297 Fructus
2287 2242 2505 2313 quippe
2521 2258 2590 2297 ex
2620 2240 2736 2295 illis
2755 2244 3004 2311 caperet,
3038 2240 3084 2294 si
3117 2255 3211 2295 eas
3234 2238 3381 2292 bene
3404 2250 3673 2307 spargere

2016 2348 2130 2387 non
2164 2334 2411 2387 amando
2442 2330 2742 2387 voluisset.
2770 2328 2878 2393 Qui
2909 2344 3040 2385 vero
3074 2344 3172 2383 eas
3213 2324 3503 2397 diligendo
3537 2323 3669 2379 reti-

2012 2420 2248 2490 uet,hic
2278 2420 2480 2492 utique
2507 2419 2633 2475 sine
2656 2419 2845 2475 fructu
2879 2418 3263 2488 derelinquet.
3294 2419 3429 2469 Cum
3457 2411 3668 2485 repleri

2011 2510 2241 2566 cunctis
2274 2508 2451 2565 simul
2484 2510 2555 2581 (e)
2587 2507 3215 2580 opibusinurdescuut,
3240 2504 3484 2559 audiant
3513 2502 3666 2573 quod

2009 2599 2293 2670 scriptum
2336 2606 2425 2654 est
2456 2615 2469 2653 :
2508 2600 2614 2667 Qui
2641 2600 2871 2670 festinat
2910 2597 3106 2663 ditari,
3138 2611 3247 2651 non
3278 2595 3383 2649 erit
3400 2596 3662 2649 innocens

2004 2691 2187 2758 (Prov.
2204 2704 2400 2754 xxvm,
2421 2688 2513 2760 20)
2538 2704 2551 2755 ;
2579 2688 2833 2759 profecto
2854 2686 3007 2742 enim
3031 2685 3126 2757 qui
3150 2699 3356 2754 augere
3375 2697 3513 2753 opes
3527 2696 3659 2737 am-

2002 2778 2109 2841 bit,
2132 2779 2312 2834 vitare
2335 2784 2636 2850 peccatum
2658 2774 2903 2848 negligit
2922 2793 2935 2840 ;
2954 2782 3011 2831 et
3035 2790 3193 2830 more
3207 2772 3402 2829 avium
3426 2774 3648 2841 captus,

1998 2884 2130 2924 cum
2154 2883 2343 2923 escam
2375 2871 2732 2922 terrenarum
2753 2880 2947 2920 rerum
2974 2862 3179 2919 avidus
3207 2860 3510 2932 conspicit,
3536 2874 3651 2930 quo

1998 2958 2394 3029 stranguletur
2432 2955 2652 3029 peccati
2684 2954 2890 3027 laqueo
2914 2970 3030 3010 nou
3065 2952 3346 3023 agnoscit.
3378 2951 3479 3006 66
3497 2950 3641 3006 Cum

1996 3046 2266 3118 quaslibet
2299 3044 2603 3118 praesentis
2647 3044 2854 3100 mundi
2906 3043 3067 3099 lucra
3110 3042 3462 3109 desiderant,
3494 3047 3548 3095 et
3577 3054 3645 3094 ea

1995 3152 2117 3206 quae
2139 3136 2209 3190 de
2226 3134 2509 3205 futuro(d)
2534 3136 2750 3189 damna
2764 3132 3077 3205 patientur,
3093 3130 3385 3202 ignorant,
3402 3128 3649 3184 audiant

1994 3226 2149 3297 quod
2184 3224 2293 3279 seri
2304 3229 2463 3295 ptum
2488 3228 2577 3278 est
2603 3239 2616 3278 :
2644 3221 2951 3279 Haereditas
2971 3220 3040 3275 ad
3069 3236 3235 3291 quam
3253 3217 3553 3287 festinatur
3580 3219 3646 3273 in

1988 3312 2290 3387 principio,
2322 3314 2379 3367 in
2440 3309 2733 3367 novissimo
2781 3308 3157 3365 benedictione
3203 3306 3414 3363 carebit
3455 3306 3644 3378 (Prov.

1990 3421 2085 3473 xx,
2116 3403 2233 3474 2i).
2269 3406 2347 3456 Ex
2375 3401 2483 3457 hac
2514 3401 2731 3473 quippe
2768 3398 2888 3454 vita
2919 3399 3151 3453 initium
3184 3397 3479 3461 ducimus,
3499 3394 3649 3450 utad

1991 3488 2417 3547 benedictionis
2452 3495 2666 3544 sortem
2712 3487 2771 3543 in
2813 3485 3126 3542 novissimo
3172 3485 3516 3543 veniamus:
3550 3482 3650 3555 qui

1992 3581 2190 3651 itaque
2223 3580 2280 3635 in
2316 3579 2601 3650 principio
2625 3577 2950 3633 hasreditari
2983 3577 3279 3645 festinant,
3304 3580 3520 3631 sortem
3538 3573 3648 3631 sibi

1992 3668 2052 3725 lu
2084 3669 2403 3725 novissimo
2430 3668 2502 3741 (e)
2528 3667 2946 3724 benedictionis
2966 3672 3311 3739 amputant;
3345 3665 3483 3737 quia
3503 3665 3643 3721 dum

1994 3761 2361 3835 peravaritias
2383 3760 2701 3831 nequitiam
2725 3759 2815 3815 hic
2838 3757 3215 3830 multiplicari
3238 3759 3544 3830 appetunt,
3567 3755 3645 3810 il-

1991 3853 2067 3909 lic
2093 3853 2163 3907 ab
2193 3857 2408 3908 aeterno
2443 3851 2791 3924 patrimonio
2817 3849 3146 3906 exheredes
3176 3848 3345 3903 ﬁunt.
3370 3851 3514 3903 Cum
3553 3844 3644 3900 vel

1992 3941 2248 4014 plurima
2278 3942 2567 4008 ambiunt,
2600 3940 2687 3996 vel
2722 3940 2982 3995 obtinere
3011 3942 3221 3995 cuncta
3259 3954 3389 4009 quas
3420 3935 3647 3991 ambie-

1994 4033 2113 4088 rint
2134 4035 2393 4102 possunt,
2414 4032 2657 4085 audiant
2681 4029 2836 4100 quod
2859 4028 3139 4100 scripturn
3163 4031 3253 4083 est
3280 4042 3293 4082 :
3330 4025 3473 4095 Quid
3490 4022 3650 4097 prod-

1993 4125 2068 4179 est
2109 4120 2322 4177 homini
2350 4120 2402 4177 si
2450 4124 2625 4176 totum
2663 4120 2930 4175 mundum
2969 4120 3234 4187 lucretur,
3279 4120 3487 4173 animae
3523 4129 3649 4170 vero

1993 4226 2113 4268 suae
2140 4210 2529 4267 detrimentum
2549 4211 2724 4279 faciat
2749 4210 2961 4279 (Matth.
2981 4226 3096 4274 va,
3118 4207 3259 4280 26)?
3291 4210 3363 4262 Ac
3385 4205 3431 4261 si
3455 4213 3651 4277 aperte

1995 4300 2218 4357 Veritas
2257 4301 2412 4356 dicat
2443 4316 2457 4355 :
2494 4300 2641 4364 Quid
2678 4301 2911 4371 prodest
2943 4298 3164 4354 homini
3191 4298 3241 4354 si
3272 4301 3459 4353 totum
3491 4294 3646 4366 quod

1996 4396 2156 4447 extra
2179 4406 2241 4446 se
2272 4394 2361 4446 est
2384 4393 2717 4461 congregat.
2736 4388 2908 4444 sihoc
2930 4387 3123 4460 ipsum
3143 4387 3331 4443 solum
3354 4387 3503 4457 quod
3524 4385 3648 4456 ipse

1999 4489 2106 4547 est,
2125 4479 2413 4535 damnat?
2428 4478 2774 4550 Plerumque
2788 4483 2982 4534 autem
3008 4477 3182 4534 citius
3205 4481 3502 4549 raptorum
3518 4490 3647 4529 ava-

216 4568 552 4639 pramittit,
577 4568 776 4625 dicens
802 4568 1276 4640 :Diseediteame,
1297 4570 1598 4638 maledicti,
1622 4573 1679 4627 in
1702 4570 1885 4641 ignem
1916 4567 1967 4634 D
1997 4569 2128 4626 ritia
2158 4569 2484 4640 corrigitur,
2518 4569 2563 4625 si
2597 4569 2655 4624 in
2685 4567 2875 4625 verbis
2896 4568 3265 4624 admonentis
3288 4581 3461 4637 quam
3492 4562 3642 4635 fugi-

218 4662 522 4727 .‘cternum,
578 4660 674 4730 qui
717 4666 965 4731 paratus
1011 4664 1088 4717 est
1131 4659 1353 4717 diabolo
1415 4666 1465 4717 et
1511 4660 1723 4733 angelis
1769 4662 1887 4731 eius

216 4747 432 4819 (latin.
465 4762 599 4814 xxv,
628 4748 739 4819 41).
766 4748 907 4805 Ecce
938 4765 1306 4822 nequaquam
1346 4750 1613 4821 audiunt,
1650 4750 1731 4823 (a)
1753 4752 1888 4823 quia

221 4840 461 4909 rapinas
490 4836 585 4894 vel
616 4837 893 4909 quaelibet
923 4837 1037 4894 alia
1066 4837 1317 4896 violenta
1358 4843 1798 4905 commiserunt,
1830 4844 1884 4896 et

218 4933 411 4983 tamen
436 4927 673 4983 sternis
702 4930 983 4999 gehennae
1016 4928 1252 5001 ignibus
1277 4931 1715 5002 mancipantur.
1740 4930 1884 4985 Hinc

224 5034 363 5090 ergo
408 5016 807 5088 colligendum
841 5022 932 5073 est
963 5023 1185 5089 quanta
1206 5020 1579 5077 damnatione
1600 5018 1885 5090 plecteudi

218 5113 357 5163 sunt
376 5107 481 5178 qui
506 5106 740 5178 rapiunt
772 5107 984 5173 aliena,
1009 5108 1059 5164 si
1081 5112 1243 5164 tanta
1275 5109 1779 5166 animadversione
1803 5110 1881 5165 fe-

221 5198 461 5253 riuntur
512 5198 616 5269 qui
668 5214 775 5253 sua
807 5197 1121 5254 indiscrete
1147 5204 1481 5257 tenuerunt.
1519 5201 1884 5273 Perpendant

270 5324 371 5409 ⁸(ιι)
405 5322 602 5393 Corb.,
638 5322 810 5397 Belv.,
842 5328 901 5382 et
929 5324 1045 5381 duo
1088 5324 1310 5398 priores
1350 5331 1605 5395 Caruot.,
1648 5326 1747 5399 qui
1784 5343 1879 5383 ra-

228 5413 604 5542 Ρυῖῗῒττβα..
637 5472 755 5526 tres
797 5469 1037 5538 Gemet.,
1081 5469 1378 5537 Rothom.,
1407 5472 1691 5539 Audoeu.,
1724 5471 1876 5542 Lyr.,

226 5544 317 5613 qui
344 5558 463 5596 non
496 5540 700 5616 habere
735 5542 798 5597 in
826 5544 1107 5598 communi
1126 5544 1351 5616 mundo
1379 5546 1609 5601 minime
1636 5540 1879 5616 potestis.

225 5616 497 5690 Fortasse
523 5612 615 5669 hic
636 5616 884 5690 minime,
908 5630 1024 5672 non
1042 5614 1223 5690 habet
1241 5616 1366 5690 vim,
1383 5612 1658 5690 negandi,
1684 5615 1883 5690 sedsi-

222 5686 466 5759 gniﬁcut
489 5702 503 5741 :
527 5700 596 5742 ne
623 5688 914 5744 minimam
950 5688 1175 5763 quidem
1197 5688 1391 5745 mundi
1412 5686 1725 5764 portionem
1748 5686 1879 5746 aliis

1996 4660 2116 4717 tiva
2146 4661 2223 4715 sit
2253 4675 2506 4732 praesens
2540 4658 2675 4727 vita,
2708 4661 3101 4714 monstretur:
3137 4656 3186 4712 si
3208 4671 3407 4713 eorum
3433 4654 3502 4709 ad
3527 4665 3646 4708 me-

1996 4750 2157 4807 dium
2176 4748 2453 4806 memoria
2467 4749 2808 4814 deducatur,
2832 4747 2930 4820 qui
2947 4754 3003 4804 et
3024 4746 3194 4803 ditari
3210 4745 3266 4801 in
3290 4745 3399 4801 hoc
3420 4741 3643 4798 mundo

1996 4840 2095 4896 diu
2121 4839 2315 4896 conati
2336 4843 2498 4905 sunt,
2525 4842 2581 4894 et
2602 4845 2793 4894 tamen
2825 4838 2884 4893 in
2904 4836 3130 4909 adeptis
3161 4834 3380 4891 divitiis
3402 4833 3501 4889 diu
3526 4847 3641 4888 ma-

2003 4946 2138 4986 nere
2182 4930 2584 5001 nequiverunt,
2620 4928 2839 5000 quibus
2880 4927 3090 4983 festina
3122 4941 3280 4981 mors
3317 4929 3557 4996 repente
3586 4927 3645 4979 et

1995 5018 2171 5076 simul
2200 5018 2443 5074 abstulit
2472 5017 2762 5089 quidquid
2793 5033 2992 5073 eorum
3025 5014 3290 5088 nequitia
3320 5030 3425 5071 nec
3466 5012 3644 5069 simul

1994 5125 2101 5165 nec
2130 5113 2368 5178 repente
2401 5107 2805 5179 congregavit;
2853 5106 2949 5177 qui
2983 5121 3097 5162 non
3130 5106 3319 5161 solum
3354 5104 3447 5161 hic
3479 5108 3645 5174 rapta

1993 5198 2376 5270 reliquerunt,
2408 5198 2504 5254 sed
2530 5213 2729 5252 secum
2759 5197 2828 5251 ad
2862 5196 3145 5267 judicium
3176 5211 3381 5251 causas
3423 5194 3640 5265 rapinas

1991 5324 2346 5381 habitandam
2373 5323 2697 5395 conceditis.
2719 5322 2857 5377 Vide
2885 5339 3086 5395 supra,
3108 5337 3160 5379 c.
3198 5322 3289 5395 l3._
3325 5325 3463 5376 nota
3490 5336 3539 5377 e.

2062 5396 2132 5469 te)
2167 5399 2227 5451 In
2250 5404 2362 5453 vet.
2396 5396 2546 5452 Edit.
2574 5394 2711 5451 1518
2730 5401 2787 5450 et
2807 5393 3113 5465 Gussauv.,
3136 5393 3413 5467 operibus,
3444 5408 3639 5449 crasso

1990 5484 2391 5611 en(1(1))mititiose
2422 5540 2480 5597 iu
2509 5539 2768 5609 Excusis,
2787 5540 2858 5597 de
2884 5541 3078 5611 futuro
3106 5538 3326 5596 damno.

2081 5541 2117 5597 d
2174 5541 2391 5598 Vitiose
2422 5541 2480 5597 iu
2509 5541 2768 5609 Excusis,
2787 5541 2858 5597 de
2884 5541 3078 5611 futuro
3106 5541 3326 5596 damno.

2062 5541 2138 5686 is;
2167 5616 2481 5686 Gussanv.,
2511 5629 2627 5672 non
2660 5613 2875 5671 minori
2906 5628 3119 5683 errore,
3147 5608 3540 5672 benedictione.
