4136 6178
475 295 552 357 87

1675 296 1962 358 SANCTI
2009 296 2053 358 G
2067 291 2378 354 REGORII
2431 291 2694 352 MAGNI

3803 286 3881 348 88

475 428 832 487 detulcrnut.
856 431 1071 488 [lorum
1093 430 1285 503 itaque
1311 429 1862 503 exemplalaudiant,
1887 448 2036 504 quos
2059 430 2117 486 in
2147 431 2200 499 Α
2233 427 2328 494 sit,
2346 427 2446 483 sed
2463 425 3000 498 quiaimmoderato
3019 439 3129 480 usu
3154 426 3334 479 totum
3356 438 3418 478 se
3439 421 3881 478 licitistradidit.

476 519 669 576 verbis
689 519 812 577 suis
830 519 1218 592 proculdubio
1239 522 1296 575 ct
1323 518 1436 590 ipsi
1457 518 1880 590 condemnant;
1902 525 1968 576 ut
1986 536 2121 575 cum

481 615 612 678 post
666 611 844 666 verba
886 609 958 664 ad
1005 625 1103 664 cor
1143 609 1409 676 redeunt,
1451 606 1675 665 imitari
1721 607 1929 664 saltem
1980 623 2125 680 quos

475 696 766 770 iudicant,
797 699 1166 755 erubescant.

930 806 1164 864 CAPUT
1192 806 1330 864 xxx
1359 805 1466 881 [ιιι.
1497 807 1664 878 XLV].

482 897 763 963 Quomodo
791 896 1128 952 admonendi
1141 899 1239 968 qui
1259 897 1445 952 aliena
1461 913 1569 952 non
1590 904 1876 968 appetunt,
1897 896 1989 952 seri
2023 911 2130 950 sua

482 971 717 1026 retinent
741 993 754 1035 ;
777 973 832 1024 et
860 967 960 1040 qui
981 986 1080 1024 sua
1107 967 1635 1034 tribuentes,aliena
1659 979 1844 1024 tamen
1878 970 2125 1038 rapiunt.

551 1055 888 1125 (Admonitio
915 1057 1034 1128 2'2.)
1088 1057 1266 1114 Aliter
1308 1057 1658 1114 admonendi
1706 1062 1847 1113 sunt
1889 1058 1988 1128 qui
2025 1071 2129 1112 nec

481 1145 668 1202 aliena
682 1151 981 1219 appetunt,
1008 1163 1232 1202 necsua
1250 1145 1618 1219 largiuntur;
1651 1152 1826 1218 atque
1847 1145 2014 1202 aliter
2031 1144 2130 1217 qui

480 1239 538 1292 et
566 1250 632 1291 ea
665 1251 793 1307 quin
823 1235 1043 1292 habent
1073 1235 1366 1305 tribuunt,
1397 1243 1450 1292 et
1475 1241 1670 1292 tamen
1704 1236 1897 1292 aliena
1927 1249 2130 1307 rapere

479 1340 596 1380 non
617 1323 928 1381 desistunt.
951 1325 1315 1380 admonendi
1335 1333 1467 1380 sunt
1491 1327 1590 1396 qui
1625 1341 1729 1382 nec
1749 1325 1941 1380 aliena
1961 1339 2132 1395 appe-

481 1415 640 1480 tunt,
676 1429 780 1470 nec
811 1429 920 1469 sua
954 1413 1301 1486 largiuntur,
1325 1420 1389 1469 ut
1411 1415 1600 1469 sciant
1619 1413 1867 1470 sollicite
1888 1413 2044 1485 quod
2066 1429 2135 1468 ea

487 1502 558 1559 de
576 1519 688 1574 qua
706 1503 921 1575 sumpti
935 1507 1095 1567 sunt,
1111 1503 1340 1558 cunctis
1359 1502 1693 1558 hominibus
1707 1513 1858 1558 terra
1871 1519 2136 1558 commu-

489 1591 583 1646 nis
622 1596 733 1658 est,
765 1597 823 1647 et
853 1593 1067 1648 idcirco
1098 1590 1372 1647 alimenta
1403 1608 1636 1664 quoque
1673 1591 1947 1648 omnibus
1976 1608 2137 1648 com-

491 1679 750 1736 muniter
764 1680 998 1752 profert.
1017 1680 1316 1736 Incassum
1333 1697 1466 1752 ergo
1483 1697 1546 1738 se
1561 1683 1894 1737 innocentes
1913 1686 2137 1754 putant,

491 1768 596 1841 qui
626 1784 939 1826 commune
969 1768 1068 1826 Dei
1099 1784 1313 1826 munus
1344 1770 1456 1826 sibi
1492 1771 1775 1843 privatum
1807 1770 2139 1838 vindicant;

490 1857 594 1929 qui
625 1874 759 1914 cum
791 1864 1027 1931 accepta
1047 1876 1162 1915 non
1184 1860 1474 1924 tribuunt,
1501 1861 1558 1915 in
1585 1859 1980 1932 proximorum
2003 1875 2142 1916 nece

489 1955 856 2018 grassantur,
881 1949 1022 2020 quia
1051 1953 1136 2004 tot
1167 1965 1310 2020 pene
1343 1949 1608 2021 quotidie
1654 1948 1967 2016 perimunt,
2001 1952 2145 2019 quot

490 2035 864 2092 morientium
891 2053 1209 2108 pauperum
1228 2039 1380 2110 apud
1401 2054 1459 2094 se
1473 2036 1736 2093 subsidia
1757 2037 2144 2094 abscondunt.

489 2122 634 2180 Nam
654 2141 790 2181 cum
809 2123 1080 2196 quaelibet
1096 2127 1425 2183 necessaria
1445 2126 1844 2198 indigentibus
1860 2127 2148 2182 ministra-

494 2228 770 2280 mus,sua
797 2214 914 2271 illis
938 2215 1265 2282 reddimus,
1285 2233 1401 2274 non
1424 2225 1617 2274 nostra
1646 2215 2150 2287 largimur;justi-

495 2301 587 2358 tim
627 2303 895 2362 debitum
934 2306 1127 2377 potius
1177 2308 1484 2371 solvimus,
1517 2323 1692 2378 quam
1741 2307 2152 2363 misericordia

502 2407 679 2463 Opera
707 2393 1039 2465 implemus.
1065 2395 1228 2452 Unde
1258 2404 1314 2452 et
1339 2396 1466 2466 ipsa
1496 2395 1718 2451 Veritas
1740 2411 1873 2451 cum
1898 2400 1967 2452 de
1989 2398 2159 2453 mise-

507 2480 764 2538 ricordia
792 2487 961 2540 caute
989 2486 1314 2541 exhibenda
1337 2484 1692 2555 loqueretur,
1725 2485 1807 2540 ait
1838 2500 1851 2539 :
1885 2485 2159 2542 Atteadite

513 2585 584 2626 ne
613 2571 893 2641 justitiam
913 2577 1153 2629 vestrum
1169 2575 1391 2643 laeiatis
1411 2590 1596 2630 coram
1617 2574 1929 2630 hominibus
1946 2575 2156 2646 (Matth.

513 2675 593 2727 vr,
628 2660 700 2729 1).
733 2660 838 2718 Cui
861 2678 1092 2733 quoque
1122 2665 1424 2719 sententiae
1441 2663 1613 2719 etiam
1641 2662 1945 2719 Psalmista
1966 2663 2159 2719 conci-

521 2764 668 2805 nens
698 2748 843 2806 dicit
884 2767 897 2806 :
934 2751 1197 2822 Dispersit
1225 2752 1375 2808 dedit
1403 2753 1770 2824 pauperibus,
1793 2752 2016 2824 justitia
2046 2755 2163 2823 eius

518 2845 704 2894 manet
736 2837 795 2894 in
835 2847 1103 2896 aeternum
1133 2841 1306 2913 (Psal.
1339 2858 1414 2910 ει,
1436 2845 1508 2912 9).
1537 2848 1682 2900 Cum
1724 2844 1878 2898 enim
1925 2843 2160 2914 largita-

513 2931 632 2982 tem
664 2926 991 3000 impensam
1035 2931 1385 3004 pauperibus
1425 2931 1820 3002 praemisisset,
1854 2949 1968 2988 non
2012 2933 2164 2988 hanc

511 3031 720 3072 vocare
764 3017 1247 3086 misericordiam,
1280 3021 1380 3074 sed
1411 3019 1706 3090 justitiam
1749 3019 1984 3089 maluit;
2028 3021 2164 3093 quia

511 3105 664 3176 quod
688 3124 721 3161 a
742 3107 1038 3163 communi
1061 3107 1308 3164 Domino
1331 3109 1628 3175 tribuitur,
1657 3110 1881 3180 justum
1907 3113 2160 3182 profecto

2308 514 2665 571 Admonendi
2700 517 2839 570 sunt
2867 517 3123 578 tenaces,
3155 518 3222 568 ut
3253 511 3517 568 noverint
3553 510 3709 583 quod
3743 509 3886 567 hanc

2235 605 2485 678 primam
2511 604 2784 674 injuriam
2809 601 3331 673 faciuntDeo,quia
3353 601 3516 656 danti
3535 599 3884 667 sibiomnia,
3974 645 3983 654 .

2235 692 2458 749 nullam
2503 691 2914 748 misericordiae
2953 690 3202 746 hostiam
3237 691 3508 747 reddunt.
3558 688 3705 745 Hinc
3733 687 3884 744 enim

2237 782 2546 839 Psalmista
2576 788 2657 837 ait
2690 797 2703 837 :
2731 781 2846 836 Non
2885 781 3040 835 dabit
3081 779 3186 835 Deo
3213 780 3666 851 propitiationem
3701 793 3881 844 suam,

2235 887 2338 927 nec
2355 869 2599 942 pretium
2621 868 3016 940 redemptionis
3037 871 3246 926 anima
3265 883 3382 926 suae
3401 868 3572 936 (Psal.
3596 868 3878 937 xnvm,8).

2237 959 2490 1015 Pretium
2516 974 2766 1029 namque
2789 957 3202 1029 redemptionis
3223 959 3378 1023 dare,
3401 961 3488 1012 est
3503 971 3652 1028 opus
3675 955 3884 1010 bonum

2239 1046 2613 1121 praevenienti
2640 1063 2746 1102 nos
2766 1045 2964 1118 gratia:
2987 1047 3244 1101 reddere.
3262 1044 3673 1100 liincJoannes
3695 1042 3881 1100 excla-

2239 1142 2364 1193 mat
2391 1136 2591 1192 dicens
2627 1152 2641 1192 :
2672 1137 2804 1190 Iam
2851 1133 3058 1190 securis
3087 1134 3158 1190 ad
3185 1133 3426 1190 radicem
3464 1132 3681 1190 arboris
3707 1133 3884 1204 posita

2237 1230 2338 1282 est.
2373 1225 2562 1280 Omnis
2585 1225 2750 1281 arbor
2777 1240 2896 1295 quae
2925 1240 3035 1280 non
3064 1222 3197 1293 facit
3225 1225 3465 1294 fructum
3484 1221 3704 1292 bonum,
3737 1220 3888 1278 exei-

2239 1313 2426 1380 detur,
2457 1317 2507 1368 et
2542 1315 2599 1367 in
2627 1314 2811 1383 ignem
2834 1313 3084 1368 mittetur
3104 1312 3258 1383 (Luc.
3293 1327 3377 1379 ιιι,
3407 1309 3487 1382 9).
3518 1309 3628 1374 Qui
3666 1325 3799 1380 ergo
3830 1323 3890 1366 se

2241 1402 2530 1470 innoxios,
2564 1403 2704 1472 quia
2733 1401 2924 1457 aliena
2946 1417 3059 1457 non
3115 1399 3345 1472 rapiunt
3374 1400 3684 1466 aestimant,
3717 1400 3888 1455 ictum

2244 1491 2468 1548 securis
2498 1492 2704 1546 vicinae
2739 1490 3116 1562 praevideant,
3140 1495 3197 1545 et
3236 1497 3527 1561 torporem
3563 1488 3893 1561 improvide

2246 1581 2578 1637 securitatis
2597 1579 2886 1642 amittant.
2917 1595 2990 1635 ne
3011 1595 3142 1634 cum
3163 1578 3310 1634 ferre
3336 1577 3586 1633 fructum
3609 1578 3744 1634 boni
3765 1593 3898 1650 ope-

2249 1668 2329 1724 ris
2361 1668 2688 1740 negligunt,
2721 1687 2752 1723 a
2796 1667 3065 1739 praesenti
3095 1669 3212 1723 vita
3242 1667 3507 1723 funditus
3547 1667 3625 1738 (ὸ)
3672 1668 3835 1739 quasi
3868 1682 3900 1723 a

2250 1757 2542 1814 viriditate
2578 1757 2788 1813 radicis
2811 1761 3172 1812 exseccntur.

2322 1851 2395 1902 At
2423 1851 2623 1902 contra
2652 1846 3000 1902 admonendi
3025 1850 3183 1914 sunt,
3217 1845 3316 1918 qui
3338 1849 3395 1902 et
3423 1861 3491 1902 ea
3511 1862 3638 1917 que
3676 1845 3892 1901 habent

2253 1937 2543 2006 tribuunt,
2576 1942 2632 1992 et
2661 1936 2848 1992 aliena
2877 1952 3078 2008 rapere
3101 1951 3214 1991 non
3240 1936 3612 2007 desistunl(c)
3647 1952 3717 1991 ne
3737 1936 3898 1992 valde

2259 2026 2524 2082 munifici
2557 2025 2739 2080 videri
2769 2032 3060 2097 appetant,
3095 2030 3152 2080 et
3180 2026 3251 2080 de
3281 2025 3417 2080 boni
3443 2025 3636 2097 specie
3665 2025 3903 2081 deterio-

2260 2133 2351 2174 res
2384 2117 2546 2172 fiant.
2587 2115 2654 2170 Hi
2694 2116 2909 2171 etenim
2942 2115 3176 2188 propria
3223 2114 3531 2170 indiscrete
3561 2113 3903 2184 tribuentes,

2261 2223 2377 2262 non
2411 2205 2596 2262 solum
2640 2214 2700 2261 ut
2757 2222 2938 2277 supra
2959 2208 3083 2277 jam
3119 2203 3395 2273 diximus,
3425 2205 3496 2260 ad
3538 2203 3904 2276 impatientia:

2263 2295 2793 2352 murmurationem
2840 2303 3152 2365 proruunt;
3186 2296 3286 2352 sed
3313 2300 3557 2367 cogente
3597 2311 3660 2352 se
3689 2296 3902 2367 inopia,

2265 2403 2453 2457 usque
2483 2384 2557 2441 ad
2589 2385 2887 2440 avaritiam
2919 2383 3317 2441 devolvuntur.
3351 2384 3498 2450 Quid
3540 2400 3678 2456 ergo
3707 2400 3906 2440 eorum

2269 2481 2461 2531 mente
2487 2474 2796 2539 infelicius,
2820 2475 3036 2546 quibus
3063 2475 3132 2530 de
3154 2474 3420 2545 largitate
3446 2475 3710 2530 nascitur
3731 2475 3914 2530 avari-

2269 2565 2370 2629 tia,
2401 2569 2459 2620 et
2482 2571 2846 2634 peccatorum
2871 2579 3036 2635 seges
3065 2561 3228 2635 quasi
3247 2579 3315 2619 ex
3334 2563 3544 2618 virtute
3561 2561 3915 2619 seminatur?

2271 2654 2436 2710 Prius
2466 2655 2658 2725 itaque
2687 2653 3036 2709 admonendi
3070 2661 3202 2709 sunt
3225 2659 3290 2708 ut
3311 2658 3504 2708 tenere
3534 2669 3640 2708 sua
3667 2653 3914 2709 rationa-

2272 2743 2758 2809 bilitersciant,et
2774 2750 2915 2800 tunc
2935 2746 3170 2800 demum
3195 2749 3258 2798 ut
3279 2741 3470 2799 aliena
3491 2759 3604 2800 non
3633 2743 3914 2800 ambiant.

2273 2833 2330 2889 Si
2362 2834 2516 2889 enim
2546 2833 2707 2889 radix
2736 2833 2918 2904 culpae
2949 2833 3008 2888 in
3033 2833 3160 2904 ipsa
3185 2833 3467 2889 eﬂ‘usione
3489 2849 3598 2889 non
3631 2833 3916 2902 exuritur,

2273 2938 2572 2993 nunquam
2615 2938 2715 2994 per
2763 2939 2959 2978 ramos
2999 2923 3325 2978 exuberans
3373 2920 3622 2977 avaritiae
3653 2921 3920 2993 spina(d)

2273 3011 2800 3069 siccatur.0ccasio
2823 3028 2960 3084 ergo
2986 3011 3247 3083 rapiendi
3279 3010 3671 3076 subtrahitur,
3703 3012 3752 3067 si
3775 3012 3922 3068 bene

2274 3101 2436 3172 prius
2461 3101 2562 3172 jus
2594 3101 2932 3174 possidendi
2966 3102 3329 3173 disponatur.
3361 3101 3522 3158 Tunc
3551 3117 3684 3156 vero
3712 3101 3920 3156 admo-

513 3200 702 3262 est,ut
723 3196 1057 3270 quicunque
1073 3197 1468 3270 accipiunt,eo
1491 3177 2154 3256 communiterutantur.
2190 3177 2233 3244 (ἶ
2272 3191 2376 3245 niti
2411 3191 2677 3260 audiant,
2709 3192 2997 3262 quomodo
3026 3207 3154 3262 quis
3203 3189 3421 3246 habent
3469 3190 3922 3246 misericorditer

515 3281 663 3342 Hinc
690 3286 868 3341 etiam
899 3286 1171 3343 Salomon
1212 3288 1293 3342 ait
1327 3305 1340 3343 :
1384 3289 1492 3357 Qui
1516 3289 1704 3358 justus
1739 3299 1842 3356 est,
1877 3289 2078 3346 tribuet
2115 3298 2164 3346 et

515 3389 626 3429 non
657 3374 890 3431 cessabit
922 3376 1104 3445 (Prov.
1147 3393 1264 3444 xxi,
1291 3378 1403 3448 26).
1437 3376 1803 3434 Admoncndi
1845 3385 1981 3434 sunt
2019 3395 2162 3449 quo-

516 3478 630 3534 que
656 3473 716 3520 ut
737 3463 981 3521 sollicite
1001 3467 1303 3522 attendant
1323 3468 1476 3537 quod
1497 3465 1741 3522 ficulnea
1772 3483 1897 3538 qua:
1921 3466 2167 3524 fructum

518 3570 633 3611 non
661 3553 882 3617 habuit,
906 3559 1108 3610 contra
1122 3554 1272 3610 hanc
1285 3555 1594 3610 districtus
1607 3555 1865 3626 agricola
1877 3557 2162 3628 queritur,

519 3638 676 3710 quod
715 3641 895 3694 etiam
938 3645 1152 3695 terram
1193 3640 1512 3712 occupavit.
1547 3643 1640 3697 67
1679 3643 1914 3699 Terram
1949 3644 2166 3715 quippe

519 3727 768 3782 ficulnea
784 3727 911 3784 sine
930 3728 1114 3784 fructu
1135 3732 1644 3802 occupat,quando
1678 3748 1840 3788 mens
1871 3732 2163 3788 tenacium

521 3814 630 3872 hoc
657 3819 806 3888 quod
843 3821 1119 3888 prodesse
1151 3819 1352 3874 multis
1385 3826 1628 3891 poterat,
1651 3820 1932 3877 inutiliter
1953 3830 2162 3878 servat.

518 3904 753 3962 Terram
780 3905 1024 3962 ficulnea
1055 3907 1178 3962 sine
1212 3909 1400 3964 fructu
1429 3918 1688 3980 occupat,
1714 3912 1947 3981 quando
1972 3912 2163 3966 locum

518 4009 689 4065 quem
715 4010 979 4052 exercere
999 3996 1146 4052 alius
1167 3997 1241 4068 (a)
1277 4013 1376 4067 per
1402 3996 1580 4054 solem
1600 3999 1733 4054 boni
1759 4001 1948 4070 operis
1966 3999 2163 4067 valuit,

516 4081 729 4140 stultus
765 4101 865 4156 per
884 4085 1116 4140 desidias
1157 4087 1417 4141 umbram
1454 4088 1680 4156 premit.

586 4169 655 4224 Hi
687 4181 880 4226 autem
916 4187 1334 4241 nonnunquam
1380 4174 1569 4230 dicere
1590 4172 1780 4230 solent
1813 4190 1825 4227 :
1860 4175 2164 4230 Concessis

513 4259 758 4322 utimur,
780 4258 970 4314 aliena
988 4276 1101 4314 non
1127 4261 1466 4332 quaerimus,
1491 4267 1548 4316 et
1571 4260 1618 4316 si
1642 4262 1812 4331 digna
1836 4262 2166 4318 misericor-

513 4345 625 4404 diae
659 4349 1042 4405 retributione
1068 4366 1179 4404 non
1210 4351 1462 4421 agimus,
1489 4349 1648 4406 nulla
1681 4357 1868 4406 tamen
1895 4367 2166 4422 perversa

516 4445 944 4510 perpetramus.
977 4437 1139 4502 Quod
1173 4437 1386 4495 idcirco
1419 4440 1693 4508 sentiunt,
1725 4440 1865 4511 quia
1905 4439 2166 4496 videlicet

2268 3279 2797 3350 tribuant,quando
2813 3280 3088 3335 nimirum
3107 3279 3430 3335 didicerunt
3445 3287 3506 3334 ut
3526 3280 3677 3334 bona
3696 3277 3922 3334 miseri-

2269 3369 2476 3424 cordia:
2511 3383 2611 3439 per
2641 3367 3007 3438 interjectam
3040 3367 3252 3438 rapinae
3285 3367 3606 3439 nequitiam
3647 3383 3762 3422 non
3785 3383 3922 3423 con-

2268 3457 2538 3513 fundant.
2563 3455 2859 3512 Violenter
2883 3456 3038 3512 enim
3065 3457 3381 3528 exquirunt
3399 3472 3524 3529 qua:
3544 3455 3928 3512 misericordi-

2267 3550 2355 3610 ter
2386 3546 2735 3617 largiuntur.
2765 3546 2876 3602 Sed
2906 3544 3064 3602 aliud
3086 3552 3176 3602 est
3196 3562 3299 3618 pro
3320 3545 3574 3618 peccatis
3599 3545 3930 3602 misericor-

2267 3635 2425 3691 diam
2464 3635 2671 3701 facere,
2703 3633 2862 3690 aliud
2902 3650 3008 3706 pro
3051 3634 3453 3691 misericordia
3493 3634 3757 3690 facienda
3789 3649 3928 3706 pec-

2269 3739 2398 3780 care
2431 3740 2444 3779 :
2480 3725 2744 3795 quaajam
2769 3740 3142 3796 nequaquam
3177 3723 3924 3794 misericordianuncupari

2268 3817 2477 3886 potest,
2497 3813 2640 3884 quia
2666 3814 2734 3868 ad
2757 3813 2988 3869 dulcem
3016 3813 3267 3868 fructum
3293 3829 3406 3868 non
3435 3811 3664 3884 prolicit
3684 3829 3808 3884 quin
3824 3829 3926 3884 per

2267 3903 2424 3958 virus
2475 3903 2763 3974 pestifera:
2809 3903 3023 3959 radicis
3070 3903 3402 3959 amarescit.
3441 3903 3589 3958 Hinc
3639 3907 3726 3957 est
3760 3901 3919 3957 enim

2269 3994 2422 4064 quod
2452 3995 2578 4064 ipsa
2609 3994 2782 4048 etiam
2813 3993 3102 4049 sacrificia
3134 4009 3233 4063 per
3263 3992 3605 4064 prophetam
3638 3991 3922 4048 Dominus

2268 4083 2560 4154 reprobat,
2585 4083 2784 4139 dicens
2809 4098 2822 4138 :
2860 4082 2982 4154 Ego
3008 4082 3268 4138 Dominus
3295 4081 3531 4152 diligens
3551 4081 3846 4151 iudicium,
3869 4085 3927 4138 et

2265 4171 2392 4228 odio
2436 4171 2640 4227 habens
2689 4175 2947 4243 rapinam
2997 4174 3054 4226 in
3113 4173 3427 4228 holocausta
3488 4172 3643 4242 (Isai.
3687 4188 3798 4236 LXI,
3838 4170 3922 4243 8).

2270 4263 2413 4317 Hinc
2453 4261 2665 4317 iterum
2697 4264 2874 4318 dixit:
2917 4263 3124 4319 Hostiae
3155 4261 3462 4331 impiorum
3505 4262 3926 4328 abominabiles,

2270 4367 2395 4422 quae
2433 4352 2532 4407 68
2581 4352 2880 4424 afferentur
2922 4369 2994 4407 ex
3031 4351 3234 4408 scelere
3286 4351 3472 4423 (Prov.
3523 4367 3642 4417 xxx,
3666 4351 3781 4421 27).
3813 4349 3928 4415 Qui

2269 4456 2420 4512 saepe
2451 4457 2682 4512 quoque
2713 4446 2770 4496 et
2800 4440 3202 4513 indigentibus
3244 4440 3604 4496 subtrahunt
3651 4455 3775 4510 qum
3806 4439 3928 4494 Deo

515 4543 716 4584 aurem
749 4527 939 4619 cordis
971 4544 1006 4583 a
1034 4529 1224 4585 verbis
1257 4529 1593 4586 caelestibus
1624 4529 1925 4586 claudunt.
1967 4528 2163 4603 Neque
2195 4553 2240 4619 Ι)
2269 4529 2618 4602 largiuntur.
2653 4530 2763 4586 Sed
2796 4535 3013 4601 quanta
3041 4547 3139 4587 eos
3179 4529 3682 4586 animadversione
3717 4535 3932 4584 renuat

517 4616 674 4673 enim
705 4615 865 4673 dives
889 4616 948 4673 in
980 4617 1310 4690 Evangelia,
1334 4619 1432 4690 qui
1456 4618 1807 4676 induebatur
1838 4634 2088 4692 purpura
2109 4624 2167 4676 et

517 4705 713 4775 bysso,
746 4707 845 4778 qui
878 4706 1225 4778 epulabatur
1251 4707 1509 4779 quotidie
1538 4707 1842 4781 splendide
1865 4711 2025 4780 (Luc.
2047 4725 2170 4779 xw,

521 4795 607 4860 19,
637 4795 796 4867 seq.),
831 4795 1021 4852 aliena
1053 4796 1335 4870 rapuisse,
1369 4797 1470 4853 sed
1511 4796 1872 4853 infructuose
1915 4797 2163 4867 propriis

519 4899 655 4938 usus
684 4883 871 4942 fuisse
893 4887 1255 4958 perhibetur,
1277 4904 1530 4960 eumque
1549 4893 1677 4957 post
1697 4887 1847 4942 hanc
1871 4886 2047 4942 vitam
2070 4887 2158 4942 ul-

514 4972 626 5027 trix
639 4973 899 5044 gehenna
915 4979 1165 5050 suscepit
1179 5021 1192 5047 ,
1209 4995 1322 5034 non
1342 4977 1480 5049 quia
1493 4977 1713 5050 aliquid
1729 4976 1994 5032 illicitum
2027 4993 2159 5048 ges-

583 5097 659 5167 (a)
691 5099 919 5173 Carnot.
955 5102 1201 5173 primus,
1233 5119 1329 5172 per
1361 5102 1594 5158 sobolem
1635 5103 1764 5158 boni
1809 5103 2024 5173 operis;
2056 5101 2156 5157 alii

513 5170 970 5248 contradicunt,‘
995 5170 1350 5248 aliundeque
1387 5175 1693 5248 legendum
1731 5170 1896 5230 solem
1944 5176 2156 5245 probat

511 5241 728 5298 umbra
755 5244 1063 5312 Oppositio.

580 5313 676 5388 (b)_
691 5314 872 5388 Corru
884 5324 974 5388 pte
995 5318 1189 5384 Guss.,
1204 5315 1364 5388 quasi
1373 5318 1638 5372 ariditate
1651 5317 1853 5373 radicis
1867 5316 2153 5372 exsiccet:-

511 5389 622 5438 tur.
653 5384 908 5442 Lectioni
952 5397 1158 5445 nostrae
1193 5384 1385 5444 lavent
1429 5390 1543 5443 duo
1585 5389 1724 5445 Mss.
1767 5389 1828 5444 S.
1869 5388 2064 5444 Germ.
2097 5393 2153 5444 et

509 5458 719 5533 caeteri.
770 5456 935 5533 Ratio
975 5475 1203 5533 quoque
1250 5460 1635 5533 suffragatur;
1670 5478 1796 5514 nam
1835 5465 2154 5516 cxseccntur

508 5529 749 5604 optimc
777 5529 1026 5589 refertur
1072 5532 1146 5588 ad
1192 5547 1260 5604 ea
1308 5547 1438 5602 quae
1477 5532 1816 5604 immediate
1848 5535 2151 5604 praemissa

504 5602 649 5676 sunt
679 5600 896 5676 :_ietum
921 5608 1134 5663 securis
1160 5600 1360 5660 vicina:
1381 5602 1740 5676 praevideant.

579 5671 657 5755 (ο)
679 5673 908 5748 Excusi,
926 5675 1272 5739 inconsultis
1289 5671 1443 5749 nos"
1464 5690 1536 5732 ne
1561 5674 1691 5734 dum
1712 5674 1877 5734 valde
1894 5672 2147 5754 muniﬁci

2274 4619 2347 4691 (ε)
2365 4619 2787 4691 perquemdam
2803 4619 3131 4692 sapientem
3148 4619 3431 4675 Dominus
3447 4618 3825 4688 demonstrat,
3841 4617 3932 4672 di-

2273 4723 2447 4764 cens:
2479 4709 2584 4776 Qui
2621 4710 2775 4780 oﬂert
2816 4708 3153 4778 sacri/icium
3197 4707 3261 4765 de
3296 4707 3610 4764 substantia
3638 4709 3926 4780 pauperis,

2272 4799 2431 4868 quasi
2458 4799 2554 4869 qui
2574 4797 2823 4854 victima!
2861 4797 3042 4868 ﬁlium
3076 4800 3133 4853 in
3164 4803 3450 4870 conspectu
3475 4799 3652 4868 patris
3679 4798 3775 4852 sui
3796 4797 3926 4860 (Ec-

2269 4886 2363 4942 cli.
2387 4903 2572 4942 xxxnv.
2607 4889 2717 4955 2i).
2752 4887 2896 4951 Quid
2933 4904 3189 4959 namque
3220 4903 3348 4943 esse
3370 4885 3797 4944 intolerabilius
3825 4901 3926 4957 po-

2269 4979 2404 5044 test,
2427 4993 2603 5047 quam
2626 4993 2781 5032 mors
2805 4976 2906 5032 lilii
2937 4982 3070 5032 ante
3102 4976 3304 5034 oculos
3327 4976 3509 5048 patris
3529 4975 3557 5030 ?
3578 4974 3696 5031 Hoc
3720 4975 3928 5046 itaque

2266 5100 2442 5156 videri
2477 5105 2761 5171 appetunt,
2783 5101 2848 5156 de
2867 5101 3014 5157 boni.

2337 5173 2414 5243 (ά)
2443 5181 2672 5228 tzarnot.
2705 5175 3023 5238 secundus,
3055 5180 3294 5229 secatur.

2337 5244 2459 5316 Duo
2501 5244 2739 5316 priores
2773 5247 3019 5306 Gemet..
3074 5261 3176 5316 per
3229 5245 3601 5302 Salomonem.
3663 5246 3726 5297 In
3757 5243 3928 5301 Trec.

2262 5312 2511 5382 legitur,
2545 5315 2844 5386 quemdam
2887 5312 3207 5385 sapientem.
3241 5323 3316 5373 At
3365 5319 3423 5388 in
3465 5331 3652 5388 marg.
3684 5323 3936 5388 notatur

2260 5389 2464 5441 eadem
2516 5403 2717 5442 manu.
2766 5389 2904 5457 Aput
2941 5390 3316 5452 Salomonem,
3362 5386 3417 5443 id
3461 5397 3573 5452 est,
3604 5386 3751 5455 apud
3793 5387 3928 5442 Sal.

2261 5458 2406 5515 Nam
2449 5459 2516 5532 in
2544 5459 2847 5532 pvetsMss.
2890 5470 2912 5514 t
2951 5477 3052 5530 pro
3100 5461 3134 5514 ά
3182 5463 3330 5532 solet
3378 5459 3668 5532 usurpari.
3694 5459 3926 5532 Eadem

2259 5538 2396 5601 nota
2446 5529 2658 5601 legitur
2694 5530 2848 5586 infra
2882 5529 2962 5587 ini
2985 5531 3092 5587 hoc
3133 5533 3270 5588 Cod.
3305 5531 3365 5587 in
3410 5529 3652 5589 Admon.
3686 5530 3777 5601 3i,
3810 5529 3923 5588 ubi

2256 5599 2530 5660 laudatur
2548 5601 2694 5662 alius
2711 5603 3097 5663 Ecclesiartici
3125 5603 3306 5663 locus.
