4136 6178
332 282 413 341 89
1098 286 1441 349 ΗΕϐτυΙιιΕ
1482 288 1964 353 PASTORALIS

2096 292 2271 352 BER.
2320 323 2394 334 —-
2439 289 2643 350 PARS
2691 288 2999 349 TERTIA.
3669 289 3748 349 90

336 414 697 471 sacriﬁcium
728 418 951 487 quanta
989 416 1079 474 ira
1110 418 1428 490 aspicietur
1456 423 1807 494 ostenditur,
1833 424 1987 495 quod
2016 425 2070 493 Α
2095 427 2470 481 contentiones
2490 427 2620 480 sunt
2650 424 2710 479 in
2739 421 2900 477 corde
2930 429 3133 489 vestro,
3183 420 3361 479 nolite
3404 420 3665 493 gloriari,
3697 426 3751 477 et

337 504 537 560 orbati
553 504 723 574 patris
744 505 932 562 dolori
946 513 1341 579 comparatur.
1368 514 1434 566 Et
1449 518 1637 568 tamen
1656 513 1999 584 plerumque

346 604 569 668 quanta
598 598 885 663 tribuunt,
919 606 1169 671 pensant
1211 619 1225 669 ;
1260 609 1479 672 quanta
1508 610 1703 660 autem
1738 606 1995 677 rapiunt,

347 686 717 744 considerare
730 688 1104 745 dissimulant
1120 692 1313 757 .Quasi
1328 694 1644 750 mercedem
1664 701 1992 765 numerant,

342 780 399 829 et
420 779 779 846 perpendere
797 776 1003 845 culpas
1026 785 1314 835 recusant.
1339 781 1596 836 Audiam.
1622 782 1817 853 itaque
1838 783 1992 853 quod

338 864 628 933 scripturn
661 871 753 921 est
783 882 798 919 :
824 866 929 935 Qui
950 868 1220 925 mercedes
1237 872 1617 942 congregavit,
1648 871 1797 926 misit
1825 888 1915 927 eas
1934 874 1993 926 in

333 955 625 1009 sacculum
654 964 943 1027 pertusum
973 957 1210 1030 (Aggwi.
1241 959 1338 1031 vi).
1390 960 1454 1016 In
1500 961 1731 1017 sacculo
1775 962 1993 1033 quippe

337 1051 582 1114 pertuso
642 1045 895 1112 videtur,
946 1048 1179 1118 quando
1230 1049 1479 1120 pecunia
1538 1052 1822 1120 mittitur;
1888 1052 1986 1107 sed

329 1135 575 1202 quando
600 1134 917 1201 amittitur,
963 1153 1079 1193 non
1129 1137 1379 1194 videtur.
1434 1139 1542 1203 Qui
1588 1156 1720 1211 ergo
1770 1146 1991 1213 quanta

326 1218 673 1291 largiuntur
693 1222 1007 1294 aspiciunt,
1030 1226 1129 1280 sed
1155 1230 1437 1297 quantum
1464 1228 1695 1300 rapiunt
1717 1246 1832 1285 non
1857 1247 1987 1301 per-

323 1311 624 1380 pendunt,
645 1314 704 1366 in
732 1316 1219 1381 pertusosacculo
1244 1316 1544 1373 mercedes
1570 1319 1989 1390 mittunt,quia

321 1399 584 1469 profecto
606 1400 710 1455 has
726 1402 806 1471 (a)
826 1401 884 1456 in
904 1417 1067 1474 spem
1088 1420 1205 1459 suae
1229 1404 1451 1460 ﬁduciae
1474 1407 1769 1463 intuentes
1784 1423 1990 1480 conge-

320 1492 484 1555 runt,
522 1489 627 1545 sed
664 1506 781 1545 non
823 1488 1122 1549 intuentes
1158 1493 1431 1561 perdunt.

726 1580 957 1636 CAPUT
996 1581 1205 1638 xxut.
1248 1583 1355 1655 [Αι.
1390 1585 1590 1657 XLVI].

433 1666 713 1734 Quomodo
746 1668 1087 1727 admonendi
1111 1679 1240 1727 sunt
1277 1673 1551 1729 discordes
1580 1679 1633 1729 et
1667 1676 1875 1746 pacati.

2104 515 2394 571 mendaces
2409 532 2521 571 esse
2539 514 2826 569 adversum
2842 514 3144 568 veritatem.
3165 510 3298 567 Non
3318 518 3395 567 est
3410 512 3515 567 ista
3536 513 3749 583 sapien-

2104 606 2179 659 tia
2211 605 2496 660 desursum
2521 602 2873 671 descendens,
2903 602 2997 657 seat
3027 612 3273 666 terrena,
3306 603 3591 663 animalis.
3618 601 3748 656 dia-

2104 692 2300 750 bolica.
2335 694 2469 763 Quae
2500 696 2682 748 autem
2730 691 3014 747 desursum
3061 700 3140 747 est
3200 689 3475 759 sapientia
3502 692 3749 763 primum

2100 783 2315 854 quidem
2345 784 2547 853 pudica
2580 792 2677 850 est,
2721 780 2924 836 deinde
2965 780 3194 851 paciﬁca
3228 781 3359 849 (Jac.
3405 797 3494 846 ιιι,
3537 782 3624 845 tt,
3658 780 3748 849 15,

2102 874 2206 939 17).
2238 872 2453 928 Pudica
2476 872 2764 939 videlicet,
2798 870 2931 939 quia
2956 876 3115 925 caste
3160 867 3469 941 intelligit;
3504 868 3745 939 paciﬁca

2098 970 2310 1031 autem,
2333 963 2408 1033 (τί)
2440 962 2578 1032 quia
2602 976 2703 1033 per
2724 958 3028 1015 elationem
3053 975 3115 1014 se
3139 958 3376 1014 minime
3407 975 3440 1013 a
3461 956 3751 1030 proximo-

2098 1068 2224 1108 rum
2242 1053 2511 1109 societate
2526 1048 2923 1120 disjungit.Ad
2936 1047 3203 1103 monendi
3219 1045 3746 1112 suntdissidentes,

2099 1146 2162 1196 ut
2194 1141 2458 1197 noverint
2478 1139 2628 1212 quod
2656 1137 2854 1194 tandiu
2883 1136 3112 1192 nullum
3132 1136 3267 1193 boni
3293 1136 3490 1209 operis
3518 1140 3633 1193 Deo
3656 1153 3747 1192 sa-

2096 1230 2377 1287 crificium
2408 1228 2737 1295 immolant,
2772 1227 3030 1299 quandiu
3068 1243 3100 1282 a
3131 1227 3523 1298 proximorum
3548 1224 3741 1281 chari-

2097 1324 2216 1374 tate
2236 1318 2592 1374 discordant.
2618 1316 2907 1387 Scriptum
2933 1332 3186 1388 namque
3208 1322 3327 1371 est:
3355 1314 3416 1370 Si
3434 1316 3597 1386 offers
3614 1331 3743 1370 mu-

2094 1426 2198 1464 nus
2222 1414 2375 1463 tuum
2398 1407 2470 1463 ad
2488 1408 2687 1474 altare,
2709 1414 2761 1462 et
2791 1406 2868 1461 ibi
2883 1407 3209 1461 recordatus
3228 1406 3403 1477 [ueris
3414 1407 3545 1476 quia
3566 1407 3745 1470 frater

2092 1502 2220 1553 tuus
2251 1498 2409 1553 habet
2436 1496 2657 1569 aliquid
2704 1497 2995 1551 adversum
3029 1504 3099 1561 te,
3130 1497 3381 1567 relinque
3420 1495 3500 1550 ibi
3538 1509 3740 1550 munus

2092 1594 2251 1643 tuum
2280 1592 2410 1643 ante
2425 1587 2622 1657 altare,
2651 1590 2699 1642 et
2724 1585 2853 1641 vade
2870 1588 3029 1656 prius
3053 1584 3409 1641 reconciliari
3426 1586 3738 1655 fratri‘tuo,

2092 1685 2145 1731 et
2175 1680 2306 1731 tune
2342 1675 2564 1733 veniens
2614 1676 2810 1747 oﬂeres
2866 1691 3066 1730 munus
3125 1684 3280 1731 tuum
3319 1675 3521 1743 (Matth.
3558 1690 3612 1740 v,
3644 1674 3735 1740 23,

403 1756 747 1827 (Admonilio
776 1759 894 1829 23.)
924 1759 1107 1816 Aliter
1135 1761 1982 1834 admonendisuntdiscordcs,
2014 1751 2061 1816 Β
2094 1766 2203 1835 24).
2234 1770 2319 1822 Ex
2348 1781 2463 1837 qua
2520 1764 2744 1821 scilicet
2794 1764 3177 1836 praeceptione
3224 1765 3593 1837 pensandum
3650 1766 3739 1818 est

336 1854 509 1918 atque
538 1848 711 1903 aliter
742 1850 954 1919 pacati.
989 1850 1298 1908 Discordes
1340 1870 1599 1925 namque
1629 1856 1982 1912 admonendi

338 1947 473 1992 sunt
496 1943 557 1991 ut
572 1938 905 1995 certissime
917 1939 1109 1996 sciant
1125 1941 1257 2011 quia
1276 1943 1981 2013 quantislibetvirtutibus

332 2025 609 2096 polleant,
634 2027 939 2099 spiritales
962 2030 1085 2086 fieri
1110 2031 1447 2088 nullatenus
1462 2040 1728 2104 possunt,
1752 2035 1802 2091 si
1827 2035 1981 2091 uniri

326 2116 815 2186 perconcordiam
833 2118 1111 2188 proximis
1132 2119 1452 2191 negligunt.
1469 2122 1755 2194 Scriptum
1768 2123 1981 2195 quippe

324 2213 410 2260 est
442 2221 457 2259 :
494 2210 736 2263 Fructus
769 2217 958 2263 autem
992 2210 1222 2280 spiritus
1259 2215 1337 2266 est
1382 2211 1646 2282 charitas,
1694 2214 1979 2284 gaudium,

322 2312 437 2365 pax
468 2294 627 2365 (Gal.
661 2313 716 2365 ν,
747 2297 858 2368 22).
891 2298 1001 2363 Qui
1032 2316 1171 2371 ergo
1215 2317 1449 2357 servare
1494 2318 1695 2374 pacem
1731 2320 1844 2359 non
1878 2320 1982 2359 cu-

322 2393 436 2454 rat,
460 2386 615 2442 ferre
639 2387 892 2443 fructum
910 2389 1158 2459 spiritus
1182 2398 1431 2447 recusat.
1459 2392 1601 2449 llinc
1622 2392 1836 2449 Paulus
1858 2394 1975 2449 ait:

325 2473 462 2529 Cum
491 2477 568 2530 sit
596 2479 744 2532 inter
772 2493 862 2533 vos
884 2478 1034 2534 zelus
1063 2483 1114 2534 et
1142 2481 1435 2546 contentio,
1489 2497 1673 2538 nonne
1728 2484 1980 2539 carnales

321 2566 453 2620 estis
486 2566 531 2634 (l
559 2565 686 2622 Cor.
717 2582 801 2634 in,
842 2568 898 2637 3)
930 2566 958 2622 ?
989 2567 1132 2623 Hinc
1163 2569 1373 2625 iterum
1408 2586 1637 2642 quoque
1662 2572 1806 2628 dicit
1838 2589 1849 2628 :
1880 2574 1981 2628 Pa-

322 2669 440 2711 cem
472 2655 783 2726 sequimini
810 2674 934 2711 cum
963 2657 1240 2724 omnibus,
1281 2668 1332 2715 et
1379 2660 1821 2727 sanctimoniam,
1861 2665 1980 2720 sine

323 2759 434 2812 qua
468 2759 638 2798 nemo
654 2743 859 2799 videbit
889 2745 1061 2800 Deum
1083 2746 1275 2816 (Hebr.
1306 2764 1407 2813 xu,
1436 2749 1544 2818 14).
1575 2751 1719 2805 Hinc
1744 2767 1979 2807 rursum

322 2830 660 2888 admonens
691 2833 773 2888 ait
808 2850 821 2887 :
852 2832 1101 2890 Solliciti
1125 2852 1345 2892 servare
1372 2840 1644 2894 unitatem
1673 2841 1899 2909 spiritus
1921 2842 1981 2895 in

322 2921 557 2977 vinculo
585 2924 742 2993 pacis
771 2940 790 2977 :
823 2940 998 2979 unum
1034 2939 1229 2995 corpus
1272 2934 1323 2981 et
1361 2943 1505 2982 unus
1548 2928 1803 2999 spiritus,
1840 2931 1982 2986 sicut

322 3012 512 3066 vocati
537 3013 674 3067 estis
698 3012 760 3066 in
777 3028 893 3067 una
912 3028 1007 3084 spe
1034 3014 1336 3071 vocationis
1364 3026 1553 3072 vestrae
1576 3018 1789 3089 (Ephes.
1816 3034 1893 3085 ιν,
1924 3020 1980 3088 3,

318 3101 396 3167 4).
435 3100 525 3154 Ad
560 3117 739 3156 unam
766 3117 903 3174 ergo
926 3103 1245 3159 vocationis
1265 3120 1429 3175 spem
1462 3122 1835 3179 nequaquam
1859 3125 1982 3179 per-
2007 3120 2049 3188 α

323 3190 601 3261 tingitur,
634 3189 684 3245 si
725 3208 837 3247 non
871 3193 940 3247 ad
973 3208 1101 3248 eam
1129 3198 1294 3249 unita
1311 3211 1445 3250 cum
1480 3198 1761 3266 proximis
1785 3203 1981 3254 mente

329 3285 625 3334 curratur.
658 3282 731 3335 At
751 3297 906 3353 saepe
932 3283 1198 3338 nonnulli
1223 3300 1338 3355 quo
1361 3285 1627 3355 quaedam
1651 3285 1983 3357 specialiter

330 3369 487 3423 dona
516 3368 873 3440 percipiunt,
904 3387 971 3425 eo
1002 3370 1390 3442 superbiendo
1419 3374 1640 3430 donum
1665 3376 1982 3431 concordiis

329 3458 485 3528 quod
512 3458 704 3527 majus
725 3466 833 3524 est,
856 3458 1164 3529 amittunt;
1191 3470 1247 3516 ut
1273 3460 1322 3517 si
1345 3463 1584 3518 fortasse
1604 3477 1838 3519 carnem
1866 3480 1984 3535 pra:

332 3546 559 3603 caeteris
587 3547 742 3618 gulae
771 3548 1157 3606 retrenatione
1186 3551 1317 3621 quis
1344 3552 1598 3621 edomat,
1632 3552 1986 3609 concordare

332 3636 417 3693 eis
448 3650 605 3707 quos
620 3640 857 3707 superat
876 3637 1223 3695 abstinendo
1246 3644 1599 3697 contemnat.
1626 3641 1737 3698 Sed
1761 3642 1859 3713 qui
1882 3644 1984 3698 ab-

334 3726 683 3783 stinentiam
698 3727 1051 3782 aconcordia
1065 3734 1316 3800 separat,
1341 3731 1477 3802 quid
1501 3730 1983 3788 admoneatPsal-

332 3817 513 3870 mista
540 3817 851 3887 perpendat
878 3816 995 3883 ;ait
1015 3817 1168 3875 enim
1196 3820 1482 3876 :Laudate
1496 3838 1619 3876 eum
1641 3824 1701 3876 in
1723 3830 1985 3894 tympano

334 3913 384 3959 et
411 3905 584 3961 choro
615 3904 801 3975 (Psal.
833 3922 920 3970 cn,
954 3909 1029 3975 4).
1065 3908 1125 3963 In
1162 3914 1439 3980 tympano
1472 3926 1727 3983 namque
1748 3910 1904 3966 sicca
1932 3918 1987 3967 et

331 4010 621 4064 percussa
643 3995 811 4065 pellis
835 4001 1088 4064 resonat,
1107 3996 1165 4053 in
1184 3998 1362 4055 choro
1384 4004 1580 4055 autem
1606 4000 1682 4072 (ὁ)
1706 4016 1874 4056 voces
1897 4016 1985 4056 so-

324 4083 538 4139 cietate
571 4085 949 4141 concordant.
984 4085 1261 4156 Quisquis
1296 4088 1489 4160 itaque
1520 4105 1733 4161 corpus
1752 4089 1982 4161 afﬂigit,

324 4174 423 4229 sed
452 4175 829 4230 concordiam
846 4175 1085 4244 deserit,
1100 4175 1283 4233 Deum
1301 4179 1532 4248 quidem
1551 4177 1747 4235 laudat
1764 4179 1823 4235 in
1839 4187 1984 4250 tym-

326 4279 507 4334 pano,
542 4263 646 4318 sed
683 4279 796 4319 non
847 4263 1047 4320 laudat
1106 4266 1163 4322 in
1221 4266 1420 4323 choro.
1482 4272 1642 4340 Smpe
1679 4285 1814 4325 vero
1844 4272 1981 4329 dum

327 4351 622 4421 quosdam
655 4353 843 4424 major
872 4354 1117 4410 scientia
1148 4355 1340 4429 erigit,
1373 4373 1406 4412 a
1437 4362 1777 4414 cmterorum
1806 4361 1984 4417 socie-

326 4446 448 4496 tate
474 4441 790 4513 disjungit,
822 4448 880 4499 et
910 4444 1074 4516 quasi
1106 4461 1223 4516 quo
1254 4445 1388 4517 plus
1419 4446 1673 4518 sapiunt,
1707 4464 1773 4504 eo
1800 4466 1980 4507 acon-

324 4529 537 4585 cordia
570 4530 784 4587 virtute
814 4532 1203 4603 desipiscnnt.
1238 4534 1306 4590 Hi
1341 4534 1536 4607 itaque
1567 4536 1808 4592 audiant
1837 4539 1977 4610 quid

320 4636 425 4689 per
455 4622 833 4693 semetipsam
866 4620 1088 4678 Veritas
1120 4623 1318 4681 dicat-z
1350 4625 1546 4681 [iubete
1590 4625 1675 4680 sal
1716 4626 1773 4681 in
1806 4628 1974 4697 vobis,

320 4712 370 4762 et
399 4723 597 4778 pacem
618 4707 815 4765 habete
836 4710 981 4765 inter
1010 4726 1099 4767 vos
1142 4713 1325 4781 (Marc.
1370 4728 1448 4781 Ix,
1480 4714 1592 4784 49).
1627 4713 1723 4769 Sal
1765 4716 1977 4787 quippe

320 4795 449 4852 sine
480 4813 624 4867 pace
658 4814 771 4853 non
804 4799 1038 4855 virtutis
1070 4806 1158 4857 est
1184 4802 1427 4870 donum,
1452 4803 1550 4859 sed
1586 4803 1976 4862 damnationis

319 4892 762 4954 argumentum.
789 4887 909 4951 Quo
933 4888 1085 4945 enim
1113 4891 1363 4963 quisque
1387 4893 1596 4948 melius
1618 4892 1793 4964 sapit,
1816 4895 1887 4965 (ε)
1909 4911 1975 4951 eo

321 4973 581 5031 deterius
610 4975 903 5049 delinquit
927 5003 942 5045 ;
968 4983 1023 5035 et
1053 4978 1267 5036 idcirco
1297 4981 1766 5038 inexcusabiliter
1789 4999 1972 5041 mere-

318 5063 488 5119 bitur
518 5066 904 5137 supplicium,
936 5069 1071 5140 quia
1096 5071 1412 5139 prudenter
1442 5072 1539 5128 69
1591 5074 1639 5129 si
1670 5073 1971 5141 voluisset,

318 5152 515 5222 potuit
540 5157 719 5209 vitare
745 5162 1061 5228 peccatum.
1086 5158 1309 5223 Quibus
1333 5166 1485 5216 recte
1500 5176 1729 5232 quoque
1753 5177 1853 5232 per
1871 5160 1969 5217 Ja-

315 5240 538 5297 cobum
560 5244 770 5299 dicitur
800 5262 816 5301 z
850 5246 1009 5319 Quod
1037 5247 1087 5303 si
1129 5249 1310 5305 zelum
1351 5265 1611 5306 amarum
1659 5249 1892 5316 habetis,
1918 5253 1971 5307 et

392 5368 469 5448 (ει)
499 5367 777 5448 -ζιιιιιάηβι
809 5371 1033 5448 primus
1063 5376 1235 5443 Aud.,
1269 5378 1329 5431 in
1367 5377 1543 5448 specie
1569 5393 1682 5433 suae
1721 5374 1961 5448 ﬁduciae.

390 5441 475 5520 (b)
490 5441 831 5520 amtoribus
864 5447 1051 5509 magis
1074 5441 1309 5517 placuit,
1331 5441 1485 5506 voces
1502 5441 1738 5519 sociata,
1772 5448 1969 5505 invitis

312 5513 600 5567 omnibus
632 5513 769 5571 Mss.
807 5520 1037 5576 nostris.

392 5584 467 5667 te)
490 5586 667 5667 liaud.
678 5628 692 5653 ,
706 5602 767 5643 eo
781 5590 1132 5667 concordiam
1145 5589 1399 5651 deserens
1410 5594 1659 5652 deterius
1669 5593 1962 5667 delinquit.

387 5654 469 5737 (ἀ)
502 5656 696 5729 Corb.,
718 5661 849 5736 quia
865 5664 1217 5738 praelatione.

2088 1871 2336 1926 quorum
2372 1854 2563 1911 hostia
2595 1853 2917 1927 repellitur,
2943 1870 3120 1925 quam
3154 1853 3540 1911 intolerabilis
3563 1854 3738 1927 culpa

2088 1950 2462 2001 monstratur.
2506 1943 2653 2000 Nam
2687 1961 2818 1999 cum
2853 1943 3003 1999 mala
3030 1947 3239 1999 cuncta
3260 1943 3427 2000 bonis
3448 1943 3735 2015 sequenti-

2088 2034 2198 2089 bus
2229 2034 2551 2100 diluantur,
2585 2048 2901 2104 pensemus
2926 2039 3149 2104 quanta
3181 2032 3299 2088 sint
3333 2032 3486 2088 mala
3517 2032 3735 2087 discor-

2086 2122 2215 2187 diae,
2263 2138 2389 2193 quas
2420 2122 2531 2177 nisi
2579 2121 2864 2177 exstincta
2923 2121 3187 2177 funditus
3232 2120 3466 2190 fuerint,
3509 2121 3728 2176 bonum

2085 2210 2363 2282 subsequi
2399 2228 2511 2266 non
2547 2209 2907 2282 permittunt.
2940 2208 3301 2265 Admonendi
3340 2213 3478 2263 sunt
3506 2209 3731 2263 discor-

2085 2298 2209 2366 des,
2236 2299 2362 2354 utsi
2384 2316 2557 2355 aures
2588 2316 2621 2354 a
2650 2297 2940 2354 mandatis
2963 2297 3386 2368 cmlestibus(e)
3411 2295 3725 2361 declinant,

2085 2388 2296 2445 mentis
2327 2387 2529 2445 oculos
2554 2388 2627 2444 ad
2659 2386 3083 2443 consideranda
3135 2402 3202 2442 ea
3235 2403 3363 2458 quas
3416 2386 3473 2441 in
3507 2385 3725 2443 infimis

2082 2484 2391 2535 versantur
2416 2478 2678 2549 aperiant
2704 2494 2717 2544 ;
2742 2477 2892 2547 quod
2919 2493 3069 2549 szepe
3097 2492 3227 2532 aves
3251 2475 3424 2530 unius
3447 2475 3736 2545 ciusdem~

2085 2586 2197 2641 que
2226 2568 2457 2640 generis
2480 2584 2607 2624 sese
2628 2567 2925 2623 socialiter
2945 2567 3191 2622 volando
3216 2583 3331 2622 non
3354 2566 3651 2636 deserunt,
3678 2573 3735 2623 et

2085 2658 2238 2730 quod
2264 2657 2547 2728 gregatim
2582 2656 2860 2712 animalia
2912 2656 3084 2710 bruta
3124 2660 3460 2727 pascuntur.
3508 2655 3653 2719 Quia
3680 2657 3729 2712 si

2085 2747 2322 2803 solerter
2354 2746 2695 2817 aspicimus,
2754 2743 3162 2801 concordando
3203 2745 3313 2800 sibi
3373 2743 3731 2801 irrationalis

2084 2840 2290 2891 natura
2311 2833 2554 2904 indicat,
2579 2839 2863 2907 quantum
2892 2834 3110 2890 malum
3141 2850 3242 2907 per
3264 2833 3616 2890 discordiam
3643 2851 3736 2889 ra-

2086 2924 2316 2980 tionalis
2341 2931 2551 2981 natura
2572 2925 2920 2993 committat,
2944 2925 3181 2997 quando
3206 2924 3327 2982 haec
3347 2925 3414 2997 (Ι)
3438 2942 3472 2981 a
3495 2924 3735 2980 rationis

2085 3013 2411 3071 intentione
2432 3016 2707 3087 perdidit,
2725 3017 2878 3087 quod
2905 3015 3000 3071 illa
3017 3021 3173 3071 motu
3191 3017 3733 3073 naturalicustodit.

2160 3106 2229 3159 At
2258 3109 2460 3160 contra
2490 3104 2842 3159 admonendi
2880 3110 3017 3160 sunt
3044 3106 3264 3177 pacati,
3312 3121 3382 3160 ne
3433 3106 3573 3161 dum
3609 3105 3739 3177 plus

2092 3209 2267 3265 quam
2294 3198 2869 3263 necesseest,pacem
2896 3209 3070 3264 quam
3099 3195 3402 3266 possident
3423 3198 3644 3262 amant,
3664 3194 3735 3249 ad

2092 3286 2430 3353 perpetuam
2453 3280 2751 3352 pervenire
2767 3297 2879 3335 non
2896 3286 3194 3352 appetant.
3213 3280 3564 3352 Plerumque
3581 3282 3734 3337 enim

2093 3371 2325 3443 gravius
2356 3370 2736 3426 intentionem
2779 3369 3066 3426 mentium
3118 3386 3309 3426 rerum
3345 3370 3736 3442 tranquillitas

2092 3464 2279 3515 tentat
2303 3476 2316 3526 ;
2342 3463 2405 3515 ut
2424 3476 2539 3532 quo
2564 3477 2680 3516 non
2705 3464 2843 3516 sunt
2876 3458 3123 3516 molesta
3152 3476 3283 3531 quas
3303 3464 3521 3527 tenent,
3545 3475 3610 3515 eo
3627 3458 3738 3514 mi—

2097 3565 2208 3605 nus
2250 3549 2523 3604 amabilia
2556 3549 2698 3604 fiant
2729 3565 2855 3621 quae
2906 3554 3231 3619 vocant;et
3280 3566 3395 3621 quo
3450 3548 3739 3605 delectant

2094 3638 2423 3709 praesentia,
2457 3654 2523 3695 eo
2554 3655 2669 3694 non
2703 3638 3071 3709 inquirantur
3100 3643 3340 3695 aeterna.
3376 3638 3537 3696 Unde
3566 3644 3621 3696 et
3643 3655 3742 3711 per

2092 3726 2469 3798 semetipsam
2494 3726 2720 3783 Veritas
2746 3726 3011 3800 loquens,
3034 3744 3165 3785 cum
3182 3733 3469 3784 terrenam
3491 3744 3690 3801 pacem
3707 3744 3741 3784 a

2092 3827 2344 3888 euperna
2366 3816 2778 3889 distingueret,
2804 3821 2978 3889 atque
2997 3818 3065 3872 ad
3088 3828 3392 3873 venturam
3418 3817 3739 3889 discipulos

2093 3922 2160 3962 ex
2193 3904 2460 3975 praesenti
2494 3910 2851 3977 provocaret,
2880 3907 2996 3962 ait:
3029 3908 3228 3962 Pacem
3257 3903 3517 3977 relinquo
3563 3906 3735 3973 vobis,

2090 4007 2280 4061 pacem
2309 4010 2488 4050 meam
2506 3995 2570 4051 do
2602 3996 2747 4051 vobis
2780 3994 2958 4066 (Joan.
2991 4011 3108 4065 xxv,
3132 3996 3246 4067 27).
3280 3995 3564 4068 Relinque
3587 3995 3738 4051 scili-

2094 4090 2183 4142 cet
2215 4084 2636 4153 transitoriam,
2667 4084 2739 4141 do
2769 4101 3129 4141 mansuram.
3173 4085 3229 4141 Si
3264 4102 3401 4158 ergo
3430 4085 3491 4140 in
3542 4102 3609 4141 ea
3638 4102 3739 4141 cor

2092 4193 2214 4247 quae
2232 4176 2428 4231 relicta
2446 4175 2768 4249 estﬁgitur,
2794 4193 3096 4247 nunquam
3112 4177 3182 4232 ad
3209 4176 3367 4232 illam
3396 4194 3522 4249 quos
3546 4176 3739 4232 danda

2090 4269 2199 4331 est,
2232 4265 2585 4336 pervenitur.
2623 4265 2735 4320 Pax
2769 4264 2948 4337 igitur
2980 4282 3232 4338 presens
3256 4266 3333 4322 ita
3358 4265 3608 4321 tenenda
3628 4269 3736 4335 est,

2090 4357 2147 4409 et
2181 4358 2240 4409 ut
2270 4352 2432 4425 diligi
2463 4354 2671 4409 debeat
2698 4357 2756 4410 et
2804 4355 3135 4421 contemni;
3171 4371 3240 4411 ne
3271 4354 3321 4410 si
3353 4354 3737 4410 immoderate

2090 4442 2375 4515 diligitur,
2410 4444 2706 4517 diligentis
2729 4444 2964 4502 animus
2996 4446 3051 4501 in
3074 4446 3246 4518 culpa
3267 4445 3547 4516 capiatur.
3573 4444 3736 4501 Unde

2089 4536 2145 4589 et
2168 4532 2518 4590 admonendi
2545 4539 2686 4590 sunt
2708 4536 2919 4606 pacati,
2945 4552 3015 4590 ne
3039 4536 3179 4590 dum
3210 4533 3385 4590 nimis
3415 4534 3733 4589 humanam

2092 4637 2290 4693 pacem
2325 4621 2683 4689 desiderant,
2716 4639 2923 4695 pravos
2956 4622 3262 4679 hominum
3296 4637 3485 4677 mores
3528 4637 3740 4692 nequa-

2090 4726 2264 4781 quam
2297 4711 2689 4783 redarguunt;
2750 4716 2808 4768 et
2861 4712 3280 4768 consentiendo
3323 4708 3632 4782 perversis,
3667 4711 3739 4765 ab

2092 4800 2348 4857 auctoris
2370 4800 2459 4857 sui
2482 4818 2545 4857 se
2570 4817 2706 4873 pace
2728 4801 3067 4874 disjungant
3092 4818 3104 4869 ;
3125 4818 3193 4856 ne
3219 4802 3358 4856 dum
3374 4798 3637 4856 humana
3660 4804 3735 4856 fo-

2089 4905 2180 4945 ras
2205 4890 2405 4961 jurgia
2437 4898 2723 4960 metuunt,
2755 4890 2967 4947 interni
3005 4889 3240 4946 foederis
3287 4890 3364 4961 (g)
3396 4888 3740 4948 discissione

2086 4976 2386 5034 feriantur.
2413 4979 2561 5045 Quid
2584 4984 2671 5036 est
2693 4979 2849 5036 enim
2878 4993 2988 5052 pax
3016 4981 3372 5048 transitoria,
3407 4978 3518 5036 nisi
3553 4982 3738 5051 quod-

2085 5066 2219 5122 dam
2238 5068 2546 5141 vestigium
2569 5070 2729 5142 pacis
2746 5074 2974 5125 aeternae
2993 5067 3021 5123 ‘I
3037 5070 3183 5136 Quid
3200 5084 3336 5143 ergo
3359 5070 3738 5127 essedcmen-

2085 5161 2201 5215 tius
2230 5163 2436 5231 potest,
2472 5176 2644 5231 quam
2677 5160 2921 5231 vestigia
2952 5159 3010 5216 in
3047 5159 3280 5232 pulvere
3305 5162 3591 5233 impressa
3612 5160 3739 5215 dili-

2081 5262 2237 5320 gere,
2272 5248 2371 5303 scd
2407 5248 2599 5321 ipsum
2635 5266 2666 5305 a
2697 5265 2809 5321 quo
2842 5249 3133 5322 impressa
3155 5254 3319 5323 sunt,
3345 5264 3460 5307 non
3493 5248 3736 5306 amare?

2156 5372 2231 5443 (e)
2263 5372 2456 5441 Corb.,
2483 5389 2591 5429 non
2624 5374 2926 5434 declinant.

2151 5448 2217 5524 (/_)_
2238 5445 2417 5524 Laud.
2443 5452 2499 5524 e_t
2522 5448 2641 5503 Val.
2665 5446 2772 5512 CL,
2794 5464 2919 5504 cum
2937 5448 3191 5524 rationis.
3209 5449 3530 5524 thuidem
3557 5464 3735 5524 sensu

2083 5518 2330 5597 meliori.
2356 5517 2631 5590 Cogimur
2649 5527 2841 5597 tamen
2864 5524 3026 5592 sequi
3042 5521 3073 5576 Ἰ
3094 5536 3207 5577 rec.
3232 5529 3290 5578 et
3311 5517 3550 5585 caeteros
3566 5520 3734 5597 Cod.,

2077 5588 2207 5644 tum
2248 5605 2424 5645 manu
2442 5588 2733 5659 exaratos,
2765 5596 2891 5647 tum
2918 5588 3182 5650 e_xcusos.

2080 5724 2083 5725 ν
2150 5661 2227 5733 (ο)
2259 5660 2417 5721 Belv.
2449 5666 2507 5722 et
2536 5663 2649 5721 duo
2679 5662 2898 5739 priores
2927 5665 3122 5736 Carn.,
3153 5662 3525 5735 discussione.
