4136 6178
448 330 521 390 91
1648 333 1930 395 SANCTI
1972 330 2346 394 GREGORII
2392 328 2637 391 MAGNI
3769 331 3847 390 92

449 462 594 520 Hinc
624 464 801 521 David
836 466 977 522 dum
1010 470 1198 524 totum
1232 485 1294 526 se
1326 470 1395 525 ad
1424 467 1639 524 foedera
1662 468 1819 540 pacis
1846 468 2090 525 interna:
2119 474 2175 539 Α
2204 468 2686 523 tameninvestra
2700 467 2800 537 qui
2831 465 3131 538 corripitis
3154 469 3348 523 mente
3370 468 3660 521 teneatur.
3686 464 3847 522 Unde

418 596 423 603 .
449 555 890 627 constringeret,
911 561 1158 614 testatur
1182 559 1337 632 quod
1363 575 1494 615 cum
1529 558 1698 614 malis
1721 558 2089 615 concordiam

447 659 560 699 non
587 648 825 710 teneret,
854 648 1054 703 dicens
1089 664 1103 703 :
1152 649 1342 705 Nonne
1385 650 1485 722 qui
1526 659 1579 705 te
1616 649 1867 715 oderunt,
1927 649 2086 717 Deus,

445 732 663 789 oderam
691 734 839 801 illos,
872 741 921 791 et
950 753 1116 804 super
1137 738 1387 795 inimicos
1408 747 1526 794 tuos
1549 738 1886 795 tabescebam
1903 737 1931 793 τ
1955 740 2086 794 Per-

443 825 580 893 fecto
602 826 729 880 odio
751 825 970 881 oderam
992 824 1153 897 illos,
1172 825 1397 884 inimici
1415 830 1553 898 [acti
1576 838 1706 884 sunt
1737 828 1880 883 mihi
1910 828 2084 900 (Psal.

446 929 714 977 cxxxvm,
738 916 827 984 21,
857 920 966 976 22).
993 917 1269 977 Inimicos
1304 923 1515 976 etenim
1548 920 1649 976 Dei
1682 921 1933 992 perfecto
1954 919 2087 976 odio

446 1004 662 1074 odisse,
682 1009 766 1061 est
807 1011 864 1062 et
893 1008 1048 1079 quod
1081 1009 1214 1064 facti
1246 1014 1383 1066 sunt
1415 1009 1677 1083 diligere,
1717 1010 1815 1065 πθ
1844 1013 1901 1064 et
1930 1008 2085 1076 quod

444 1090 667 1149 faciunt
696 1091 1031 1166 increpare;
1066 1112 1255 1154 mores
1286 1114 1592 1169 parvorum
1640 1112 1924 1170 premere,
1955 1098 2087 1153 vitae

443 1180 745 1251 prodesse.

514 1271 877 1329 Pensandum
924 1291 1057 1345 ergo
1108 1278 1218 1343 est,
1268 1276 1505 1349 quando
1563 1276 1635 1332 ab
1692 1275 2086 1350 increpatione

441 1358 782 1431 quiescitur,
805 1370 1028 1435 quanta
1053 1363 1226 1435 culpa
1246 1382 1376 1421 cum
1395 1365 1671 1438 pessimis
1695 1383 1803 1439 pax
1832 1372 2081 1436 tenetur,

440 1450 487 1505 si
513 1451 792 1522 propheta
812 1457 1013 1509 tantus
1045 1454 1152 1510 hoc
1171 1455 1330 1510 velut
1349 1455 1406 1510 in
1431 1454 1683 1512 hostiam
1714 1461 1825 1513 Deo
1846 1456 2082 1525 obtulit,

441 1541 594 1610 quod
619 1546 820 1597 contra
840 1559 901 1598 se
925 1560 1024 1612 pro
1042 1543 1283 1600 Domino
1310 1560 1614 1616 pravorum
1632 1545 1971 1601 inimicitias
1992 1562 2084 1601 ex-

440 1628 805 1687 citavit.Hinc
817 1634 1069 1703 estquod
1089 1633 1272 1689 tribus
1289 1633 1419 1689 Levi
1434 1635 1967 1706 assumptisgladiis
1981 1651 2083 1708 per

439 1723 765 1775 castrorum
801 1722 989 1776 media
1019 1724 1335 1792 transiens,
1384 1724 1521 1795 quia
1565 1724 1838 1781 feriendis
1893 1725 2081 1782 noluit

2198 558 2350 614 idem
2366 572 2603 612 rursum
2626 554 2946 628 discipulos
2962 556 3258 626 admonet,
3274 556 3476 612 dicens
3492 572 3505 611 :
3521 553 3719 627 Siquis
3735 570 3845 610 non

2198 647 2375 702 obedit
2396 644 2557 701 verbo
2587 652 2796 711 nostra,
2817 661 2915 716 per
2935 647 3219 717 epistolam
3248 646 3394 703 hunc
3410 650 3596 700 notate
3628 662 3648 700 :
3665 650 3715 701 et
3736 659 3844 699 non

2195 733 2669 792 commisceamini
2687 750 2809 789 cum
2829 734 2949 799 illo,
2973 740 3032 790 ut
3052 736 3427 805 con/undatur
3446 738 3523 806 (ll
3548 736 3725 790 Thess.
3756 750 3843 803 ιιι,

2197 826 2305 893 th).
2336 824 2683 896 Alqueillico
2700 823 2968 894 adjunxit
2995 840 3008 878 ε
3039 824 3295 879 Ιίεηοιὶιε
3326 826 3696 879 utinimicum
3724 824 3845 879 exi-

2194 916 2425 969 stimare
2453 913 2643 979 illam,
2672 913 2763 969 sed
2788 915 3049 985 corripite
3065 921 3124 969 ut
3143 919 3375 984 fratrem
3400 913 3596 985 (Ibid.,
3630 913 3739 985 15).
3766 917 3839 968 Ac

2196 1004 2245 1060 si
2278 1004 2499 1059 diceret
2529 1018 2543 1057 :
2581 1002 2784 1059 Pacem
2820 1018 2955 1059 cum
3000 1019 3066 1059 eo
3097 1004 3440 1061 exteriorem
3474 1002 3701 1069 solvite,
3735 1003 3834 1058 sed

2196 1092 2529 1150 interiorem
2545 1094 2699 1150 circa
2720 1093 2885 1150 illum
2914 1094 3251 1151 medullitus
3276 1094 3565 1151 custodite
3589 1111 3602 1163 ;
3628 1099 3694 1149 ut
3714 1109 3842 1164 pec-

2196 1184 2383 1240 cantis
2415 1188 2675 1239 mentem
2697 1184 2779 1240 sic
2802 1188 2992 1241 vestra
3015 1184 3309 1241 discordia
3336 1185 3521 1249 feriat,
3547 1188 3838 1256 quatenus

2194 1289 2306 1345 pax
2336 1292 2370 1331 a
2402 1274 2678 1330 cordibus
2708 1274 2915 1330 vestris
2947 1291 3050 1331 nec
3080 1277 3362 1348 abnegata
3394 1274 3674 1331 discedat.

2582 1398 2818 1456 CAPUT
2857 1400 3030 1458 XXIII
3072 1402 3185 1473 [Αἰ.
3219 1401 3438 1473 XLVII].

2192 1497 2468 1566 Quomodo
2496 1497 2829 1555 admonendi
2863 1500 2959 1571 qui
2997 1500 3192 1573 jurgia
3246 1501 3460 1568 serunt,
3506 1501 3560 1555 el
3595 1497 3833 1570 paciﬁci.

2261 1626 2592 1698 (Admonitio
2610 1628 2726 1699 24.)
2746 1627 3289 1685 Aliteradmonendi
3313 1631 3449 1684 sunt
3471 1628 3830 1684 seminantes

2178 1715 2396 1786 jurgia,
2415 1726 2588 1789 atque
2602 1719 2770 1773 aliter
2785 1717 3025 1790 pacifici.
3043 1718 3405 1774 Admonendi
3427 1721 3830 1789 nsmquesunt

438 1808 833 1879 peccatoribus
866 1827 1121 1882 parcere,
1162 1812 1276 1868 Deo
1312 1829 1521 1870 manus
1554 1814 1709 1870 dicta
1756 1820 1846 1870 est
1876 1830 2066 1871 conse-

2189 1804 2288 1875 qui
2306 1807 2343 1860 7
2356 1808 2397 1861 l
2417 1808 2615 1878 jurgia
2631 1808 2946 1872 seminant,
2963 1807 3211 1877 utcujus
3230 1808 3345 1863 sint
3363 1823 3639 1879 sequaces
3656 1821 3831 1878 agno-

440 1911 637 1953 crasse
657 1898 879 1970 (Exod,
914 1916 1088 1969 xxxii,
1134 1901 1225 1972 27,
1280 1913 1437 1974 seq.).
1471 1901 1618 1958 Hinc
1675 1902 1921 1960 Phinees
1952 1920 2081 1976 pec-

439 1986 699 2042 cantium
714 1990 925 2044 civium
943 1990 1190 2061 gratiam
1211 2007 1515 2062 spernens,
1532 1998 1805 2049 coeuntes
1821 2008 1953 2049 cum
1971 1994 2084 2050 Ma-

442 2076 684 2134 dianitis
709 2079 979 2150 perculit,
1029 2084 1087 2136 et
1134 2080 1282 2137 iram
1334 2080 1563 2137 Domini
1614 2080 1799 2138 iratus
1834 2083 2083 2154 placavit

445 2165 628 2235 (Num.
659 2169 879 2240 xxv,9).
902 2169 1044 2225 Hinc
1066 2184 1167 2241 per
1186 2171 1553 2243 semetipsum
1571 2173 1793 2228 Veritas
1814 2172 1892 2245 (a)
1910 2172 2078 2230 dicit:

441 2255 618 2313 Nolite
628 2257 915 2326 arbitrari,
931 2260 1069 2331 quia
1080 2263 1318 2317 venerim
1328 2278 1519 2334 pacem
1533 2264 1752 2318 mittere
1770 2263 1829 2318 in
1843 2268 2075 2322 terram.

431 2345 551 2401 Non
584 2349 713 2404 veni
734 2365 930 2420 pacem
951 2352 1186 2419 mittere,
1220 2355 1317 2407 sed
1335 2351 1590 2423 gladium
1610 2353 1839 2423 (Matth.
1871 2369 1927 2421 x,
1960 2354 2073 2422 34).

430 2434 719 2493 Malorum
752 2454 1007 2509 namque
1030 2456 1160 2495 cum
1186 2440 1417 2497 incaute
1442 2441 1720 2498 amicitiis
1743 2441 2073 2514 jungimur,

421 2524 613 2597 culpis
638 2524 908 2598 ligamur.
946 2528 1103 2585 Unde
1130 2529 1437 2600 Josapbat,
1469 2530 1565 2601 qui
1601 2535 1680 2586 tot
1711 2531 1779 2587 de
1811 2536 2076 2588 anteacta

422 2616 542 2672 vita
572 2616 879 2688 praeconiis
918 2618 1229 2688 attollitur,
1265 2621 1335 2675 de
1363 2620 1560 2676 Achab
1601 2622 1755 2693 regis
1800 2622 2071 2678 amicitiis

421 2722 567 2777 pene
589 2706 884 2779 periturus
900 2708 1251 2782 increpatur.
1276 2709 1427 2765 Cuia
1442 2709 1689 2767 Domino
1715 2728 1815 2782 per
1829 2710 2072 2784 prephe-

426 2802 542 2851 tam
571 2794 783 2852 dicitur
806 2814 831 2852 :»
853 2799 1027 2869 Impia
1053 2798 1259 2869 praebes
1287 2801 1591 2865 auxilium,
1618 2803 1667 2856 et
1698 2798 1786 2855 his
1812 2802 1914 2873 qui
1940 2800 2067 2857 ode-

422 2887 555 2939 runt
576 2885 887 2954 Dominum,
906 2888 1156 2943 amicitia
1174 2888 1419 2961 iungeris
1444 2892 1527 2960 ;et
1548 2890 1750 2945 idcirco
1766 2892 1908 2945 iram
1938 2892 2065 2961 qui-

415 2974 536 3030 dem
558 2975 784 3032 Domini
812 2976 1130 3045 merebaris,
1164 2979 1261 3034 sed
1300 2978 1441 3035 bona
1483 2996 1651 3050 opera
1682 2978 1909 3035 inventa
1936 2986 2067 3036 sunt

420 3055 485 3119 in
518 3072 583 3126 te.
617 3080 677 3120 eo
703 3064 844 3137 quod
872 3066 1164 3124 abstuleris
1196 3068 1346 3124 lucos
1374 3073 1440 3125 de
1467 3073 1617 3125 terra
1651 3069 1791 3125 ludo
1821 3069 1901 3141 (II
1927 3071 2059 3126 Par.

2189 1901 2375 1952 scant.
2400 1896 2480 1953 De
2503 1902 2768 1969 apostata
2785 1898 3002 1969 quippe
3023 1897 3230 1970 angelo
3253 1900 3535 1971 scriptum
3559 1902 3668 1965 est,
3690 1913 3825 1953 cum

2185 1983 2350 2039 bonae
2367 1987 2539 2041 messi
2553 1986 2634 2055 (ὁ)
2648 1987 2862 2042 inserta
2880 1986 3088 2043 fuisset
3108 1987 3330 2043 zizania
3350 2003 3363 2042 :
3389 1987 3649 2043 Inimicus
3666 1987 3827 2044 homo

2184 2073 2285 2129 hoc
2308 2076 2435 2145 fecit
2458 2075 2664 2145 (Matth.
2696 2092 2817 2141 xm,
2850 2076 2962 2147 28).
3008 2076 3088 2132 De
3135 2078 3309 2147 cuius
3339 2078 3518 2133 etiam
3561 2077 3825 2132 membro

2184 2178 2286 2234 per
2302 2163 2674 2220 Salomonem
2702 2165 2916 2221 dicitur
2937 2181 2950 2219 :
2970 2167 3145 2220 Homo
3165 2171 3443 2237 apostolo,
3474 2168 3561 2221 vir
3577 2165 3826 2232 inutilis,

2180 2252 2437 2323 graditur
2456 2269 2547 2309 ore
2565 2268 2839 2325 perverso,
2861 2255 3065 2310 annuit
3091 2253 3285 2323 oculis,
3308 2257 3437 2311 terit
3453 2256 3591 2326 pede
3605 2270 3629 2317 ;
3647 2255 3826 2327 digito

2184 2342 2447 2413 loquitur,
2461 2358 2633 2419 pravo
2652 2346 2820 2399 corde
2832 2343 3181 2399 machinatur
3200 2345 3435 2413 malum,
3458 2353 3508 2401 et
3523 2347 3676 2401 omni
3694 2348 3825 2400 tem-

2178 2446 2308 2503 pore
2326 2431 2522 2503 jurgia
2551 2434 2789 2489 seminat
2817 2434 3005 2505 (Prov.
3028 2448 3109 2499 νι,
3143 2433 3256 2505 l2).
3289 2434 3434 2490 Ecce
3456 2450 3629 2505 quem
3653 2434 3822 2490 semi-

2178 2529 2414 2579 nantem
2431 2524 2634 2596 jurgia
2651 2526 2843 2582 dicere
2864 2526 3070 2592 voluit,
3099 2527 3260 2598 prius
3292 2531 3616 2598 apostatam
3640 2525 3823 2582 nomi-

2178 2612 2335 2667 navit
2354 2628 2366 2667 :
2384 2614 2521 2685 quia
2540 2614 2649 2670 nisi
2665 2629 2825 2670 more
2847 2616 3238 2686 superbientis
3254 2615 3441 2687 angeli
3457 2624 3815 2688 aconspeotu

2174 2701 2507 2759 Conditoris
2548 2704 2714 2775 prius
2764 2703 2927 2760 intus
2984 2704 3281 2762 aversione
3313 2706 3526 2762 mentis
3567 2706 3816 2775 cederet,

2173 2791 2326 2847 foras
2360 2792 2732 2864 postmodum
2765 2808 2949 2864 usque
2979 2796 3050 2849 ad
3082 2795 3430 2850 seminando
3469 2795 3667 2866 jurgia
3697 2810 3812 2851 non

2170 2880 2411 2935 veniret.
2445 2880 2553 2945 Qui
2587 2890 2736 2937 recte
2766 2883 3119 2939 describitur
3149 2884 3303 2956 quod
3356 2885 3565 2940 annuit
3602 2884 3807 2955 oculis,

2169 2968 2351 3041 digito
2382 2969 2664 3041 loquitur,
2702 2971 2839 3028 terit
2876 2973 3040 3043 pede.
3066 2973 3311 3030 Interior
3332 2989 3583 3044 namque
3605 2981 3689 3029 est
3712 2990 3809 3030 cu-

2168 3059 2377 3126 stodia,
2393 3060 2456 3129 (c)
2484 3076 2607 3130 quaa
2630 3059 2899 3117 ordinata
2920 3066 3113 3118 servat
3126 3062 3684 3137 exteriusmembrs.
3704 3061 3814 3128 Qui

409 3168 528 3217 XIX.
557 3153 672 3223 24).
697 3154 783 3211 Ab
808 3154 905 3212 illo
922 3155 1078 3212 enim
1103 3157 1202 3229 qui
1236 3174 1472 3214 summe
1496 3165 1685 3215 rectus
1704 3164 1816 3225 est,
1839 3175 1905 3215 eo
1929 3160 2055 3231 ipso
2085 3202 2131 3272 α
2167 3164 2305 3221 ergo
2337 3153 2556 3205 statum
2582 3151 2795 3206 mentis
2819 3152 3090 3224 perdidit,
3124 3156 3547 3225 subsequenter
3567 3154 3721 3272 fore:
3748 3153 3808 3272 Iin

412 3240 526 3272 ξοην.
545 3241 833 3272 Αεαη-ηηηι
883 3260 994 3272 κη..
1013 3260 1411 3272 ---..,.-,.,........
1439 3246 1705 3272 -._.:-:.::-
1725 3247 1832 3272 ηε.-
1855 3255 2049 3272 ---ι--
2166 3236 2616 3272 {pannucea-annm
2638 3240 2908 3272 mni:nn:a
2938 3241 3066 3272 nuto
3109 3243 3558 3272 .s-..-..-s--:..-:
3583 3259 3675 3272 ...Α
3724 3243 3736 3272 :
3769 3241 3808 3272 t,

404 3240 527 3311 jam
544 3241 856 3315 discrepat,
882 3260 997 3316 quo
1012 3260 1414 3316 ρθιινθιεοι-υω
1437 3246 1707 3304 amicitiis
1725 3247 1838 3303 vim
1855 3255 2055 3305 nostra
2085 3236 2129 3272 υ
2166 3236 2619 3294 inconstantiam
2638 3240 2910 3296 motionis
2938 3241 3088 3311 ﬂuit,
3106 3243 3558 3314 atqueexteriuri
3583 3241 3812 3299 mobili-

412 3331 746 3388 concordat.
778 3332 1144 3391 Admonendi
1168 3340 1309 3392 sunt
1331 3336 1542 3409 pacati,
1573 3352 1645 3392 ne
1667 3337 1715 3393 si
1749 3336 1823 3394 ad
1861 3354 2055 3394 corre-

411 3420 629 3493 ptionis
652 3422 826 3479 verba
846 3424 1175 3496 prosiliant,
1194 3426 1559 3498 temporalem
1581 3442 1781 3499 pacem
1806 3428 1916 3483 sibi
1932 3445 2051 3499 per

410 3511 643 3567 turbare
664 3511 999 3569 formident.
1026 3514 1399 3586 Rursumque
1421 3515 1772 3571 admonendi
1796 3524 1957 3587 sunt,
1990 3521 2055 3572 ut

406 3600 645 3654 eamdem
658 3615 854 3669 pacem
870 3601 1179 3659 dilectione
1193 3603 1783 3675 integraintrinsecus
1796 3609 2052 3673 teneant,

412 3702 585 3758 quam
603 3703 706 3760 per
720 3688 1103 3746 invectionem
1118 3694 1276 3747 vocis
1290 3690 1403 3747 sibi
1417 3692 1777 3749 extrinsecus
1791 3696 2049 3751 turbant.

413 3774 575 3841 Quod
601 3780 917 3850 utrumque
934 3777 1169 3848 provide
1191 3795 1251 3835 se
1274 3778 1452 3836 David
1478 3797 1740 3837 servasse
1761 3782 2054 3854 perhibet,

412 3880 548 3923 cum
582 3865 727 3923 dicit
756 3883 770 3924 :
797 3869 931 3923 Cum
964 3867 1050 3924 his
1082 3871 1185 3941 qui
1212 3870 1447 3927 oderunt
1476 3888 1685 3943 pacem,
1718 3888 1871 3928 eram
1897 3873 2051 3946 paci-

417 3954 455 4026 ﬁ
489 3971 571 4024 us,
589 3970 711 4012 cum
729 3956 991 4028 loquebar
1006 3958 1145 4025 illis,
1169 3961 1566 4033 impugnabant
1588 3978 1673 4018 me
1683 3964 1858 4033 gratis
1880 3964 2052 4035 (Psal.

417 4060 567 4111 cxix,
597 4046 675 4116 7).
708 4050 855 4102 Ecce
880 4050 937 4102 et
966 4046 1208 4120 loquens
1240 4050 1732 4123 impugnabatur;
1770 4057 1826 4108 et
1856 4058 2053 4109 tamen

414 4132 823 4206 impugnatus,
838 4140 961 4192 erat
975 4138 1277 4208 paciﬁcus,
1295 4140 1433 4212 quia
1450 4143 1924 4198 necinsanientes
1941 4159 2056 4199 ces-

411 4226 580 4281 sabat
625 4226 1074 4297 reprehendere,
1132 4247 1238 4288 nec
1292 4233 1678 4305 reprehensos
1722 4235 2053 4308 negligebat

409 4330 629 4372 amare.
657 4316 798 4373 Hinc
820 4316 996 4374 etiam
1023 4318 1237 4375 Paulus
1250 4321 1329 4377 ait
1354 4337 1368 4377 :
1395 4321 1459 4377 Si
1476 4322 1603 4393 fieri
1615 4329 1810 4395 potest,
1830 4325 1970 4396 quod
1986 4342 2057 4381 ea:

407 4404 558 4460 vobis
587 4409 685 4477 est,
718 4422 839 4461 cum
870 4408 1132 4464 omnibus
1187 4408 1503 4466 hominibus
1545 4428 1738 4482 pacem
1795 4413 2056 4471 habentes

409 4493 582 4566 (Rom.
610 4510 713 4564 xu,
732 4496 837 4568 18).
873 4501 1220 4555 Hortaturns
1240 4499 1397 4555 enim
1429 4500 1747 4574 discipulos
1768 4507 1831 4558 ut
1853 4520 2052 4576 pacem

2162 3330 2279 3383 tate
2309 3327 2554 3397 indicat,
2589 3330 2744 3400 quod
2779 3329 2943 3386 nulla
2971 3330 3218 3388 interius
3270 3332 3460 3389 radice
3499 3332 3805 3389 subsistat.

2160 3416 2765 3490 Audiantjurgiorum
2792 3420 3175 3478 seminatores
3199 3423 3353 3493 quod
3376 3423 3660 3493 scriptum
3685 3430 3803 3477 est:

2162 3506 2323 3561 Beati
2347 3506 2591 3577 paciﬁci,
2614 3510 2875 3579 quoniam
2902 3511 3014 3581 ﬁlii
3037 3512 3137 3568 Dei
3158 3513 3493 3568 vocabuntur
3519 3511 3727 3585 (Matth.
3747 3528 3800 3579 v,

2162 3594 2238 3664 9).
2267 3596 2454 3666 Atque
2476 3612 2505 3651 e
2534 3597 2759 3653 diverso
2781 3598 3079 3673 colligant,
3112 3603 3305 3673 quissi
3339 3601 3441 3657 filii
3464 3601 3561 3657 Dei
3585 3618 3798 3658 vocan-

2164 3687 2256 3739 tur
2287 3683 2384 3754 qui
2408 3701 2599 3754 pacem
2622 3686 2862 3752 faciunt,
2886 3689 3268 3760 proculdubio
3289 3690 3516 3746 Satanae
3538 3698 3671 3746 sunt
3695 3690 3800 3746 lilii

2161 3772 2261 3844 qui
2291 3776 2681 3832 confundunt.
2715 3777 2934 3834 Omnes
2963 3784 3157 3835 autem
3192 3781 3289 3853 qui
3324 3798 3427 3853 per
3457 3781 3807 3837 discordiam

2162 3875 2504 3938 separantur
2523 3885 2557 3924 a
2587 3869 2878 3927 viriditate
2900 3871 3249 3936 dilectionis,
3283 3872 3553 3930 arefiunt.
3577 3873 3683 3939 Qui
3702 3872 3810 3928 etsi

2161 3958 2301 4013 boni
2333 3958 2527 4031 operis
2558 3960 2784 4018 fructus
2836 3962 2895 4018 in
2928 3961 3049 4019 suis
3100 3963 3429 4021 actionibus
3484 3968 3805 4037 proferunt,

2164 4049 2419 4118 profectu
2442 4050 2588 4106 nulli
2610 4054 2767 4117 sunt,
2791 4054 2929 4124 quia
2951 4070 3065 4109 non
3088 4053 3167 4126 (ά)
3192 4069 3260 4109 ex
3285 4054 3499 4110 unitate
3516 4053 3811 4111 charitalis

2164 4136 2454 4193 oriuntur.
2489 4138 2633 4195 Hinc
2663 4155 2800 4207 ergo
2833 4143 3195 4213 pcrpendant
3224 4143 3810 4216 seminantesjurgia,

2165 4242 2340 4299 quam
2374 4227 2782 4300 multipliciter
2810 4240 3047 4302 peccant
3079 4247 3093 4289 :
3120 4231 3219 4304 qui
3239 4234 3377 4289 dum
3407 4250 3580 4289 unam
3609 4233 3809 4304 nequi-

2163 4314 2302 4372 tiam
2324 4323 2676 4389 perpetrant,
2700 4320 2772 4375 ab
2794 4319 3069 4377 humanis
3086 4321 3356 4378 cordibus
3377 4328 3614 4379 cunctas
3630 4321 3805 4379 simul

2164 4403 2412 4461 virtutes
2435 4409 2743 4464 eradicant.
2772 4409 2836 4464 In
2864 4426 2978 4466 uno
3000 4413 3154 4468 enim
3181 4412 3335 4468 malo
3361 4414 3665 4470 innumera
3686 4428 3813 4485 per-

2167 4499 2365 4565 agunt,
2390 4495 2523 4566 quia
2543 4497 2885 4556 seminando
2912 4500 3286 4569 discordiam,
3313 4502 3655 4559 charitatem
3679 4518 3812 4574 quae

406 4598 543 4640 cum
573 4584 855 4642 omnibus
888 4587 1186 4659 haberent,
1220 4588 1524 4662 praemisit,
1550 4590 1752 4647 dicens
1784 4609 1798 4649 ε
1841 4591 1905 4648 si
1931 4590 2057 4663 ﬁeri
2088 4580 2131 4646 Ι)
2165 4584 2437 4641 nimirum
2456 4585 2734 4645 virtutum
2758 4590 3024 4646 omnium
3049 4596 3235 4647 mater
3263 4597 3374 4661 est,
3398 4592 3799 4666 exstinguunt.

403 4680 598 4747 potest,
628 4679 804 4748 atque
834 4677 1140 4749 subjunxit
1165 4693 1180 4734 :
1206 4676 1357 4747 Quod
1385 4694 1454 4735 ea:
1486 4679 1631 4735 vobis
1659 4684 1758 4738 est.
1806 4681 2052 4738 Difﬁcile

407 4763 620 4835 quippe
640 4773 765 4822 erat
798 4769 864 4822 ut
891 4765 943 4823 ei
974 4766 1127 4822 male
1156 4771 1284 4823 acts
1314 4767 1693 4841 corriperent,
1717 4769 1928 4826 habere
1948 4787 2052 4842 pa-

405 4866 530 4908 cem
549 4867 684 4911 cum
706 4854 981 4912 omnibus
1001 4860 1261 4928 possent.
1282 4856 1389 4913 Sed
1416 4873 1548 4913 cum
1574 4858 1916 4930 temporalis
1939 4875 2050 4930 pax

406 4938 467 4996 in
481 4958 788 5013 pravorum
804 4946 1082 5005 cordibus
1098 4964 1167 5005 ex
1182 4952 1381 5005 nostra
1396 4947 1790 5020 increpatione
1816 4950 2052 5005 confun-

406 5032 588 5101 ditur,
614 5033 884 5091 inviolata
914 5053 1148 5095 necesse
1179 5042 1267 5095 est
1296 5042 1361 5094 ut
1391 5037 1447 5093 in
1490 5044 1687 5097 nostro
1718 5041 1889 5097 corde
1927 5056 2050 5097 ser-

404 5127 589 5179 vetur.
614 5122 788 5181 Recte
809 5125 1007 5197 itaque
1024 5128 1107 5183 ait
1129 5169 1143 5184 .
1167 5129 1318 5194 Quod
1333 5145 1407 5185 ea:
1420 5129 1567 5186 vobis
1579 5140 1679 5186 est.
1707 5135 1787 5186 Ac
1808 5130 1856 5186 si
1873 5130 2049 5187 nimi—

410 5228 542 5268 rum
574 5211 729 5270 dicat
759 5230 773 5270 :
806 5214 950 5279 Quia
980 5233 1091 5289 pax
1119 5232 1188 5273 ex
1213 5218 1460 5275 duarum
1490 5219 1741 5291 partium
1758 5236 2050 5276 consensu

410 5301 705 5375 subsistit,
720 5306 770 5362 si
784 5304 856 5361 ab
870 5305 951 5363 eis
963 5306 1064 5379 qui
1078 5306 2052 5383 corripiunturexpellitur,integra

480 5465 681 5547 (a)_IIic
702 5469 993 5547 restituito
1005 5487 1078 5547 us
1086 5473 1304 5527 textum
1322 5472 1560 5547 ﬂung,
1576 5490 1787 5547 magna
1807 5490 1874 5531 ex
1893 5477 2053 5547 parte

409 5542 687 5618 mutilum
718 5539 777 5598 in
810 5542 1017 5614 Editis,
1049 5544 1301 5599 duorum
1335 5539 1556 5615 Gerul,
1588 5539 1837 5618 Befvac.,
1862 5539 2048 5616 Trec.,

409 5616 555 5762 anili)
567 5629 804 5745 Ῠξΐαιιᾶ
813 5689 891 5744 .et
902 5686 1070 5747 tertio
1082 5686 1302 5747 Gemet.
1313 5686 1543 5759 ,inserta
1557 5690 1793 5766 fuissent
1804 5688 2053 5767 zizania.

2163 4673 2307 4739 Quia
2336 4680 2533 4732 autem
2558 4676 2705 4734 nihil
2728 4678 3040 4750 pretiosius
3057 4686 3148 4737 est
3167 4680 3284 4738 Deo
3305 4682 3517 4738 virtute
3549 4682 3809 4738 dilectio-

2161 4764 2271 4833 nis,
2290 4765 2370 4820 nil
2388 4770 2477 4821 est
2492 4766 2936 4826 desiderabilius
2969 4770 3198 4827 diabolo
3215 4771 3599 4828 exstinctione
3617 4771 3806 4828 chari-

2160 4853 2321 4909 tatis.
2358 4856 2635 4928 Quisquis
2663 4873 2802 4929 ergo
2833 4858 3174 4917 seminando
3197 4860 3394 4934 jurgia
3434 4861 3806 4918 dilectionem

2160 4943 2558 5014 proximorum
2592 4946 2840 5017 perimit,
2892 4948 3043 5005 hosti
3078 4950 3179 5006 Dei
3228 4951 3578 5008 familiarius
3608 4950 3805 5018 servit,

2160 5034 2299 5103 quia
2330 5050 2444 5105 qua
2475 5034 2570 5091 ille
2601 5036 2821 5094 amissa
2853 5037 3083 5106 cecidit,
3126 5039 3276 5096 hanc
3325 5040 3432 5098 iste
3486 5041 3807 5097 vulneratis

2160 5123 2435 5179 cordibus
2467 5124 2843 5195 subtrahens,
2874 5128 2958 5183 eis
2988 5126 3100 5183 iter
3128 5128 3485 5186 ascensionis
3534 5130 3805 5187 abscidit.

2232 5216 2518 5270 Atcontra
2537 5214 2887 5272 admonendi
2914 5223 3053 5274 sunt
3075 5218 3323 5289 paciﬁci,
3344 5236 3415 5276 ne
3436 5225 3610 5276 tanta:
3632 5219 3808 5275 actio-

2161 5300 2254 5359 nis
2289 5302 2515 5374 pondus
2544 5302 2814 5374 levigent,
2851 5304 2897 5360 si
2933 5303 3085 5364 inter
3126 5324 3272 5379 quos
3304 5308 3549 5365 fundare
3601 5324 3804 5381 pacem

2162 5464 2425 5545 Inl'lfrec.
2453 5469 2512 5522 et
2538 5465 2690 5545 aliis,
2720 5469 3293 5545 zz'zanitvusurpatur
3322 5471 3382 5529 in
3416 5472 3718 5545 singulari.

2233 5539 2549 5617 (e)C_arno_l.
2584 5541 2808 5617 primus
2836 5547 2894 5598 et
2922 5539 3164 5611 Theodl,
3195 5560 3315 5617 qua:
3344 5539 3558 5605 ονηαιᾶ.

2234 5608 2313 5683 (d)
2350 5608 2559 5680 Laud.,
2586 5608 2659 5668 ex
2685 5614 2890 5672 virtute
2916 5608 3197 5677 caritatis.
