4136 6178
312 327 394 385 93
1076 324 1411 388 REGULE
1452 324 1934 389 PASTORALIS
1980 323 2238 385 LIBER.
2287 355 2363 370 —-
2402 322 2604 384 PARS
2648 323 2963 385 TERTIA.
3648 330 3729 390 94

321 458 596 528 debeant,
613 459 905 531 ignorent.
926 462 1061 514 Nam
1083 457 1233 515 sicut
1253 458 1505 516 multum
1525 464 1694 517 nocet
1716 462 1763 518 si
1785 461 1977 519 unitas
2004 464 2053 530 Α
2086 457 2397 516 salubriter
2410 457 2751 514 abscindere
2763 458 3023 514 sauciata
3036 460 3383 520 debuerunt.
3399 462 3729 521 Admonen-

325 548 483 605 desit
511 548 694 613 bonis,
720 550 804 604 ita
823 549 989 605 valde
1010 556 1096 605 est
1120 550 1350 605 noxium
1376 550 1425 606 si
1458 567 1574 606 non
1603 552 1757 607 desit
1780 550 1971 607 malis.

328 639 391 694 Si
415 656 547 711 ergo
571 655 976 709 perversorum
1003 639 1263 709 nequitia
1285 640 1343 694 in
1370 656 1508 711 pace
1529 640 1821 713 jungitur,
1846 658 1975 712 pro-

328 729 473 785 iecto
503 746 701 784 eorum
726 729 901 784 malis
927 729 1151 785 aetibus
1174 731 1354 785 robur
1382 736 1667 801 augetur;
1701 731 1840 803 quia
1861 747 1973 801 quo

322 818 433 874 sibi
453 819 512 873 in
546 818 777 874 malitia
798 822 1150 890 congruunt,
1173 835 1239 875 eo
1270 835 1332 875 se
1359 819 1655 876 robustius
1687 821 1972 876 bonorum

316 906 745 964 afﬂictionibus
764 907 1025 963 illidunt.
1046 907 1190 964 Hinc
1204 923 1455 980 namque
1470 912 1558 964 est
1579 911 1726 981 quod
1742 912 1818 978 (α)
1844 925 1974 965 con-

314 1002 405 1051 tra
437 997 706 1053 damnati
733 997 891 1052 illius
913 997 1088 1065 vasis,
1110 996 1380 1054 videlicet
1395 997 1736 1054 Antichristi
1762 998 1971 1070 praedi-

312 1093 565 1155 catores,
588 1085 792 1142 divina
814 1102 948 1142 voce
970 1085 1139 1142 beato
1158 1085 1267 1143 Job
1291 1086 1502 1143 dicitur
1527 1102 1541 1143 :
1574 1088 1811 1143 Membra
1841 1104 1969 1142 car-

306 1173 472 1229 nium
511 1176 633 1246 ejus
671 1175 1012 1233 coherentia
1058 1177 1166 1231 sibi
1207 1177 1341 1246 (Job.
1385 1193 1499 1243 xu,
1543 1177 1651 1249 14).
1687 1177 1832 1233 Hine
1861 1176 1969 1233 sub

308 1278 700 1335 squamarum
734 1266 927 1337 specie
956 1266 1027 1321 de
1056 1266 1181 1335 ejus
1211 1264 1562 1322 satellitibus
1596 1266 1927 1336 perhibetur
1952 1281 1966 1323 :

316 1354 430 1409 Una
452 1356 561 1408 uni
586 1352 976 1422 conjungitur,
1000 1362 1141 1410 etne
1158 1354 1501 1426 spiraculum
1527 1356 1745 1427 quidem
1768 1355 1970 1411 incedit

307 1459 411 1515 per
437 1459 534 1499 ea:
563 1443 756 1514 (Ibid,
785 1445 845 1513 7)
875 1444 1165 1515 Sequuces
1205 1446 1423 1516 quippe
1464 1444 1620 1501 illius
1664 1462 1774 1517 quo
1807 1444 1969 1500 nulla

312 1533 461 1588 inter
492 1548 558 1587 se
589 1532 897 1587 discordiae
933 1532 1281 1589 adversitate
1303 1533 1470 1589 divisi
1504 1543 1662 1602 sunt,
1685 1551 1750 1590 eo
1781 1533 1838 1589 in
1874 1536 1969 1590 bo-

310 1638 519 1678 norum
547 1624 791 1694 gravius
823 1638 962 1678 nece
991 1623 1412 1693 glomerantur.
1440 1622 1547 1686 Qui
1572 1639 1708 1692 ergo
1732 1622 1965 1695 iniquos

311 1727 451 1783 pace
472 1711 684 1777 sociat,
710 1710 1011 1782 iniquitati
1035 1714 1185 1769 vires
1206 1711 1600 1780 administrat,
1622 1712 1757 1783 quia
1783 1713 1965 1769 bonos

315 1801 575 1856 deterius
597 1801 959 1873 deprimunt,
982 1817 1126 1873 quos
1147 1809 1201 1857 et
1231 1802 1587 1857 unanimiter
1607 1818 1966 1873 persequun-

319 1896 434 1946 tur.
472 1888 639 1946 Unde
688 1891 1028 1961 praedieator
1056 1891 1323 1962 egregius
1352 1891 1511 1963 gravi
1544 1890 1961 1946 Phariszeorum

318 1979 889 2051 Sadducaaorumquc
929 1978 1326 2051 persecutione
1363 1978 1781 2052 deprehensus,
1814 1981 1966 2034 inter

310 2069 663 2141 semetipsos
684 2069 941 2125 dividere
971 2070 1216 2137 studuit,
1242 2085 1389 2140 quos
1412 2076 1611 2125 contra
1634 2086 1695 2125 se
1716 2068 1967 2141 graviter

306 2160 509 2214 unitos
534 2158 705 2227 vidit,
739 2172 872 2215 cum
898 2156 1189 2223 clamavit,
1209 2157 1410 2214 dicens
1435 2175 1449 2214 :
1480 2159 1593 2215 Viri
1610 2159 1839 2229 fratres,
1862 2174 1964 2230 ego

304 2247 630 2303 Pharisaeus
660 2264 804 2313 sum,
835 2248 986 2319 filius
1015 2248 1452 2316 Pharisaeorum,
1478 2248 1543 2305 de
1570 2264 1663 2320 ape
1692 2252 1743 2305 et
1773 2263 1965 2305 resur-

306 2339 552 2391 rectione
584 2343 931 2392 mortuorum
967 2351 1065 2408 ego
1082 2336 1305 2409 judz'cor
1329 2337 1459 2407 (Act.
1493 2354 1652 2392 χχιιι.
1685 2337 1762 2405 6).
1792 2342 1964 2393 Dum-

307 2442 424 2497 que
442 2425 754 2482 Sadducaei
778 2442 943 2499 spem
964 2427 1568 2498 resurrectionemque
1596 2427 1691 2483 72
1715 2431 1967 2483 mortuo-

300 2532 433 2571 rum
484 2531 621 2572 esse
670 2514 1050 2586 denegarent,
1093 2531 1271 2587 quam
1316 2514 1587 2572 Pharisaei
1618 2516 1790 2587 juxta
1818 2516 1966 2573 sacri

308 2606 531 2678 eloquii
578 2615 863 2680 praecepta
907 2606 1229 2674 crederent,
1263 2606 1410 2662 facta
1440 2606 1497 2661 in
1531 2612 1963 2678 persecutorem

310 2696 713 2752 unanimitate
742 2695 1033 2752 dissensio
1065 2700 1173 2765 est,
1207 2698 1263 2751 et
1301 2695 1489 2752 divisa
1531 2696 1701 2752 turba
1751 2694 1965 2753 illaesus

306 2784 521 2841 Paulus
547 2784 746 2852 exivit,
764 2801 890 2857 quae
909 2784 1065 2840 hunc
1088 2786 1254 2840 unita
1276 2784 1436 2855 prius
1459 2783 1790 2841 immaniter
1811 2800 1965 2856 pres-

310 2878 406 2932 sit.
422 2874 805 2932 Admonendi
820 2876 1016 2948 itaque
1029 2877 1278 2948 suntqui
1293 2876 1565 2932 faciendis
1582 2876 1741 2949 pacis
1755 2875 1966 2933 studiis

303 2974 701 3039 occupantur,
735 2971 799 3021 ut
829 2982 1136 3038 pravorum
1177 2966 1470 3022 mentibus
1511 2966 1670 3038 prius
1709 2982 1964 3022 amorem

301 3055 564 3111 debeant
587 3055 827 3111 interna:
852 3054 1011 3128 pacis
1032 3055 1359 3123 infundere,
1386 3060 1671 3128 quatenus
1694 3056 1777 3111 eis
1805 3058 1964 3127 post-

305 3148 551 3203 modum
570 3147 762 3202 valeat
784 3146 1032 3202 exterior
1052 3163 1158 3219 pax
1182 3146 1488 3219 prodesse;
1513 3151 1579 3202 ut
1600 3147 1739 3201 dum
1764 3162 1961 3203 eorum

2083 550 2142 605 di
2165 554 2325 617 sunt,
2350 552 2412 604 ut
2433 548 2793 619 perpendant
2815 564 2929 619 quo
2956 548 3258 622 Scriptura
3279 566 3444 608 sacra
3476 554 3533 607 in
3555 558 3724 611 nocte

2082 639 2209 695 vita:
2243 638 2548 710 praesentis
2579 636 2745 707 quasi
2779 637 3046 707 quaedam
3083 640 3249 696 nobis
3271 640 3729 715 lucernasitpo-

2083 729 2215 797 sita,
2230 730 2401 799 cujus
2416 727 2693 783 nimirum
2716 728 3039 783 verbadum
3058 745 3172 784 non
3193 737 3345 786 recte
3365 732 3720 805 intelligunt,

2082 819 2152 875 de
2166 819 2385 873 lumine
2398 817 2824 873 tenebrescunt.
2842 818 2996 882 Quos
3012 817 3353 875 videlicetad
3371 820 3726 879 intellectum

2081 924 2323 981 pravum
2367 906 2613 962 intentio
2658 920 2924 977 perversa
2965 922 3081 962 non
3127 914 3372 980 raperet,
3413 911 3523 967 nisi
3564 911 3725 983 prius

2080 995 2353 1067 superbia
2375 994 2624 1050 inflaret.
2655 995 2796 1049 Dum
2820 993 2976 1050 enim
3008 1011 3069 1051 se
3094 1013 3211 1068 pra:
3240 999 3458 1054 caeteris
3489 1000 3721 1070 sapien-

2078 1089 2165 1141 tes
2195 1085 2571 1149 arbitrantur,
2602 1082 2770 1155 sequi
2801 1082 2947 1139 alios
2970 1084 3042 1139 ad
3066 1084 3274 1141 melius
3297 1086 3590 1145 intellecta
3620 1089 3723 1145 de-

2079 1174 2366 1246 spiciunt;
2398 1180 2571 1245 atque
2602 1180 2661 1227 ut
2692 1172 2842 1243 apud
2874 1172 3189 1245 imperium
3221 1174 3435 1248 vulgus
3466 1179 3724 1233 scientiis

2078 1264 2189 1320 sibi
2225 1280 2436 1319 nomen
2468 1266 2868 1333 extorqueant,
2902 1264 3144 1319 student
3172 1280 3542 1337 summopere
3571 1272 3628 1323 et
3649 1267 3723 1324 ab

2078 1353 2209 1409 aliis
2236 1358 2388 1407 recte
2410 1350 2701 1407 intellecta
2722 1350 3044 1415 destruere,
3067 1359 3121 1407 et
3143 1368 3248 1407 sua
3272 1368 3545 1425 perversa
3565 1356 3727 1413 roboé

2077 1458 2224 1497 rare.
2256 1439 2419 1497 Unde
2450 1441 2595 1496 bene
2629 1456 2724 1510 per
2765 1440 3101 1512 prophetam
3134 1441 3385 1499 dicitur:
3417 1444 3726 1502 Secuerunt

2073 1540 2425 1603 praegnantes
2456 1529 2663 1585 Galaad
2705 1529 2775 1585 ad
2815 1529 3173 1585 dilatandam
3209 1533 3517 1589 terminum
3558 1551 3721 1591 suum

2075 1622 2259 1692 (Amos
2283 1639 2322 1691 1,
2356 1622 2466 1693 13).
2501 1620 2716 1677 Galaad
2753 1637 3005 1693 namque
3028 1637 3265 1679 acervus
3296 1624 3611 1681 testimonii
3634 1627 3722 1683 in-

2072 1716 2444 1783 terpretatur.
2466 1715 2535 1767 Et
2558 1712 2693 1781 quia
2712 1717 2924 1767 cuneta
2945 1711 3123 1767 simul
3141 1715 3513 1786 congregatio
3531 1716 3721 1773 Eccle-

2075 1802 2171 1857 siae
2195 1818 2296 1872 per
2316 1800 2742 1857 confessionem
2761 1801 2937 1856 servit
2957 1801 3292 1859 testimonio
3311 1803 3583 1871 veritatis,
3602 1820 3721 1863 non

2074 1891 2394 1962 incongrue
2420 1907 2519 1961 per
2550 1889 2765 1945 Galaad
2794 1890 3047 1947 Ecclesia
3077 1892 3439 1964 exprimitur,
3461 1894 3589 1965 quo!
3620 1908 3720 1953 ore

2074 1987 2418 2034 cunctorum
2445 1978 2724 2048 fidelium,
2740 1978 2810 2035 de
2832 1979 2947 2035 Deo
2969 1996 3213 2053 quisque
3234 1998 3367 2039 vera
3388 1988 3525 2039 sunt
3546 1988 3719 2040 testa-

2072 2072 2189 2125 tur.
2216 2070 2589 2141 Prssgnantes
2611 2076 2801 2125 autem
2822 2076 3106 2127 vocantur
3130 2071 3356 2142 animae,
3391 2090 3522 2145 qua
3543 2072 3714 2129 intel-

2072 2157 2287 2215 lectum
2331 2158 2490 2215 verbi
2534 2175 2603 2214 ex
2649 2158 2845 2215 divino
2894 2175 3087 2216 amore
3125 2163 3485 2231 concipiunt,
3529 2162 3580 2218 si
3639 2164 3712 2217 ad

2072 2247 2389 2318 perfectum
2408 2253 2640 2319 tempus
2659 2247 3264 2320 veniant,eonceptam
3280 2250 3724 2319 intelligentiam

2083 2339 2273 2409 operis
2305 2338 2636 2395 ostensiOne
2668 2338 2957 2411 pariturae.
2990 2339 3328 2396 Terminum
3370 2357 3505 2397 vero
3547 2355 3724 2397 suum

2081 2426 2347 2494 dilatare,
2366 2436 2453 2484 est
2472 2427 2766 2500 opinionis
2789 2445 2905 2484 sua:
2930 2444 3137 2486 nomen
3160 2429 3483 2486 extendere.
3513 2429 3723 2485 Secue-

2075 2521 2215 2573 runt
2244 2532 2378 2590 ergo
2412 2521 2780 2590 praegnantes
2804 2517 3012 2573 Galaad
3042 2518 3114 2574 ad
3138 2517 3506 2575 dilatandam
3530 2518 3726 2575 termi-

2080 2623 2220 2663 num
2243 2622 2409 2663 suum
2435 2624 2448 2675 ;
2473 2606 2611 2677 quia
2631 2607 2909 2662 nimirum
2933 2608 3185 2664 haeretici
3211 2614 3435 2665 mentes
3457 2609 3719 2665 fidelium

2077 2715 2201 2772 qua
2224 2698 2349 2770 jam
2382 2697 2602 2769 aliquid
2636 2699 2705 2754 de
2738 2697 2991 2754 veritatis
3015 2698 3314 2755 intellectu
3339 2703 3729 2771 conceperant

2075 2804 2344 2862 perversa
2392 2787 2800 2859 praedicatione
2850 2788 3163 2859 perimunt,
3207 2793 3265 2845 et
3308 2789 3562 2844 scientiae
3611 2787 3724 2843 sibi

2073 2895 2287 2935 nomen
2319 2879 2653 2934 extendunt.
2687 2876 3073 2933 Parvulorum
3108 2879 3286 2935 corda
3306 2878 3433 2949 jam
3465 2879 3537 2935 de
3569 2878 3725 2934 verbi

2074 2968 2455 3039 conceptione
2485 2966 2743 3038 gravida,
2773 2967 2871 3023 78
2893 2966 3106 3023 erroris
3133 2966 3326 3039 gladio
3348 2967 3649 3033 scindunt,
3670 2970 3728 3023 et

2076 3056 2244 3129 quasi
2266 3056 2537 3112 doctrinae
2562 3056 2673 3112 sibi
2696 3056 3029 3127 opinionem
3053 3057 3293 3113 faciunt.
3309 3056 3424 3113 Hos
3443 3072 3575 3126 ergo
3594 3070 3723 3112 cum

2076 3145 2644 3202 eonam‘urinstruere
2656 3160 2727 3199 ne
2742 3160 3008 3216 perversa
3022 3145 3299 3212 sentiant,
3315 3144 3728 3201 admoneamus

306 3218 1962 3310 corinillius(b)cognitionesuspenditur,uequaquamad
1994 3218 2039 3287 C
2081 3235 2245 3308 prius
2274 3249 2513 3289 necesse
2542 3238 2648 3303 est,
2682 3248 2754 3288 ne
2783 3233 3017 3290 inanem
3057 3233 3303 3305 gloriam
3346 3239 3630 3305 quaerant.
3662 3232 3723 3289 Si

310 3325 644 3397 nequitiam
678 3342 749 3381 ex
776 3325 954 3396 hujus
977 3325 1346 3398 perceptione
1378 3324 1678 3398 rapiatur;
1711 3327 1968 3397 dumque

306 3418 375 3489 (ε)
391 3433 708 3489 supernam
724 3416 1046 3489 provident,
1061 3416 1511 3473 terrenamnullo
1528 3415 1699 3472 modo
1716 3416 1785 3471 ad
1804 3431 1971 3473 usum

314 3523 435 3563 sua
478 3505 950 3563 deteriorationis
996 3504 1304 3562 inclinent.
1344 3506 1488 3563 Cum
1537 3522 1670 3562 vero
1711 3504 1970 3577 perversi

310 3596 532 3668 quique
557 3594 704 3650 tales
726 3599 883 3663 sunt,
908 3597 971 3649 ut
992 3610 1197 3651 nocere
1218 3592 1385 3650 bonis
1409 3597 1723 3665 nequeant,
1742 3592 1970 3650 etiamsi

311 3690 760 3762 concupiscent,
788 3688 934 3744 inter
966 3688 1069 3745 bos
1100 3688 1378 3745 nimirum
1411 3688 1582 3745 debet
1607 3693 1836 3746 terrena
1859 3706 1971 3762 pax

310 3779 581 3836 construi
615 3783 674 3834 et
706 3778 1046 3851 priusquam
1069 3778 1139 3834 ab
1162 3778 1246 3835 eis
1271 3776 1459 3834 valeat
1480 3794 1733 3850 sUperna
1762 3796 1969 3851 cogno-

307 3869 392 3925 sci
417 3887 435 3935 ;
465 3874 535 3924 ut
558 3867 617 3924 bi
644 3868 867 3924 scilicet
894 3885 1042 3940 quos
1064 3874 1269 3924 contra
1289 3868 1660 3924 dilectionem
1688 3867 1782 3924 Dei
1804 3868 1968 3924 mali-

306 3958 387 4013 tia
441 3974 565 4014 suae
611 3957 933 4030 impietatis
978 3961 1301 4031 exasperat,
1349 3958 1554 4014 saltem
1603 3975 1671 4014 ex
1721 3958 1972 4031 proximi

306 4063 509 4103 amore
544 4051 1003 4117 mansuescent;
1036 4051 1092 4103 et
1130 4047 1299 4120 quasi
1335 4062 1367 4103 e
1404 4047 1596 4103 vicino
1636 4048 1705 4103 ad
1757 4048 1968 4105 melius

307 4141 639 4207 transeant,
678 4140 745 4193 ut
775 4135 846 4192 ad
879 4134 1039 4193 illam
1073 4153 1203 4209 quae
1231 4154 1265 4193 a
1302 4152 1365 4194 se
1397 4136 1567 4211 longe
1612 4144 1715 4209 est,
1765 4154 1966 4210 pacem

308 4224 651 4284 Conditoris
682 4228 1023 4283 ascendant.

688 4370 929 4428 CAPUT
967 4369 1143 4427 XXIV
1184 4371 1294 4441 [ΑΙ.
1326 4372 1590 4443 XLVIII].

315 4480 593 4551 Quomodo
652 4481 984 4538 admonendi
1030 4485 1193 4537 rudes
1249 4483 1310 4537 in
1373 4481 1624 4539 doctrina
1674 4496 1857 4552 sacra,
1916 4490 1969 4540 et

779 4555 945 4622 docti,
974 4553 1067 4610 sed
1096 4571 1209 4609 non
1242 4554 1497 4611 humiles.

381 4678 853 4751 (Admonitio‘25.)
867 4678 945 4752 (ά)
962 4678 1144 4735 Aliter
1157 4678 1504 4735 admonendi
1520 4679 1770 4753 suntqui
1788 4696 1961 4737 sacrm

312 4766 460 4839 legis
492 4767 671 4824 verba
701 4784 815 4825 non
848 4772 999 4824 recte
1042 4766 1419 4840 intelligunt;
1458 4771 1632 4840 atque
1660 4770 1827 4825 aliter
1862 4768 1965 4842 qui

311 4863 467 4914 recte
500 4857 744 4929 quidem
788 4855 1143 4929 intelligunt,
1190 4858 1290 4913 sed
1332 4856 1455 4914 haec
1494 4857 1800 4914 humiliter
1846 4875 1961 4915 non

309 4946 662 5019 loquuntur.
697 4944 1065 5002 Admonendi
1096 4945 1251 5002 enim
1285 4950 1424 5003 sunt
1468 4947 1567 5019 qui
1598 4963 1775 5003 sacra;
1810 4946 1956 5020 legis

304 5035 488 5093 verba
529 5052 646 5092 non
693 5039 845 5092 recte
889 5033 1251 5107 intelligunt,
1293 5039 1356 5092 ut
1399 5036 1782 5108 perpendant,
1827 5036 1962 5108 quia

303 5126 772 5182 saluberrimum
804 5123 921 5181 vini
952 5128 1151 5197 potum
1185 5126 1243 5181 in
1293 5124 1496 5181 veneni
1536 5124 1647 5181 sibi
1690 5124 1962 5197 poculum

303 5221 653 5277 vertunt.ae
675 5231 777 5288 per
798 5213 1143 5270 medicinale
1163 5215 1376 5270 ferrum
1397 5213 1634 5270 vulnere
1657 5215 1884 5270 mortali
1900 5229 1963 5271 ss

308 5304 554 5375 feriunt,
580 5306 720 5361 dum
752 5320 853 5377 per
876 5304 986 5359 hoc
1018 5303 1078 5359 in
1110 5319 1173 5361 se
1194 5320 1337 5360 sana
1359 5304 1673 5377 perimunt,
1698 5320 1798 5375 per
1812 5304 1961 5376 quod

383 5448 465 5519 ta)
487 5446 655 5504 Gilot.
675 5451 728 5505 et
752 5446 851 5503 alii
874 5450 1115 5516 recent.,
1135 5451 1328 5503 contra
1346 5448 1603 5504 damnati
1624 5446 1783 5504 illius
1805 5464 1960 5518 vasa,

310 5521 747 5577 reluctantibus
761 5520 901 5576 Mss.
918 5519 1104 5587 Trec.,
1120 5520 1412 5591 German.,
1429 5520 1676 5589 Belvac.,
1691 5526 1826 5588 etc.,
1844 5520 1961 5578 imo

308 5597 680 5664 repugnante
701 5590 1079 5664 sanctissimo
1103 5592 1357 5660 doctore,
1379 5593 1479 5664 qui
1500 5592 1650 5649 solet
1666 5592 1962 5664 Antichri-

302 5661 849 5737 stum—vasdiaboli
882 5661 1198 5737 appellare.
1233 5664 1369 5737 Vide
1396 5661 1511 5720 'lib.
1544 5680 1699 5720 XXXII
1731 5663 1957 5731 Μαι-ιι..

304 5751 474 5795 num.
492 5734 587 5795 22.
610 5734 713 5795 Hic
733 5734 1268 5797 autem'e'ditoribua
1286 5734 1478 5813 placet
1493 5740 1825 5813 peccatores
1844 5738 1961 5796 An-

2076 3324 2229 3382 enim
2262 3322 2427 3379 radix
2453 3320 2721 3378 elationis
2749 3321 3092 3391 absciditur,
3118 3327 3549 3394 consequenter
3578 3322 3725 3378 rami

2075 3430 2263 3489 pravas
2296 3412 2642 3470 assertionis
2671 3411 2941 3468 areiiunt.
2965 3410 3330 3467 Admonendi
3349 3413 3490 3467 sunt
3518 3410 3724 3479 etiam,

2074 3521 2147 3563 ne
2177 3520 2399 3562 errores
2431 3502 2863 3573 discordiasque
2884 3500 3234 3572 generando,
3264 3500 3445 3572 legem
3470 3500 3571 3557 Dei
3593 3516 3721 3572 quae

2073 3595 2290 3652 ideirco
2309 3595 2445 3650 data
2466 3597 2555 3649 est
2579 3597 2644 3649 ut
2666 3592 2957 3649 sacriﬁcia
2975 3592 3203 3650 Satanae
3221 3591 3545 3664 prohibeat,
3568 3607 3726 3648 eam-

2076 3687 2208 3743 dem
2241 3685 2428 3757 ipsam
2450 3683 2508 3738 in
2542 3682 2767 3739 Satanae
2794 3681 3144 3739 sacriﬁcium
3164 3687 3413 3739 vertant.
3435 3681 3601 3739 Unde
3623 3696 3723 3753 per

2075 3774 2414 3846 prophetam
2446 3772 2729 3828 Dominus
2753 3772 3037 3844 queritur,
3062 3772 3301 3828 dicens:
3336 3771 3473 3827 Dedi
3489 3769 3568 3826 eis
3596 3773 3723 3840 fru-

2073 3870 2345 3929 mentum,
2364 3864 2558 3919 vinum
2581 3864 2630 3917 et
2649 3859 2855 3923 oleum,
2869 3866 2921 3917 et
2939 3870 3230 3933 argentum
3251 3859 3622 3930 multiplicavi
3642 3859 3724 3914 ei:

2075 3956 2125 4008 et
2155 3968 2379 4019 aurum,
2401 3966 2521 4022 quae
2538 3950 2791 4020 fecerunt
2810 3950 2947 4005 Baal
2967 3949 3138 4022 (Ome
3158 3966 3221 4019 ιι,
3241 3948 3319 4021 8).
3341 3953 3717 4004 Frumentum

2074 4042 2288 4113 quippe
2306 4058 2337 4096 a
2356 4040 2599 4097 Domino
2619 4040 2961 4111 accipimus,
2978 4038 3215 4112 quando
3241 4039 3297 4095 in
3322 4039 3493 4095 dictis
3514 4038 3723 4095 obscu-

2073 4129 2327 4186 rioribus
2346 4130 2635 4185 subducto
2659 4128 3126 4200 tegminelitterte
3145 4146 3245 4200 per
3268 4128 3583 4185 medullam
3606 4127 3722 4197 spi-

2074 4219 2224 4276 ritus
2245 4219 2392 4292 legis
2414 4218 2644 4275 interna
2666 4219 2976 4274 sentimus.
3000 4218 3213 4274 Vinum
3238 4234 3412 4275 suum
3438 4218 3724 4275 Dominus

2074 4310 2244 4366 nobis
2268 4313 2522 4383 praestat,
2542 4325 2676 4365 cum
2699 4308 3012 4381 Scriptura:
3036 4325 3158 4366 suae
3178 4308 3298 4365 alta
3320 4308 3726 4381 praedicatione

2075 4414 2181 4454 nos
2209 4396 2670 4454 debriat.01eum
2697 4412 2930 4469 quoque
2952 4414 3123 4454 suum
3148 4397 3318 4454 nobis
3343 4397 3721 4464 tribuit,cum

2075 4486 2376 4560 praeceptis
2389 4486 2778 4559 apertioribus
2789 4488 2965 4543 vitam
2983 4492 3242 4544 nostram
3258 4485 3721 4542 blandalenitate

1993 4597 2041 4663 Ι)
2074 4579 2349 4649 disponit.
2372 4582 2693 4649 Argentum
2720 4575 3073 4649 multiplicat
3092 4592 3223 4633 cum
3246 4575 3412 4632 nobis
3432 4576 3559 4631 luce
3580 4573 3724 4631 veri-

2071 4668 2204 4724 tatis
2236 4667 2406 4739 plena
2436 4666 2671 4740 eloquia
2701 4666 3126 4722 subministrat.
3159 4672 3316 4722 Auro
3348 4680 3581 4737 quoque
3613 4679 3722 4720 nos

2074 4758 2243 4828 ditat,
2267 4756 2501 4829 quando
2519 4772 2617 4812 cor
2634 4765 2895 4812 nostrum
2917 4754 3211 4811 intellectu
3238 4752 3456 4810 summi
3476 4752 3722 4825 fulgoris

2073 4846 2334 4903 irradiat.
2368 4844 2502 4909 Quae
2543 4849 2755 4901 cuncta
2792 4842 3047 4900 haeretici
3089 4841 3227 4898 Baal
3267 4841 3537 4911 offerunt,
3579 4843 3721 4914 quia

2073 4936 2227 5008 apud
2246 4934 2582 4991 auditorum
2606 4950 2843 4991 suorum
2863 4933 3035 4989 corda
3053 4936 3323 5005 corrupte
3339 4934 3534 4991 omnia
3553 4932 3721 4989 intel-

2073 5022 2307 5095 ligendo
2337 5028 2693 5096 pervertunt.
2718 5020 2787 5079 Et
2818 5022 2888 5078 de
2913 5021 3207 5080 frumento
3238 5022 3363 5092 Dei,
3385 5024 3520 5080 vino
3543 5027 3719 5095 atque

2073 5113 2221 5182 oleo,
2263 5119 2504 5187 argento
2542 5116 2756 5187 pariter
2794 5117 2851 5170 et
2890 5129 3055 5182 auro,
3090 5114 3319 5170 Satanm
3363 5113 3718 5171 sacriﬁcium

2071 5203 2397 5271 immolant,
2414 5207 2553 5277 quia
2570 5204 2640 5259 ad
2663 5219 2912 5260 errorem
2938 5203 3244 5261 discordiis
3262 5204 3438 5261 verba
3456 5205 3615 5276 pacis
3635 5203 3724 5261 in-

2073 5291 2315 5351 clinant.
2338 5295 2495 5352 Unde
2525 5293 2882 5350 admonendi
2913 5298 3054 5351 sunt
3083 5298 3144 5350 ut
3174 5294 3558 5368 perpendant,
3583 5294 3718 5366 quia

2072 5438 2324 5495 tichristi
2356 5456 2497 5512 vasa
2526 5454 2881 5512 nuncupare.

2169 5514 2219 5595 bi
2246 5512 2375 5595 Duo
2403 5510 2636 5595 Gemet.‘
2653 5510 2893 5595 priores,
2928 5511 3287 5585 cogitatione.

2166 5584 2211 5653 ε)
2243 5583 2413 5641 Corb.
2445 5592 2500 5639 et
2529 5583 2737 5641 tertius
2766 5584 2954 5655 Gem.,
2983 5583 3293 5659 inperita...
3324 5594 3582 5645 terrena;
3609 5594 3718 5655 ep-

2071 5655 2214 5728 time
2243 5671 2567 5728 supernam,
2601 5672 2709 5727 sc.,
2740 5672 2966 5728 pacem.

2146 5727 2222 5804 (ά)
2252 5727 2431 5787 Laud.
2462 5732 2521 5789 et
2545 5727 2936 5797 Corb.,’Aliter
2960 5728 3107 5787 adm.
3140 5727 3291 5786 enim
3312 5732 3462 5787 sunt.
