4136 6178
425 312 501 374 95
1623 315 1899 377 SANCTI
1945 314 2313 378 GREGORII
2358 315 2611 376 MAGNI
3741 310 3818 368 96

421 444 557 501 dum
576 460 844 517 perversa
857 450 1045 504 mente
1056 448 1129 504 de
1143 447 1444 518 praeceptis
1457 446 1613 520 pacis
1626 448 1975 506 discordiam
1988 448 2068 505 fa-
2096 450 2148 516 Α
2172 448 2416 519 jungas,
2443 464 2515 503 ne
2538 445 2597 502 in
2621 445 2804 502 divini
2834 443 2990 503 verbi
3020 444 3345 502 ministerio
3379 443 3568 499 hostes
3590 443 3721 497 tuos
3743 441 3816 497 ad

420 532 769 605 ciunt,justo
786 537 878 592 Dei
894 538 1157 593 exaiuine
1170 536 1277 607 ipsi
1293 534 1364 592 de
1376 537 1567 593 verbis
1580 537 1708 595 vita
1720 539 2063 595 moriuntur.

418 624 491 678 At.
518 629 719 681 contra
752 626 1101 682 admonendi
1133 630 1275 682 sunt
1314 626 1414 697 qui
1446 632 1598 683 recte
1627 627 1864 699 quidem
1894 627 2068 684 verba

418 711 569 784 legis
599 712 953 785 intelligunt,
976 715 1076 771 sed
1112 714 1231 770 hac
1255 714 1554 771 humiliter
1576 733 1689 772 non
1712 717 2064 789 loquuntur;

420 806 486 856 ut
504 802 560 855 in
586 801 798 857 divinis
822 802 1194 858 sermonibus
1216 803 1382 875 prius
1400 821 1572 875 quam
1600 805 1728 861 aliis
1751 820 1849 862 eos
1873 808 2066 878 profe-

422 895 576 957 rant,
608 890 952 960 semetipsos
982 893 1300 963 requirant,
1326 909 1397 948 ne
1423 892 1789 965 insequentes
1818 893 2065 951 aliorum

422 978 597 1043 facta,
628 994 691 1033 se
731 978 1035 1048 deserant;
1084 985 1142 1037 et
1180 996 1314 1036 cum
1354 989 1504 1038 recte
1543 986 1753 1038 cuncta
1794 983 1866 1039 de
1904 1000 2068 1039 sacra

424 1067 723 1139 Scriptura
748 1068 1025 1135 sentiunt,
1047 1069 1152 1126 hoc
1176 1069 1364 1127 solum
1389 1072 1540 1142 quod
1565 1087 1667 1143 per
1682 1070 1842 1129 illam
1864 1077 2067 1129 contra

426 1154 609 1212 elatos
640 1157 871 1223 dicitur,
908 1174 1024 1214 non
1054 1159 1378 1215 attendant.
1414 1160 1723 1232 Improbus
1762 1160 1980 1233 quippe
2010 1165 2067 1217 et

423 1244 732 1317 imperitus
761 1250 850 1302 est
872 1246 1154 1315 medicus,
1178 1246 1279 1318 qui
1302 1246 1557 1304 alienum
1586 1248 1803 1305 mederi
1828 1252 2063 1322 appetit,

425 1339 482 1391 et
512 1335 637 1407 ipse
668 1335 879 1392 vulnus
900 1337 1052 1406 quod
1088 1340 1305 1407 patitur
1331 1338 1537 1395 nescit.
1562 1338 1670 1405 Qui
1701 1338 1877 1411 igitur
1896 1339 2068 1397 verba

426 1422 527 1479 Dei
561 1423 859 1480 humiliter
899 1440 1013 1480 non
1044 1423 1384 1497 loquuntur,
1419 1428 1673 1497 profecto
1714 1428 2066 1485 admonendi

427 1516 585 1580 sunt,
601 1519 657 1566 ut
672 1528 800 1567 cum
818 1511 1203 1568 medicamina
1214 1514 1377 1584 agris
1395 1520 1717 1587 apponunt,
1733 1518 1893 1588 prius
1904 1516 2066 1574 virus

423 1618 542 1659 sua
576 1603 749 1672 pestis
772 1602 1109 1676 inspicient,
1130 1605 1208 1675 (α)
1242 1620 1311 1661 ne
1331 1607 1476 1662 alios
1500 1609 1783 1664 medendo
1815 1609 1923 1677 ipsi
1944 1626 2067 1665 mo-

426 1689 676 1746 riantur.
692 1692 1005 1762 Agmoneri
1029 1694 1262 1760 debent,
1285 1695 1887 1768 utconsiderentne(b)
1905 1714 1938 1753 a
1957 1698 2069 1753 vir-

2170 542 2227 593 te
2254 536 2566 608 participes
2588 534 2881 592 admittas.
2906 536 3098 605 Aquas
3123 549 3260 605 ergo
3282 536 3341 588 et
3360 529 3420 585 in
3446 528 3652 602 plateis
3673 527 3818 584 divi-

2173 626 2394 695 dimus,
2424 630 2481 681 et
2509 629 2705 681 tamen
2736 623 2844 679 soli
2878 622 3275 695 possidemus,
3309 618 3538 691 quando
3573 622 3630 673 et
3659 621 3821 672 exte-

2172 714 2295 770 rius
2312 714 2426 770 late
2446 712 2910 785 pradicationem
2934 711 3254 775 fundimus,
3268 716 3327 766 et
3346 716 3542 766 tamen
3567 724 3666 779 per
3683 722 3814 761 eam

2174 803 2456 859 humanas
2488 802 2689 859 laudes
2719 802 2952 873 assequi
2982 800 3223 857 minime
3252 798 3563 855 ambimus.

2597 907 2828 965 CAPUT
2864 908 3012 965 xxv
3051 908 3158 979 [Αι.
3201 907 3392 979 XLIX].

2173 998 2443 1071 Quomodo
2462 996 2792 1071 admonendi
2811 1000 2905 1069 qui
2934 998 3179 1071 ofﬁcium
3200 995 3616 1071 praedicationis
3640 991 3820 1071 nimia

2242 1069 2559 1126 humilitate
2585 1067 2901 1134 detrectant,
2936 1067 2987 1125 et
3017 1070 3116 1142 qui
3142 1070 3427 1140 praecipiti
3463 1067 3822 1137 festinatione

2245 1150 2528 1212 occupant.

2244 1248 2577 1317 (Agmonitio
2606 1247 2726 1319 26.)
2758 1246 2940 1304 Aliter
2971 1247 3325 1305 admonendi
3366 1249 3503 1302 sunt
3543 1243 3641 1315 qui
3683 1258 3818 1299 cum

2172 1337 2485 1408 pradicare
2514 1337 2689 1410 digne
2719 1337 2972 1405 valeant,
2998 1355 3112 1411 pra
3137 1337 3319 1394 nimia
3350 1334 3681 1393 humilitate
3708 1334 3815 1391 for-

2171 1426 2400 1483 midant
2422 1446 2437 1496 ;
2462 1432 2634 1498 atque
2657 1426 2828 1485 aliter
2847 1427 3202 1485 admonendi
3227 1432 3364 1483 sunt
3384 1442 3529 1498 quos
3552 1442 3585 1480 a
3610 1423 3813 1496 pradi-

2171 1516 2396 1575 catione
2416 1516 2771 1588 imperfectio
2790 1518 2873 1572 vel
2900 1524 3042 1573 atas
3061 1517 3347 1589 prohibet,
3366 1523 3420 1571 et
3447 1521 3641 1571 tamen
3668 1530 3815 1586 pra-

2170 1607 2433 1679 cipitatio
2453 1606 2719 1677 impellit.
2741 1607 3108 1663 Admonendi
3128 1624 3382 1678 namque
3406 1616 3545 1663 sunt
3562 1603 3659 1676 qui
3683 1619 3813 1658 cum

2171 1695 2479 1768 pradicare
2495 1695 2718 1752 utiliter
2736 1702 3002 1768 possunt,
3019 1696 3401 1751 immoderata
3417 1702 3610 1751 tamen
3632 1692 3819 1749 humi-

420 1786 544 1838 tute
567 1781 727 1849 dicti,
752 1782 983 1840 dicendi
1006 1784 1286 1856 qualitate
1312 1787 1664 1856 discordent,
1686 1805 1757 1847 ne
1777 1790 2063 1861 loquendo
2094 1805 2143 1873 Β
2170 1785 2331 1842 litate
2362 1784 2695 1857 refugiunt;
2731 1795 2790 1840 ut
2821 1801 2890 1841 ex
2922 1785 3131 1841 minori
3158 1784 3624 1841 consideratione
3653 1782 3817 1873 colli:

420 1869 599 1939 aliud,
617 1876 674 1927 et
691 1873 1049 1929 oslendendo
1071 1874 1225 1930 aliud
1251 1877 1581 1945 pradicant.
1597 1878 1847 1933 Audiant
1867 1878 2059 1950 itaque

422 1960 572 2030 quod
606 1960 889 2033 scriptum
916 1968 1037 2018 est:
1071 1963 1131 2019 Si
1158 1964 1286 2035 quis
1315 1965 1577 2037 loquitur,
1600 1966 1762 2038 quasi
1784 1982 2062 2024 sermones

419 2049 595 2121 Dei_(l
629 2050 775 2105 Patr.
809 2067 882 2117 ιν,
917 2052 1025 2121 ll).
1058 2052 1165 2119 Qui
1206 2068 1340 2126 ergo
1378 2055 1551 2111 verba
1580 2072 1707 2128 qua
1738 2058 2060 2128 proferunt,

419 2152 488 2193 ex
518 2138 769 2210 propriis
800 2156 916 2196 non
957 2140 1193 2211 habent,
1230 2159 1335 2199 cur
1370 2145 1539 2216 quasi
1575 2146 1647 2201 de
1687 2147 1939 2219 propriis
1967 2151 2061 2203 tu-

422 2227 632 2282 ment?
660 2228 917 2285 Audiant
945 2232 1099 2302 quod
1123 2234 1406 2305 scriptum
1437 2240 1523 2291 est
1546 2252 1560 2289 :
1593 2234 1745 2291 Sicut
1765 2251 1836 2291 ex
1858 2237 1961 2292 Deo
1979 2252 2064 2292 co-

423 2331 545 2371 ram
574 2317 682 2373 Deo
714 2319 775 2372 in
807 2318 1021 2375 Christo
1052 2320 1332 2391 loquimur
1351 2324 1425 2395 (lt
1453 2322 1577 2379 Cor.
1606 2340 1668 2391 ιι,
1707 2324 1813 2395 17).
1853 2326 1929 2380 Ex
1952 2329 2060 2382 Deo

424 2403 581 2460 enim
604 2420 794 2462 coram
817 2412 934 2463 Deo
956 2407 1232 2480 loquitur,
1253 2410 1351 2481 qui
1371 2412 1799 2482 praedicationis
1822 2415 2060 2470 verbum

421 2498 481 2551 et
509 2494 646 2565 quia
678 2512 713 2551 a
741 2495 855 2552 Deo
886 2499 1107 2569 accepit
1130 2499 1424 2571 intelligit,
1447 2505 1505 2556 et
1536 2500 1761 2573 placere
1793 2502 2064 2574 perillud

424 2580 541 2638 Deo
568 2599 684 2639 non
716 2583 1057 2642 hominibus
1079 2588 1304 2659 quarit.
1332 2589 1577 2646 Audiant
1597 2593 1747 2662 quod
1781 2593 2061 2665 scriptum

426 2679 547 2731 est:
565 2675 917 2731 Abominatio
935 2676 1157 2733 Domini
1173 2683 1250 2735 est
1270 2681 1448 2736 omnis
1457 2696 1729 2751 arrogans
1743 2683 1760 2755 (
1772 2687 1931 2739 Prov.
1947 2700 2062 2750 xvr,

427 2763 622 2833 15).-
641 2762 787 2827 Quia
807 2764 1074 2822 videlicet
1092 2767 1234 2824 dum
1257 2768 1315 2823 in
1338 2771 1511 2827 verbo
1534 2771 1634 2827 Dei
1655 2771 1899 2843 gloriam
1925 2791 2062 2845 pro-

425 2851 614 2924 priam
642 2854 869 2924 quaerit,
884 2854 987 2925 jus
1008 2856 1203 2913 dantis
1224 2858 1476 2926 invadit;
1499 2875 1750 2933 eumque
1767 2860 1925 2918 laudi
1944 2878 2064 2920 sua

425 2949 768 3013 postponere
782 2959 1148 3017 nequaquam
1164 2949 1385 3015 metuit,
1402 2966 1434 3005 a
1452 2966 1566 3022 quo
1578 2949 1715 3007 hoci
1722 2968 1893 3024 psum
1908 2954 2064 3027 quod

419 3028 699 3086 laudatur
720 3032 962 3104 accepit.
986 3035 1242 3092 Audiant
1264 3038 1417 3108 quod
1452 3039 1809 3109 pradicatori
1840 3057 1943 3114 per
1963 3043 2065 3099 Sa-

420 3116 709 3176 lomonem
746 3120 995 3178 dicitur:
1038 3125 1171 3181 Bibe
1203 3142 1414 3197 aquam
1452 3128 1526 3184 de
1564 3130 1808 3186 cisterna
1848 3134 1968 3198 tua,
2012 3140 2063 3189 et
2094 3161 2138 3230 ο

414 3210 627 3279 ﬂuenta
644 3213 799 3284 putei
819 3214 929 3269 tui.
952 3214 1286 3271 Derivontur
1298 3216 1483 3288 fontes
1505 3220 1777 3289 tui/oras,
1798 3228 1849 3277 et
1870 3222 1927 3275 in
1946 3221 2064 3293 pla-

415 3300 517 3355 teis
536 3316 709 3372 aquas
734 3301 944 3359 divide.
965 3304 1174 3361 llabeto
1193 3321 1283 3362 eas
1302 3307 1470 3375 solus,
1492 3324 1591 3364 nec
1609 3310 1719 3365 sint
1740 3311 1913 3367 alieni
1932 3328 2061 3383 par-

416 3386 614 3460 ticipes
642 3392 727 3445 tui
754 3392 936 3461 (Prov.
972 3409 1024 3460 ν,
1060 3394 1169 3467 15).
1204 3400 1428 3467 Aquam
1472 3398 1689 3470 quippe
1720 3399 2064 3471 pradicator

420 3475 492 3532 de
529 3478 781 3535 cisterna
821 3496 929 3537 sua
967 3482 1132 3549 bibit,
1167 3500 1301 3539 cum
1340 3487 1409 3540 ad
1452 3501 1552 3541 cor
1588 3503 1758 3543 suum
1807 3489 2059 3557 rediens,

424 3565 589 3637 prius
610 3567 709 3623 74
730 3569 889 3624 audit
922 3571 1043 3640 ipse
1073 3572 1223 3643 quod
1247 3572 1411 3629 dicit.
1436 3575 1588 3629 Bibit
1607 3575 1698 3630 sui
1721 3576 1936 3632 ﬂuenta
1954 3594 2061 3648 pu-

417 3653 521 3720 tei,
543 3654 594 3709 si
613 3655 701 3710 sui
726 3656 1064 3727 irrigatione
1084 3661 1242 3716 verbi
1264 3660 1610 3719 infunditur.
1627 3662 1732 3719 Ubi
1758 3664 1903 3721 bene
1924 3666 2061 3721 sub-

412 3742 683 3815 iungitur
709 3762 727 3799 :
764 3748 1106 3803 Deriuentur
1143 3752 1321 3817 fontes
1350 3752 1433 3806 tui
1468 3752 1642 3822 foras,
1671 3760 1722 3808 et
1760 3751 1822 3808 in
1860 3754 2064 3826 plateis

415 3848 591 3904 aquas
620 3833 805 3892 divide
832 3837 1019 3906 (lbid.,
1056 3840 1164 3911 18).
1200 3839 1435 3897 Rectum
1476 3843 1691 3915 quippe
1728 3850 1815 3900 est
1846 3850 1908 3900 ut
1938 3845 2064 3917 ipse

418 3925 579 3995 prius
605 3926 785 3996 bibat,
804 3932 863 3983 et
892 3938 1028 3985 tunc
1060 3929 1422 4002 pradicando
1442 3932 1574 3989 aliis
1603 3932 1827 3990 inﬂuat.
1856 3934 2062 3991 Fontes

420 4028 675 4085 namque
704 4016 852 4072 foras
875 4018 1157 4089 derivare,
1180 4025 1272 4076 est
1292 4020 1545 4077 exterius
1568 4022 1699 4077 aliis
1718 4022 1831 4079 vim
1859 4025 2062 4095 pradi-

420 4101 666 4158 cationis
688 4101 1013 4162 infundere.
1039 4106 1101 4163 In
1125 4107 1331 4176 plateis
1350 4114 1540 4166 autem
1565 4127 1750 4183 aquas
1781 4112 2060 4180 dividere,

418 4194 507 4246 est
526 4190 585 4247 in
608 4208 815 4265 magna
839 4195 1169 4252 auditorum
1195 4197 1762 4273 amplitudinejuxta
1785 4200 2061 4257 uniuscu-

410 4280 628 4352 jusque
646 4281 987 4353 qualitatem
1004 4285 1199 4343 divina
1211 4288 1441 4361 eloquia
1454 4288 1815 4363 dispensare.
1836 4292 1901 4346 Et
1918 4291 2060 4363 quia

417 4367 968 4443 plerumqueinanis
990 4374 1185 4447 gloria
1202 4379 1495 4449 appetitus
1513 4380 1778 4453 subrepit
1792 4380 1931 4435 dum
1947 4397 2060 4437 ser-

2171 1880 2315 1947 gant
2344 1880 2620 1944 quantum
2655 1874 2713 1930 in
2746 1875 3066 1945 majoribus
3099 1876 3274 1931 rebus
3303 1874 3730 1945 derelinquant.
3754 1870 3816 1926 Si

2172 1965 2327 2020 enim
2343 1963 2742 2035 indigentibus
2761 1964 3040 2031 proximis
3058 1962 3170 2036 ipsi
3189 1980 3333 2035 quas
3352 1962 3631 2019 haberent
3649 1977 3818 2033 pecu-

2172 2055 2302 2111 nias
2322 2053 2763 2121 absconderent,
2780 2055 2847 2125 (c)
2870 2055 2938 2110 ad
2940 2060 3168 2125 jutores
3184 2052 3563 2125 proculdubio
3581 2049 3816 2107 calami-

2172 2144 2306 2200 tatis
2318 2144 2699 2200 exstitissent.
2715 2143 2837 2208 Quo
2850 2160 2984 2215 ergo
2999 2149 3161 2200 reatu
3176 2138 3814 2214 constringanturaspi-

2172 2233 2349 2302 ciant,
2373 2232 2469 2303 qui
2491 2233 2625 2287 dum
2648 2230 3025 2304 peccantibus
3054 2232 3326 2287 fratribus
3345 2228 3582 2285 verbum
3602 2226 3811 2299 pradi-

2170 2321 2421 2378 cationis
2448 2320 3226 2388 subtrahunt,morientibus
3255 2318 3552 2375 mentibus
3574 2316 3696 2371 vita
3732 2331 3812 2370 re-

2172 2409 2361 2466 media
2392 2410 2781 2465 abscondunt.
2825 2408 2989 2465 Unde
3026 2412 3085 2464 et
3122 2407 3264 2464 bene
3302 2407 3539 2478 quidam
3576 2404 3811 2477 sapiens

2171 2499 2313 2555 dicit
2327 2516 2341 2554 :
2355 2498 2644 2570 Sapientia
2666 2498 2977 2555 abscondita
2988 2507 3038 2554 et
3051 2498 3339 2555 thesaurus
3350 2496 3426 2567 (rt)
3442 2497 3500 2551 in
3509 2497 3675 2563 visus,
3689 2507 3814 2565 qua

2170 2589 2389 2645 utilitas
2410 2590 2466 2644 in
2498 2589 2956 2660 utrisque(Ec¢:li.
2982 2605 3076 2654 xx,
3109 2588 3199 2658 32)
3220 2586 3247 2641 ‘t
3272 2586 3329 2643 Si
3358 2582 3605 2658 populos
3633 2586 3813 2641 fames

2171 2685 2456 2746 attererct,
2479 2687 2535 2736 et
2563 2679 2790 2737 occulta
2810 2681 3104 2736 frumenta
3136 2681 3243 2751 ipsi
3266 2680 3581 2744 servarent,
3606 2674 3673 2747 (e)
3705 2691 3814 2730 au-

2171 2774 2361 2828 ctores
2376 2770 2761 2841 proculdubio
2776 2770 2983 2826 mortis
2999 2770 3332 2825 existerent.
3350 2772 3474 2835 Qua
3487 2766 3680 2837 itaque
3694 2764 3812 2835 ple-

2172 2856 2364 2912 ctendi
2400 2862 2541 2914 sunt
2573 2874 2743 2929 pana
2763 2857 3153 2925 considerent,
3177 2855 3275 2928 qui
3307 2871 3439 2910 cum
3475 2854 3622 2921 tame
3652 2850 3811 2907 verbi

2171 2944 2378 3002 anima
2403 2951 2661 3017 pereant,
2682 2946 2788 3019 ipsi
2810 2962 3017 3019 panem
3041 2949 3325 3018 percepta
3343 2944 3540 3017 gratia
3562 2958 3674 2997 non
3702 2940 3813 2995 mi-

2174 3035 2445 3091 nistrant.
2472 3038 2634 3091 Unde
2660 3041 2716 3091 et
2740 3036 2886 3092 bene
2912 3052 3015 3108 per
3039 3034 3407 3091 Salomonem
3437 3030 3681 3087 dicitur:
3712 3030 3815 3098 Qui

2174 3124 2453 3179 abscondit
2469 3126 2770 3194 frumenta,
2798 3124 3167 3181 maledicetur
3197 3124 3255 3178 in
3282 3120 3501 3194 populis
3528 3120 3710 3192 (Prov.
3734 3134 3812 3186 χι,

2171 3214 2282 3285 26).
2318 3214 2623 3271 Frumenta
2647 3216 2859 3287 quippe
2878 3214 3257 3283 abscondere,
3279 3217 3370 3268 est
3392 3207 3813 3283 pradicationis

2172 3309 2384 3359 sancta
2407 3304 2562 3375 apud
2597 3319 2659 3359 se
2689 3302 2864 3359 verba
2895 3303 3159 3359 retinere.
3181 3302 3243 3359 In
3270 3300 3497 3372 populis
3516 3305 3707 3355 autem
3729 3301 3811 3351 ta-

2173 3392 2245 3447 lis
2277 3392 2525 3465 quisque
2556 3390 2943 3463 maledicitur,
2968 3391 3104 3463 quia
3128 3390 3188 3446 in
3211 3389 3392 3447 solius
3410 3388 3579 3461 culpa
3600 3384 3814 3443 silentii

2171 3498 2273 3553 pro
2293 3481 2607 3537 multorum
2622 3498 2771 3554 quos
2790 3481 3074 3555 corrigere
3089 3481 3277 3554 potuit
3292 3496 3460 3552 pana
3472 3479 3808 3535 damnatur.

2172 3570 2230 3625 Si
2256 3569 2620 3627 medicinalis
2637 3571 2782 3627 artis
2805 3570 3047 3627 minime
3064 3570 3247 3642 ignari
3267 3567 3580 3625 secandum
3597 3566 3809 3624 vulnus

2170 3664 2493 3728 cernerent,
2516 3665 2573 3716 et
2603 3666 2795 3717 tamen
2822 3676 3019 3717 secare
3038 3664 3392 3726 recusarent,
3417 3656 3669 3731 profecto
3688 3672 3812 3727 pec-

2172 3752 2361 3802 catum
2382 3748 2647 3804 fraterna
2665 3748 2867 3805 mortis
2880 3764 2947 3804 ex
2966 3747 3088 3805 solo
3106 3753 3335 3821 torpore
3351 3745 3807 3803 committerent.

2172 3836 2401 3902 Quanta
2429 3852 2565 3908 ergo
2591 3837 2767 3909 culpa
2803 3836 3173 3893 involvantur
3204 3834 3511 3906 aspiciant,
3542 3832 3639 3904 qui
3671 3831 3811 3888 dum

2170 3930 2531 3998 cognoscunt
2562 3924 2803 3981 vulnera
2834 3927 3145 3991 mentium,
3179 3939 3385 3980 curare
3414 3939 3481 3979 ea
3511 3920 3812 3993 negligunt

2172 4017 2425 4071 sectione
2466 4014 2791 4071 verborum.
2838 4014 3002 4071 Unde
3041 4019 3101 4070 et
3141 4014 3285 4070 bene
3326 4029 3427 4085 per
3466 4011 3808 4084 prophetam

2175 4104 2267 4161 75
2302 4104 2546 4160 dicitur:
2581 4104 2903 4162 Maledictus
2932 4103 3555 4178 quiprohibetgladium
3589 4118 3752 4158 suum
3778 4116 3812 4156 a

2166 4192 2591 4266 sanguine(Jer.
2608 4211 2794 4263 xnvm,
2816 4196 2925 4265 10).
2946 4194 3212 4251 Gladium
3235 4194 3454 4267 quippe
3473 4209 3506 4249 a
3523 4190 3810 4264 sanguine

2168 4283 2497 4356 prohibere,
2521 4288 2607 4339 est
2636 4284 3063 4356 pradicationis
3086 4283 3326 4340 verbum
3355 4300 3387 4338 a
3414 4280 3667 4338 carnalis
3682 4278 3809 4334 vita

2166 4371 2567 4429 interiectione
2598 4373 2868 4432 retinere.
2901 4372 2982 4429 De
3013 4389 3129 4444 quo
3169 4387 3406 4429 rursum
3438 4369 3632 4443 gladio
3663 4367 3813 4424 dici-

421 4473 516 4514 mo
568 4458 667 4515 Dei
713 4461 785 4517 ad
835 4462 1153 4521 multorum
1188 4466 1455 4523 notitiam
1495 4468 1695 4539 currit,
1745 4474 2056 4541 postquam
2090 4481 2134 4547 ι)
2166 4469 2295 4518 ωτι
2328 4462 2392 4518 Et
2429 4462 2651 4533 gladius
2688 4479 2840 4520 metu
2880 4464 2948 4535 (Γ)
2993 4462 3355 4520 manducabit
3393 4475 3589 4523 carne:
3627 4459 3806 4531 (υειιι-

420 4546 643 4605 dictum
675 4557 761 4607 est
785 4566 799 4606 :
829 4553 894 4607 In
921 4553 1124 4623 plateis
1142 4571 1315 4628 aquas
1344 4557 1546 4625 divide,
1571 4562 1724 4615 recte
1752 4557 2058 4631 subjungi-

419 4640 547 4695 tur:
580 4639 782 4697 Habeto
823 4657 913 4698 eas
952 4643 1119 4712 solus,
1146 4660 1248 4701 nec
1282 4646 1396 4702 sint
1433 4648 1615 4703 alieni
1646 4650 1947 4719 participes
1973 4648 2058 4704 tui

411 4726 622 4800 (Ibid.).
652 4730 888 4787 Alienos
918 4732 1131 4805 quippe
1168 4734 1455 4807 malignos
1494 4736 1736 4808 spiritus
1768 4743 1954 4805 vocat,
1986 4738 2058 4795 de

415 4816 627 4887 quibus
648 4835 750 4891 per
768 4821 1118 4893 Prophetam
1146 4826 1351 4881 tentati
1374 4823 1628 4881 hominis
1649 4843 1787 4883 voce
1807 4828 2055 4883 dicitur:

417 4904 613 4962 Alieni
636 4910 1059 4967 insurrexerunt
1092 4914 1153 4968 in
1176 4930 1283 4979 me,
1304 4921 1356 4970 et
1385 4920 1556 4985 [artes
1577 4917 1909 4986 quaesierunt
1930 4919 2056 4973 ani-

419 5010 569 5049 mam
591 5012 767 5052 meum
790 5000 901 5071 (Ps.
923 5017 1041 5065 Litt,
1064 5002 1141 5073 5).
1162 5002 1255 5057 Ait
1283 5018 1453 5076 ergo:
1486 5007 1680 5076 Aquas
1696 5014 1749 5061 et
1772 5005 1830 5061 in
1855 5005 2059 5077 plateis

422 5083 636 5153 divide,
667 5091 725 5141 et
754 5094 948 5145 tamen
979 5090 1138 5146 solus
1178 5090 1345 5148 habe.
1381 5094 1455 5149 Ac
1492 5093 1537 5148 si
1574 5095 1827 5165 apertius
1863 5093 2055 5150 dicat:

406 5173 508 5235 Bis
527 5190 761 5232 necesse
778 5181 945 5233 estut
971 5180 1369 5249 pradicationi
1387 5184 1636 5239 exterius
1653 5182 1891 5251 servias,
1910 5200 2056 5255 qua-

416 5267 590 5319 tenus
608 5281 710 5337 per
725 5264 1035 5324 elationem
1052 5274 1109 5325 te
1130 5268 1448 5328 immundis
1466 5272 1771 5345 spiritibus
1790 5289 1903 5328 non
1927 5289 2059 5329 con-

489 5371 560 5441 (α)
583 5370 746 5452 ’l‘rec.
778 5378 833 5430 et
861 5375 958 5431 alii
980 5378 1510 5452 Mss.‘unanimiter
1530 5378 1612 5435 ita
1644 5380 1879 5448 habent,
1903 5380 2055 5452 quod

419 5446 769 5515 recentiores
802 5454 1101 5503 mutarunt
1132 5449 1213 5515 in,
1245 5452 1374 5505 aliis
1394 5451 1672 5509 medendo.

494 5514 568 5585 (ὁ)
602 5516 811 5591 Eadem
843 5520 1130 5587 libertate,
1152 5514 1363 5591 spretis
1386 5522 1547 5589 Mss.,
1571 5524 1744 5580 Gilot.
1768 5528 1824 5579 et
1853 5522 1951 5579 alii
1974 5538 2062 5579 re-

412 5592 569 5667 cent.
604 5587 838 5667 habent,
862 5607 897 5646 a
916 5593 1123 5667 virtute
1149 5587 1385 5667 dicendi,
1408 5587 1627 5667 vivendi
1654 5595 1926 5667 qualitate
1954 5595 2061 5651 dis-

412 5656 659 5733 cordant,
692 5660 804 5734 vel,
824 5656 869 5719 ἀ
898 5663 1106 5733 virtute
1128 5662 1284 5740 dicti,
1314 5656 1557 5739 vivendi,
1587 5656 1700 5725 eté.

2168 4569 2345 4619 xxxii,
2379 4554 2491 4622 42).
2634 4616 2637 4617 ν

2237 4642 2308 4698 Hi
2340 4642 2539 4717 itaque
2569 4660 2702 4701 cum
2739 4645 2892 4718 apud
2926 4662 2989 4702 se
3019 4658 3345 4703 sermonem
3379 4638 3807 4714 pradicationis

2167 4732 2480 4802 occultant,
2510 4733 2736 4791 divinas
2780 4740 2979 4791 contra
3020 4750 3081 4791 se
3120 4732 3441 4790 sententias
3474 4727 3809 4786 terribiliter

2167 4822 2428 4893 audiant,
2447 4829 2737 4895 quatenus
2753 4824 2824 4880 ab
2843 4841 3041 4881 eorum
3060 4822 3329 4879 cordibus
3347 4820 3613 4877 timorem
3637 4818 3811 4874 timor

2167 4912 2433 4984 expellat.
2454 4914 2708 4970 Audiant
2727 4913 2884 4987 quod
2907 4915 3189 4971 talentum
3218 4912 3313 4982 qui
3335 4925 3571 4975 erogare
3596 4906 3807 4973 noluit,

2167 5018 2301 5057 cum
2334 5006 2620 5059 sententia
2649 5002 3045 5059 damnationis
3076 5000 3276 5058 amisit
3305 4999 3535 5073 ((Matth.
3564 4996 3805 5064 xxv,2§,

2164 5089 2322 5162 seq.).
2343 5092 2591 5148 Audiant
2610 5095 2759 5165 quod
2780 5091 2996 5147 Paulus
3030 5107 3093 5147 eo
3127 5107 3229 5146 sea
3254 5088 3649 5162 proximorum
3673 5102 3809 5141 san-

2165 5181 2343 5253 guine
2374 5182 2653 5238 mundum
2686 5181 2953 5249 credidit,
2977 5196 3090 5252 quo
3123 5179 3395 5237 feriendis
3424 5192 3621 5234 eorum
3654 5174 3811 5229 vitiis

2166 5287 2284 5329 non
2328 5274 2604 5346 pepercit,
2646 5274 2884 5329 dicens:
2927 5274 3209 5331 Contestor
3250 5289 3343 5329 vos
3384 5271 3651 5329 hodierna
3697 5267 3809 5336 die,

2236 5380 2312 5449 (c)
2340 5379 2633 5446 Laudun.,
2666 5383 2929 5437 auctores.

2238 5447 2317 5525 (αι’)
2349 5454 2579 5525 garnot.
2614 5453 2863 5525 primus,
2895 5459 2951 5510 et
2982 5454 3208 5525 primus
3241 5452 3413 5519 Aud.,
3434 5447 3808 5507 absconditus.

2243 5523 2313 5591 (e)
2346 5522 2568 5595 Gemet.
2602 5522 2659 5580 et
2690 5524 2767 5595 pl.
2804 5522 3025 5592 Norml,
3056 5529 3353 5582 exactores.

2239 5596 2303 5667 (Ι)
2334 5594 2557 5652 Gemet.
2590 5594 2724 5653 cum
2756 5596 2945 5669 primo
2974 5597 3151 5670 Aud.,
3177 5595 3473 5656 devorabit.
