4136 6178
307 340 379 398 9Ἰ
1066 320 1405 384 REGULzE
1445 317 1945 380 PASTORALIS
1987 316 2254 376 LIBER.
2303 344 2379 357 -
2422 311 2623 372 PARS
2666 312 2981 373 TERTIA.
3644 314 3723 373 98

317 470 446 542 quia
463 460 705 521 mundus
722 475 847 515 sum
874 473 907 511 a
929 454 1201 527 sanguine
1218 452 1464 509 omnium
1482 469 1501 507 :
1528 466 1641 505 non
1661 451 1811 505 enim
1839 451 1966 503 sub-
1993 450 2051 515 Α
2080 445 2339 542 profecto
2358 459 2487 542 esse
2509 458 2567 499 ae
2588 442 2687 498 Dei
2702 444 2967 542 denegat,
2987 442 3086 516 qui
3107 442 3457 517 inquantum
3484 443 3723 514 sufﬁcit,

321 538 535 628 ξεν-ιιιρί
570 552 868 625 quominus
903 546 1301 603 annuntiarem
1347 557 1505 598 omne
1552 540 1843 595 consilium
1875 538 1975 593 Dei

326 649 474 706 vobis
504 647 634 716 (Act.
667 658 763 707 xx,
793 640 887 705 26,
918 636 1035 707 27).
1068 635 1318 689 Audiant
1347 632 1499 704 quod
1534 645 1670 685 voce
1708 629 1973 699 angelica

320 740 568 793 Joannes
597 731 980 786 admonetur.
1008 740 1139 779 cum
1165 722 1418 779 dicitur:
1445 718 1553 787 Qui
1582 717 1762 781 audit,
1791 716 1969 771 dicat:

325 836 454 891 Veni
480 832 667 903 (Apoc.
701 842 843 887 χιιι.
880 826 991 897 Γ).
1026 824 1101 880 Ut
1130 820 1408 877 nimirum
1442 818 1532 874 cui
1566 834 1627 873 se
1657 833 1765 872 vox
1796 816 1975 870 inter-

321 940 395 980 na
427 917 875 986 insinuat,illuc
906 914 1077 971 etiam
1097 909 1406 969 clamando
1434 906 1578 963 alios
1608 922 1723 977 quo
1745 904 1868 977 ipse
1891 920 1975 958 ra-

315 1013 475 1085 pitur
492 1008 687 1064 trahat
710 1026 725 1073 ;
750 1021 819 1060 ne
835 1003 1069 1061 clausas
1084 1002 1233 1056 fores
1246 1000 1423 1053 etiam
1441 1005 1675 1052 vocatus
1694 992 1971 1059 inveniat,

315 1081 362 1157 si
380 1096 623 1155 vocanti
643 1109 857 1150 vacuus
877 1090 1330 1163 appropinquat.
1359 1085 1610 1141 Andiant
1628 1083 1779 1154 quod
1800 1081 1975 1137 Isaias

317 1199 454 1272 quia
498 1214 532 1251 a
562 1192 723 1250 verbi
770 1187 1094 1247 ministerio
1136 1185 1339 1249 tacuit,
1372 1182 1693 1239 illustratus
1724 1195 1976 1252 superno

313 1267 568 1353 lumine,
589 1297 806 1354 magna
825 1294 962 1334 voce
988 1272 1337 1349 paenitentiae
1358 1272 1557 1344 seipse
1582 1267 1975 1340 reprehendit,

314 1378 571 1432 dicens:
632 1372 722 1429 νιτ
751 1368 893 1424 mihi
933 1367 1065 1440 quia
1108 1362 1256 1420 tacui
1301 1362 1452 1433 (lsai.
1500 1378 1577 1427 v1,
1610 1360 1685 1431 5).
1719 1358 1978 1414 Audiant

317 1465 475 1539 quod
501 1479 605 1536 per
622 1460 993 1517 Salomonem
1013 1455 1071 1509 in
1098 1453 1263 1509 illum
1285 1449 1713 1525 praedicationis
1736 1446 1979 1502 scientia

318 1536 709 1626 multiplicari
747 1546 1125 1621 promittitur,
1157 1543 1253 1614 qui
1288 1542 1342 1597 in
1380 1540 1487 1596 hoc
1508 1539 1660 1612 quod
1686 1539 1799 1610 iam
1833 1536 1980 1591 obti-

316 1645 469 1713 nuit,
495 1638 755 1714 torporis
777 1637 917 1693 vitio
941 1650 1055 1691 non
1080 1637 1333 1689 tenetur.
1356 1628 1449 1686 Ait
1468 1644 1723 1700 namque
1747 1643 1759 1681 :
1782 1628 1980 1681 Anima

315 1761 437 1818 quz
460 1740 756 1807 benedicit,
780 1732 1219 1809 impinguabitur
1237 1751 1256 1799 ;
1272 1733 1322 1787 et
1340 1731 1434 1802 qui
1450 1728 1983 1818 mebriat,ipsequo-

326 1817 430 1911 que
452 1834 768 1891 inebriatur
787 1830 975 1900 (Prov.
998 1842 1080 1892 XI,
1100 1824 1213 1893 25).
1238 1821 1345 1886 Qui
1367 1820 1535 1911 enim,
1556 1817 1980 1911 exteriuspras-
2009 1820 2057 1884 B

326 1905 573 1983 dicendo
585 1918 904 1985 benedicit,
926 1912 1221 1973 interioris
1240 1909 1538 1984 augmenti
1565 1905 1977 1981 pinguedinem

323 2014 565 2081 recipit;
599 2010 757 2079 et(a)
781 2008 922 2062 dum
954 2005 1087 2060 vino
1119 2000 1331 2073 eloquii
1358 1998 1689 2055 auditorum
1724 1999 1979 2051 mentem

319 2102 593 2160 debriare
617 2114 734 2154 non
757 2092 996 2158 desiuit,
1026 2095 1168 2165 potu
1192 2085 1567 2159 multiplicati
1594 2082 1856 2140 muneris
1887 2082 1982 2138 de-

321 2203 555 2259 briatus
598 2195 902 2255 excrescit.
937 2190 1180 2248 Audiant
1227 2186 1380 2258 quod
1427 2182 1606 2240 David
1638 2182 1746 2239 hoc
1780 2181 1893 2237 Deo
1922 2180 1982 2236 in

326 2306 578 2349 munere
608 2285 846 2351 obtulit,
879 2280 1039 2355 quod
1073 2273 1500 2352 praedicationis
1529 2271 1779 2345 gratiam
1807 2286 1981 2343 quam

328 2382 643 2450 acceperat
686 2390 800 2430 non
846 2368 1169 2435 abscondit,
1200 2366 1437 2430 dicens;
1484 2364 1614 2418 Ecce
1662 2360 1816 2416 labia
1866 2374 1984 2413 mea

330 2486 445 2528 non
472 2465 796 2540 prohibebo,
818 2458 1067 2526 Domine,
1095 2462 1153 2513 tu
1176 2453 1514 2525 cognovisti;
1531 2451 1814 2523 justitiam
1833 2452 1985 2503 tuam

327 2575 439 2616 non
457 2553 729 2613 abscondi
746 2554 805 2607 in
834 2550 997 2606 corde
1017 2561 1153 2614 meo,
1175 2544 1460 2600 veritatem
1486 2548 1636 2595 tuam
1666 2547 1715 2593 et
1745 2540 1987 2592 salutare

333 2655 493 2705 tuum
523 2647 654 2700 dixi
682 2644 801 2715 (Ps.
824 2654 1017 2706 xxxix,
1054 2634 1275 2704 10,11).
1310 2630 1567 2698 Audiant
1597 2627 1751 2701 quod
1784 2623 1987 2697 sponsi

335 2734 637 2808 colloquio
652 2732 723 2789 ad
744 2742 1022 2803 sponsam
1045 2724 1295 2780 dicitur:
1320 2721 1450 2789 Quae
1473 2716 1693 2773 habitas
1716 2718 1773 2770 in
1795 2715 1988 2781 hortis,

330 2836 516 2892 amici
544 2830 897 2892 auscultant;
922 2827 1017 2895 [ac
1059 2838 1145 2878 me
1185 2820 1384 2877 audire
1413 2831 1596 2873 vocem
1627 2819 1775 2870 tuam
1804 2812 1987 2881 (Cant.

331 2943 458 2995 vm,
496 2925 609 2992 13).
642 2917 900 2977 Ecclesia
929 2914 1147 2989 quippe
1177 2911 1239 2968 in
1271 2909 1453 2966 hortis
1484 2906 1730 2995 habitat,
1762 2919 1887 2975 qua:
1916 2902 1988 2957 ad

332 3014 698 3071 viriditatem
727 3006 994 3063 intimam
1016 3000 1246 3059 exculta
1268 2996 1552 3071 plantaria
1567 2994 1852 3049 virtutum
1877 3006 1994 3047 ser-

335 3108 456 3162 vat.
499 3101 688 3172 Cujus
730 3111 926 3154 vocem
975 3091 1198 3149 amicos
1241 3084 1592 3153 auscultare,
1639 3088 1730 3138 est
1774 3080 1991 3137 electos

2077 536 2381 606 increpare
2411 533 2589 589 vitam
2624 531 2944 588 carnalium
2970 538 3203 588 recusat

2148 627 2222 680 At
2251 628 2452 679 contra
2494 622 2849 679 admonendi
2878 627 3018 678 sunt
3060 639 3205 692 quos
3234 640 3265 678 a
3299 623 3722 695 praedicationis

2078 715 2268 770 ofﬁcio
2300 712 2385 768 vel
2418 712 2799 783 imperfectio,
2833 712 2918 767 vel
2952 716 3092 767 setas
3124 712 3413 782 prohibet,
3444 721 3498 768 et
3528 719 3722 770 tamen

2080 802 2455 876 praecipitatio
2487 799 2750 872 impellit,
2778 817 2847 856 ne
2873 800 3012 857 dum
3046 801 3188 855 tanti
3222 801 3333 857 sibi
3367 818 3516 857 onus
3546 803 3725 859 ollicii

2079 891 2532 963 praecipitatione
2550 893 2843 957 arrogant,
2862 890 3015 944 viam
3040 890 3149 945 sibi
3182 891 3592 961 subsequentis
3614 909 3728 948 me-

2083 979 2404 1036 liorntionis
2428 977 2735 1033 abscidunt
2758 994 2773 1043 ;
2794 984 2993 1032 etcum
3023 978 3725 1051 arripiuntintempestive

2081 1072 2235 1143 quod
2258 1086 2371 1126 non
2394 1069 2608 1135 valent,
2636 1069 2877 1138 perdant
2897 1069 3069 1123 etiam
3094 1070 3246 1141 quod
3278 1069 3521 1140 implere
3543 1088 3727 1143 quan-

2082 1162 2271 1232 doque
2293 1157 2635 1230 tempestive
2666 1157 3011 1228 potuissent;
3040 1163 3216 1229 atque
3239 1157 3565 1226 scientiam,
3588 1160 3727 1231 quia

2082 1250 2399 1319 incongrue
2449 1252 2739 1301 conantur
2779 1246 3105 1315 ostendere,
3144 1247 3304 1316 juste
3346 1250 3728 1304 ostendantur

2084 1338 2374 1395 amisisse.
2397 1336 2476 1392 Ad
2489 1335 2760 1391 monendi
2785 1340 2921 1390 sunt
2940 1338 3004 1390 ut
3022 1336 3393 1392 considerent
3409 1339 3561 1409 quod
3584 1337 3727 1411 pulli

2084 1427 2277 1483 avium
2306 1424 2356 1480 si
2385 1430 2519 1481 ante
2546 1440 2867 1495 pennarum
2902 1424 3313 1494 perfectionem
3336 1426 3529 1482 volare
3558 1441 3729 1498 appe-

2084 1520 2230 1581 tant,
2259 1515 2416 1569 unde
2439 1513 2523 1567 ire
2545 1514 2603 1568 in
2632 1514 2751 1567 alta
2773 1513 3034 1582 cupiunt,
3059 1511 3191 1568 inde
3211 1512 3269 1568 in
3303 1513 3424 1569 ima
3455 1530 3728 1586 mergun-

2083 1608 2200 1659 tur.
2222 1605 2304 1658 Ad
2316 1602 2586 1658 monendi
2610 1606 2746 1656 sunt
2768 1605 2833 1656 ut
2850 1600 3221 1657 considerent
3237 1602 3731 1674 quod,structuris

2085 1692 2410 1749 recentibus
2433 1690 2682 1746 necdum
2707 1688 3074 1762 solidatis,(b)
3105 1690 3154 1746 si
3178 1690 3469 1763 tignorum
3502 1692 3733 1763 pondus

2087 1781 2647 1853 superponitur,non
2669 1778 3189 1848 habitaculum,sed
3206 1780 3733 1837 ruinafabricatur.

2089 1868 2447 1927 Admonendi
2479 1874 2640 1935 sunt,
2664 1872 2728 1923 ut
2749 1868 3114 1925 considerent
3134 1870 3287 1941 quod
3311 1873 3619 1941 conceptas
3635 1887 3733 1927 so-

2091 1960 2249 2015 boles
2281 1958 2505 2015 femina
2536 1957 2585 2014 si
2618 1958 2963 2030 priusquam
2990 1957 3156 2029 plene
3190 1960 3516 2015 formentur
3546 1961 3733 2031 profe-

2088 2053 2243 2115 runt,
2269 2063 2633 2119 nequaquam
2664 2046 2887 2113 domos,
2910 2049 3008 2102 sed
3041 2046 3300 2101 tumulos
3330 2047 3573 2119 replent.
3592 2048 3736 2105 llino

2088 2142 2174 2194 est
2203 2138 2359 2194 enim
2381 2137 2532 2208 quod
2558 2138 2685 2207 ipsa
2702 2135 2949 2203 Veritas,
2968 2152 3094 2206 quas
3123 2142 3355 2207 repente
3388 2152 3533 2207 quos
3561 2136 3735 2193 vellet

2091 2228 2361 2284 roborare
2381 2225 2685 2296 potuisset,
2705 2230 2769 2279 ut
2788 2224 3121 2296 exemplum
3140 2226 3524 2295 sequentibus
3546 2225 3731 2295 daret,

2091 2332 2164 2372 ne
2207 2314 2532 2386 imperfecti
2577 2312 2883 2385 praedicare
2938 2316 3374 2385 prmsumerent,
3420 2318 3730 2384 postquam

2093 2406 2260 2479 plene
2273 2404 2588 2477 discipulos
2601 2405 2668 2476 (c)
2681 2405 2753 2459 de
2769 2404 2975 2460 virtute
2994 2404 3421 2477 predicationis
3437 2403 3732 2470 instruxit,

2093 2495 2248 2551 illico
2270 2494 2531 2566 adjunxit
2552 2512 2565 2550 :
2594 2495 2687 2550 Vos
2706 2500 2893 2549 autem
2913 2492 3089 2550 sedete
3110 2496 3169 2548 in
3187 2494 3357 2549 civita
3383 2496 3737 2567 quoadusque

2093 2584 2412 2641 induamini
2440 2586 2647 2641 virtute
2671 2601 2741 2640 ea:
2767 2584 2883 2639 allo
2915 2584 3050 2654 (Luc
3100 2600 3253 2650 xxrv,
3285 2584 3396 2651 49).
3425 2585 3485 2639 in
3512 2584 3737 2640 civitate

2096 2676 2311 2748 quippe
2329 2674 2946 2739 considemus,siintra
2960 2673 3245 2728 mentium
3270 2677 3607 2729 nostrarum
3632 2690 3739 2729 nos

2095 2764 2353 2820 claustra
2375 2762 2852 2832 constringimus,
2872 2778 2942 2817 ne
2961 2760 3255 2833 loquendo
3275 2762 3525 2817 exterius
3544 2777 3739 2833 evage-

2098 2869 2269 2919 mur;
2295 2858 2357 2908 ut
2377 2868 2510 2908 cum
2534 2852 2745 2907 virtute
2766 2850 2963 2907 divina
2981 2853 3231 2922 perlecta
3251 2850 3575 2918 induimur,
3600 2856 3738 2905 tunc

2097 2942 2264 3013 quasi
2310 2959 2344 2998 a
2374 2940 2817 3013 nobismetipsis
2847 2942 2999 2996 foras
3021 2940 3195 2996 etiam
3222 2940 3366 2997 alios
3390 2941 3739 2997 instruentes

2098 3047 2388 3087 exeamus.
2422 3032 2567 3087 Hinc
2612 3047 2712 3102 per
2757 3033 3068 3101 quemdam
3118 3030 3438 3102 sapientem
3478 3030 3737 3095 dicitur;

2100 3120 2417 3177 Adolescens
2441 3120 2660 3191 loquere
2681 3121 2737 3174 in
2765 3135 2929 3175 causa
2951 3123 3048 3173 tua
3078 3119 3203 3184 vix;
3236 3128 3286 3175 et
3313 3120 3364 3175 si
3390 3121 3471 3175 bis
3499 3120 3740 3176 interro-

342 3206 631 3280 ςαοεειυοί
658 3187 905 3280 verbum
940 3177 1369 3257 ρτεεαίοειιίοιιίε
1407 3174 1567 3280 iiii:
1618 3172 1992 3280 igiiiigiiigg
2027 3184 2071 3251 c
2100 3172 2933 3280 ginnas,insessa
2956 3172 3742 3278 mansi...(enim

348 3258 814 3356 quam'videlicet
827 3288 1024 3330 vocem
1044 3283 1299 3343 sponsus
1320 3264 1521 3322 audire
1536 3258 1997 3331 desidarat,quia

340 3380 410 3435 ad
428 3374 904 3449 pra-dicationem
924 3370 1052 3440 ejus
1068 3383 1169 3439 per
1189 3363 1506 3421 electorum
1523 3373 1761 3416 suorum
1775 3356 2004 3449 animas

337 3445 600 3524 anhelat.
618 3457 1034 3530 Audiautquod
1056 3461 1284 3528 Moyses
1301 3468 1434 3509 cum
1451 3450 1795 3505 irascentem
1815 3445 2000 3502 Deum

333 3552 556 3626 pepulo
588 3552 873 3613 cerneret,
903 3550 963 3602 et
1002 3541 1227 3599 assumi
1258 3539 1330 3595 ad
1370 3534 1770 3626 ulciscendum
1812 3531 2003 3626 gladio

334 3621 613 3715 iuberet;
644 3638 780 3695 illos
808 3654 843 3693 a
874 3640 1037 3707 parte
1066 3631 1168 3688 Dei
1199 3626 1565 3715 denuntiavit
1586 3624 1873 3715 existere,
1905 3621 2006 3693 qui

340 3711 820 3802 delinquentium
837 3723 1057 3781 scelera
1074 3721 1482 3777 incunctanter
1493 3712 1752 3779 ferirent,
1768 3711 1968 3766 dicens
1989 3726 2003 3766 :

345 3828 406 3885 Si
437 3830 564 3900 quis
587 3823 809 3880 Domini
836 3826 934 3889 est,
958 3820 1220 3890 iungatur
1246 3812 1430 3875 mihi;
1457 3813 1625 3884 ponat
1646 3810 1734 3865 vir
1754 3808 2007 3900 gladium

348 3896 516 3989 super
545 3920 734 3984 femur
758 3927 921 3966 suum
940 3926 959 3965 :
983 3911 1058 3964 ite
1072 3916 1126 3963 et
1147 3903 1319 3963 redite
1336 3902 1403 3958 de
1413 3904 1583 3973 porta
1609 3913 1781 3989 usque
1798 3896 1868 3954 ad
1888 3912 2009 3989 por-

354 3985 470 4062 tant
489 4021 595 4077 per
609 4000 851 4058 medium
872 4000 1256 4059 castrorum,et
1280 3990 1488 4049 occidat
1507 3985 1882 4059 unusquisque
1898 3988 2014 4055 fra-

352 4100 525 4161 trem,
564 4102 617 4149 et
656 4092 922 4155 amicum,
942 4096 993 4144 et
1038 4083 1357 4158 proximum
1393 4095 1555 4135 suum
1596 4077 1797 4140 (Exod.
1828 4091 2008 4161 xxxii,

343 4184 459 4252 27).
482 4178 759 4237 Gladium
779 4176 996 4250 quippe
1026 4186 1205 4244 super
1234 4169 1422 4225 l'emur
1447 4179 1681 4237 ponere,
1703 4166 1789 4218 est
1806 4160 2011 4233 praedi-

344 4278 604 4337 cationis
634 4274 895 4332 studium
925 4267 1329 4341 voluptatibus
1366 4262 1561 4320 carnis
1594 4260 1914 4327 anteferre;
1946 4262 2012 4314 ut

350 4385 483 4427 cum
507 4370 718 4424 sancta
735 4362 868 4434 quis
887 4360 1081 4418 studet
1103 4358 1321 4424 dicere,
1339 4358 1506 4412 curet
1532 4365 1768 4409 necesse
1790 4354 1880 4405 est
1902 4347 2013 4404 illi-

347 4460 501 4516 citas
534 4452 940 4528 suggestioues
962 4449 1256 4506 edomare.
1292 4444 1371 4501 De
1389 4448 1556 4517 porta
1576 4456 1710 4497 vero
1733 4453 1918 4528 usque
1938 4437 2010 4528 ad

347 4554 587 4621 portam
609 4526 714 4608 ire,
732 4547 823 4600 est
850 4558 884 4596 a
911 4540 1053 4596 vitio
1069 4551 1257 4608 usque
1278 4533 1352 4590 ad
1372 4532 1603 4621 vitium,
1624 4545 1726 4602 per
1745 4526 2005 4621 quod_ad

349 4617 619 4695 mentem
645 4648 801 4690 mors
821 4624 1529 4703 ingreditur,incrapando
1551 4620 1896 4676 discurrere.
1909 4617 2010 4673 Per

350 4735 617 4792 medium
650 4745 781 4788 vero
809 4732 1131 4786 castrorum
1163 4722 1435 4786 transire,
1466 4724 1556 4775 est
1583 4722 1742 4773 tanta
1770 4712 2012 4787 aequali-

340 4832 466 4882 tate
506 4824 669 4879 intra
710 4815 1029 4876 Ecclesiam
1059 4814 1271 4877 vivere,
1303 4816 1366 4867 ut
1404 4809 1506 4882 qui
1540 4803 2009 4877 delinquentium

348 4914 559 4986 culpas
580 4906 903 4981 redarguit,
920 4905 980 4962 in
1010 4902 1236 4961 nullius
1254 4916 1314 4956 se
1333 4900 1540 4956 debeat
1571 4897 1821 4951 favorem
1839 4890 2013 4949 decli-

345 5020 520 5064 nare.
552 5002 720 5059 Unde
747 5004 805 5057 et
834 5002 990 5055 recte
1029 4992 1411 5066 subjungitur
1457 5005 1471 5044 :
1524 4986 1746 5044 Occidet
1773 4986 1861 5042 vir
1887 4986 2010 5053 fra-

348 5112 521 5169 trem,
550 5109 603 5158 et
619 5098 861 5155 amicum
892 5103 947 5153 et
963 5094 1289 5167 proximum
1304 5105 1486 5146 suum.
1508 5086 1762 5144 Fratrem
1792 5081 2013 5139 scilicet

350 5201 415 5252 et
435 5192 697 5250 amicum
718 5194 776 5245 et
790 5176 1545 5258 proximuminterticit,qui
1562 5190 1696 5233 cum
1721 5172 2013 5246 punienda

351 5282 605 5348 invenit,
627 5279 699 5334 ab
724 5272 1139 5347 increpationis
1162 5271 1261 5328 70
1283 5267 1477 5342 gladio
1509 5281 1612 5322 nec
1635 5264 1719 5321 eis
1742 5278 1885 5337 quos
1914 5277 2015 5335 per

352 5370 771 5447 cognationem
812 5364 1005 5438 diligit
1037 5363 1243 5436 parcit.
1276 5359 1334 5417 Si
1372 5372 1510 5429 ergo
1541 5353 1644 5447 ille
1672 5351 1768 5409 Dei
1800 5350 2015 5447 dicitur

354 5441 464 5537 qui
508 5460 577 5518 ad
626 5454 887 5514 ferienda
930 5452 1069 5509 vitia
1098 5450 1221 5509 zelo
1251 5447 1429 5505 divini
1464 5442 1681 5503 amoris
1728 5441 2016 5498 excitatur

430 5624 517 5692 (α)
545 5617 719 5692 Corb.
751 5612 937 5692 et_a_l_ii
966 5630 998 5669 a
1028 5614 1195 5671 Guss.
1238 5610 1367 5678 visi,
1398 5608 1531 5663 dum
1557 5603 1746 5665 divino
1774 5599 2009 5674 eloquio.

440 5686 522 5767 (ὁ)
550 5688 743 5759 Cr.rb.,
778 5688 826 5742 si
852 5686 1160 5761 lignorum.

2110 3298 2218 3368 10).
2254 3297 2398 3351 Hinc
2419 3300 2509 3352 est
2537 3296 2689 3368 quod
2722 3294 2877 3350 idem
2912 3294 3265 3365 Redemptor
3295 3305 3510 3361 noster,
3533 3311 3666 3350 cum
3690 3295 3749 3348 in

2107 3386 2269 3443 cmlis
2283 3384 2715 3450 sitconditor,et
2728 3382 3063 3439 ostensione
3091 3398 3211 3438 suis
3237 3382 3504 3454 potentia:
3522 3398 3755 3454 semper

2108 3477 2311 3531 doctor
2340 3473 2703 3544 angelorum,
2736 3478 2869 3529 ante
2900 3470 3219 3528 tricennale
3249 3477 3481 3542 tempus
3513 3472 3571 3527 in
3602 3477 3757 3527 terra

2110 3564 2383 3635 magister
2404 3562 2587 3619 noluit
2611 3561 2733 3617 fleri
2756 3561 3062 3618 hominum
3093 3579 3107 3629 ;
3129 3567 3191 3616 ut
3209 3560 3479 3617 videlicet
3501 3559 3758 3634 praecipi-

2109 3654 2247 3709 tatis
2275 3653 2393 3708 vim
2426 3651 2796 3708 saluberrimi
2836 3650 3059 3707 timoris
3090 3650 3443 3717 infunderet,
3475 3666 3607 3706 cum
3633 3650 3761 3723 ipse

2112 3741 2413 3813 etiam,qui
2434 3741 2547 3797 labi
2573 3757 2686 3797 non
2714 3744 2930 3812 posset,
2949 3741 3210 3810 perfectas
3226 3740 3353 3795 vitta
3378 3740 3623 3811 gratiam
3644 3755 3761 3795 non

2114 3831 2227 3888 nisi
2244 3831 2494 3904 perfecta
2516 3836 2684 3886 aetate
2711 3830 3067 3902 pradicaret.
3099 3829 3391 3900 Scriptum
3415 3830 3631 3900 quippe
3644 3835 3758 3883 est:

2115 3920 2251 3977 Cum
2287 3924 2463 3992 [actus
2510 3927 2643 3975 esset
2671 3932 2943 3973 annorum
2979 3917 3285 3986 duodecim,
3315 3915 3580 3973 remansit
3627 3931 3765 3987 puer

2112 4014 2275 4068 Iesus
2306 4011 2363 4064 in
2393 4008 2699 4065 Jerusalem
2719 4009 2865 4077 (Luc.
2901 4024 2962 4071 ιι,
2991 4006 3101 4077 42).
3128 4006 3205 4061 De
3228 4022 3341 4076 quo
3365 4022 3397 4060 a
3422 4004 3763 4077 parentibus

2117 4099 2423 4172 requisito,
2458 4100 2630 4170 paulo
2662 4102 2793 4170 post
2822 4097 3131 4153 subditur:
3162 4099 3489 4152 Invenerunt
3511 4096 3672 4150 illum
3703 4094 3764 4149 in

2118 4190 2315 4260 templo
2343 4188 2614 4244 sedentem
2646 4189 2705 4242 in
2736 4187 2919 4243 medio
2950 4187 3259 4252 doctorum,
3291 4186 3608 4241 audientem
3638 4183 3764 4239 illos

2117 4284 2171 4333 et
2192 4279 2631 4346 interrogantem
2656 4275 2835 4347 (Ibid.,
2864 4276 2969 4347 46).
2993 4274 3269 4339 νίιιὶιαοὶὶ
3290 4274 3485 4347 itaque
3508 4273 3767 4330 conside-

2119 4364 2339 4421 ratione
2384 4364 2751 4437 pensandum
2782 4369 2896 4430 est,
2923 4365 3074 4436 quod
3104 4379 3238 4420 cum
3268 4363 3437 4419 Jesus
3474 4377 3763 4417 annorum

2118 4453 2424 4511 duodecim
2456 4454 2670 4510 dicitur
2709 4454 2768 4509 in
2818 4453 3009 4510 medio
3040 4454 3342 4509 doctorum
3385 4453 3615 4520 sedens,
3647 4467 3764 4507 non

2120 4544 2357 4609 docens,
2387 4544 2486 4599 sed
2513 4543 2875 4609 interrogans
2898 4542 3210 4599 invenitur.
3235 4544 3356 4608 Quo
3378 4541 3643 4612 exemplo
3665 4542 3770 4595 sci-

2118 4632 2256 4689 licet
2295 4632 2623 4688 ostenditur
2654 4647 2726 4688 ne
2755 4631 3027 4687 inﬁrmus
3055 4632 3259 4686 docere
3291 4630 3424 4702 quis
3456 4631 3685 4695 audeat,
3717 4628 3767 4685 si

2117 4722 2217 4778 ille
2248 4737 2392 4795 puer
2414 4721 2606 4778 doceri
2641 4721 3046 4793 interrogando
3071 4719 3269 4783 voluit,
3299 4717 3400 4789 qui
3433 4732 3535 4788 per
3556 4716 3767 4773 divini-

2118 4812 2258 4867 tatis
2272 4811 2589 4883 potentiam
2606 4810 2848 4867 verbum
2863 4808 3120 4866 scientias
3135 4807 3279 4880 ipsis
3292 4806 3416 4863 suis
3433 4805 3766 4865 doctoribus

2118 4898 2497 4956 ministravit.
2519 4900 2665 4956 Cum
2685 4915 2817 4956 vero
2840 4914 2943 4970 per
2958 4896 3198 4954 Paulum
3218 4896 3506 4968 discipulo
3528 4896 3765 4953 dicitur.

2120 4989 2363 5061 ιιι-κάρα
2389 4990 2509 5047 haec
2536 4995 2592 5044 et
2619 4988 2749 5045 doce
2770 5005 2792 5043 :
2825 5002 2983 5043 nemo
3008 4985 3434 5043 adolescentiam
3456 4994 3609 5042 tuam
3636 5001 3771 5042 con-

2082 5120 2085 5127 .
2119 5083 2324 5134 temnat
2354 5080 2399 5147 (ι
2428 5077 2563 5134 Tim.
2598 5094 2670 5145 iv,
2710 5078 2833 5148 12):
2870 5076 3173 5133 sciendum
3206 5076 3375 5133 nobis
3414 5082 3501 5131 est
3538 5075 3679 5147 quia
3705 5073 3767 5130 in

2121 5184 2287 5224 sacro
2309 5167 2537 5240 eloquio
2557 5166 2872 5238 aliquando
2894 5165 3283 5222 adolescentia
3309 5165 3584 5235 juventus
3599 5180 3768 5220 voca-

2120 5260 2240 5313 tur.
2264 5256 2425 5321 Quod
2449 5255 2619 5311 citius
2638 5256 2983 5325 ostenditur,
3007 5256 3056 5311 si
3076 5255 3401 5311 Salomonis
3425 5253 3496 5308 ad
3517 5252 3768 5309 medium

2122 5346 2296 5403 verba
2327 5344 2719 5417 proferantur,
2761 5344 2864 5418 qui
2901 5344 3019 5402 ait:
3051 5344 3265 5403 Letare
3284 5344 3511 5415 juvenis
3548 5343 3607 5398 in
3635 5341 3770 5397 ado-

2125 5435 2383 5491 lescentia
2414 5441 2505 5489 tua
2554 5432 2749 5501 (Eccle.
2780 5449 2859 5505 xi,
2888 5434 2966 5506 9).
3018 5433 3077 5489 Si
3108 5430 3263 5487 enim
3297 5438 3549 5507 utraque
3586 5444 3771 5486 unum

2194 5594 2268 5662 (c)
2294 5594 2495 5659 Laud.,
2530 5592 2593 5648 de
2612 5594 2831 5648 virtutis
2858 5588 3277 5667 praedicatione.
