4136 6178
420 294 496 355 99
1618 289 1909 353 SANGTI
1954 289 2326 354 GBEGORII
2371 292 2625 355 MAGNI

3720 292 3841 357 100

422 442 545 484 esse
564 443 683 503 non
702 426 1058 496 decerneret,
1082 441 1258 500 quem
1284 423 1561 482 monebat
1582 423 1642 482 in
1665 424 2081 494 adolescentia,
2111 453 2164 523 Α
2198 444 2332 523 evu,
2351 428 2430 502 7).
2456 432 2655 501 Neque
2676 428 2827 486 enim
2854 428 2938 486 ait
2959 429 3279 495 manu,sed
3305 429 3567 501 dextera;
3600 438 3665 489 ut
3682 434 3845 493 vide-

417 519 692 592 juvenem
726 536 839 575 non
870 527 1123 575 vocaret.

842 629 931 684 77
961 625 1186 681 CAPUT
1222 623 1386 681 XXVI
1418 624 1524 697 (At.
1562 625 1650 697 1.].

423 716 711 786 Quomodo
746 714 1078 771 admonendi
1105 715 1302 786 quibus
1333 718 1519 770 omnia
1547 731 1616 770 ex
1642 715 1920 772 sententia
1951 731 2073 772 suc-

882 789 1099 855 cedunt,
1127 792 1180 842 et
1208 787 1409 858 quibus
1430 787 1609 843 nulla.

496 876 849 947 (Admonitio
880 876 995 948 27).
1022 877 1200 932 Aliter
1226 876 1575 932 admonendi
1599 884 1732 932 sunt
1756 876 1854 949 qui
1885 877 1943 933 in
1966 876 2076 933 hoc

426 967 580 1037 quod
599 966 877 1037 tempora!
890 966 1001 1020 iter
1016 972 1298 1038 appetunt
1314 976 1754 1038 prosperantur;
1780 976 1872 1039 atq
1885 983 1954 1023 ue
1978 967 2079 1023 ali-

429 1059 518 1110 ter
546 1062 641 1128 qui
676 1071 744 1111 ea
774 1055 1009 1128 quidem
1055 1071 1179 1127 quas
1216 1055 1417 1110 mundi
1471 1066 1605 1110 sunt
1635 1056 2078 1127 concupiscunt,

425 1144 526 1201 sed
548 1150 736 1199 tamen
753 1146 824 1199 ad
836 1142 1119 1199 versitatis
1137 1141 1334 1198 labore
1357 1142 1689 1213 fatigantur.
1711 1142 2078 1199 Admonendi

422 1250 674 1306 namque
703 1239 838 1288 sunt
863 1234 962 1305 qui
985 1232 1043 1287 in
1065 1232 1175 1289 hoc
1200 1232 1353 1304 quod
1384 1232 1777 1303 temporaliter
1795 1235 2080 1304 appetunt

426 1328 864 1398 prosperantur,
889 1338 960 1377 ne
991 1338 1122 1377 cum
1160 1326 1371 1377 cuncta
1399 1321 1469 1377 ad
1511 1329 1706 1376 votum
1737 1326 2077 1393 snppetunt,

429 1416 662 1471 dantem
683 1427 940 1483 quaerere
962 1409 1259 1483 negligant
1276 1430 1289 1478 ;
1306 1410 1384 1482 (a)
1404 1411 1504 1465 sed
1521 1410 1579 1465 in
1602 1409 1694 1467 bis
1718 1426 1842 1483 quae
1865 1411 2083 1467 dantur

424 1505 689 1563 animum
721 1503 898 1571 ﬁgant
923 1519 937 1569 ;
972 1517 1043 1557 ne
1073 1500 1595 1573 peregrinationem
1619 1517 1720 1572 pro
1737 1501 1919 1570 patria
1949 1501 2083 1557 dili-

429 1600 569 1668 gant
600 1609 672 1649 ne
703 1590 970 1650 subsidia
1010 1590 1238 1647 itineris
1269 1591 1329 1646 in
1361 1590 1662 1647 obstacula
1692 1591 2084 1664 perventionis

429 1687 678 1750 vertant,
702 1698 773 1738 ne
800 1689 1080 1738 nocturno
1111 1679 1263 1736 luna
1295 1679 1513 1736 lumine
1546 1680 1831 1748 delectati,
1862 1680 2089 1737 clarita-

2197 514 2331 573 lieet
2363 534 2491 573 cum
2524 517 2820 573 dexteram
2853 518 3087 586 diceret,
3113 518 3250 589 quia
3278 524 3551 575 aeternam
3584 521 3841 579 salutem

2187 612 2491 677 quaereret,
2540 607 2843 663 indicaret.
2898 606 3043 662 Hine
3091 624 3324 663 rursum
3374 608 3657 678 scriptum
3709 619 3843 675 est:

2190 696 2425 752 Dextera
2446 713 2642 752 manus
2659 706 2776 764 tua,
2798 695 3040 761 Domine,
3068 698 3343 767 con/regit
3366 696 3618 755 inimicos
3648 700 3841 771 (Exod.

2186 801 2280 853 xv,
2321 786 2377 855 6,
2407 801 2511 841 sec.
2545 785 2716 856 LXX).
2752 784 2955 841 Hostes
2996 785 3152 841 enim
3196 784 3296 842 Dei
3339 785 3445 841 etsi
3491 789 3549 843 in
3603 788 3844 847 sinistra

2188 875 2317 946 ejus
2339 874 2673 946 proficiunt,
2696 875 2931 930 dextera
2957 875 3305 947 franguntur
3326 874 3462 947 quia
3486 874 3836 950 plerumque

2189 980 2394 1036 pravos
2435 964 2550 1019 vita
2599 980 2856 1036 praesens
2895 962 3101 1033 elevat,
3144 964 3245 1020 sed
3288 964 3569 1022 adventus
3607 971 3831 1024 aeterna:

2189 1052 2571 1110 beatitudinis
2601 1054 2859 1111 damnat.

2262 1145 2629 1200 Admonendi
2652 1154 2787 1201 sunt
2810 1144 2909 1217 qui
2934 1144 2993 1200 in
3018 1144 3127 1201 hoc
3152 1146 3371 1203 mundo
3396 1151 3833 1220 prosperantur,

2191 1237 2256 1289 ut
2278 1235 2516 1289 solerter
2545 1234 2909 1291 considerent
2942 1234 3076 1307 quia
3106 1235 3412 1307 praesentis
3439 1237 3570 1292 vitae
3604 1253 3841 1308 prospe-

2193 1323 2335 1379 ritas
2377 1323 2692 1396 aliquando
2723 1324 2938 1380 idcirco
2977 1324 3146 1380 datur
3184 1328 3248 1379 ut
3288 1325 3357 1381 ad
3400 1325 3695 1382 meliorem
3738 1328 3836 1385 78

2192 1415 2368 1469 vitam
2404 1418 2694 1485 provocet,
2717 1414 3032 1485 aliquando
3064 1418 3190 1470 veto
3223 1418 3284 1468 ut
3316 1414 3372 1469 in
3397 1420 3681 1471 aeternum
3713 1414 3837 1487 ple-

2195 1503 2326 1559 nius
2358 1503 2615 1560 damnet.
2648 1502 2788 1559 Pinc
2828 1506 2914 1559 est
2943 1502 3101 1559 enim
3137 1503 3292 1575 quod
3324 1503 3476 1575 plebi
3508 1503 3839 1562 Israeliticae

2196 1592 2467 1649 Chanaan
2498 1601 2642 1649 terra
2667 1594 3047 1666 promittitur,
3071 1597 3138 1649 ut
3169 1595 3515 1667 quandoque
3536 1596 3608 1652 ad
3626 1600 3841 1654 aeterna

2198 1683 2486 1754 speranda
2508 1690 2863 1753 provocetur.
2887 1683 3086 1755 Neque
3109 1684 3264 1739 enim
3288 1683 3454 1739 rudis
3476 1684 3573 1740 ille
3594 1684 3844 1758 populus

435 1781 548 1839 tem
570 1772 712 1829 solis
730 1770 924 1826 videre
941 1768 1632 1842 refugiant.Admonendi
1652 1769 1844 1841 itaque
1865 1773 2079 1827 suntut
2109 1776 2153 1840 Β
2190 1771 2682 1845 promissionibus
2729 1771 2831 1827 Dei
2871 1771 2930 1828 in
2975 1770 3356 1844 longinquum
3405 1774 3683 1843 crederet,
3716 1776 3762 1830 si
3810 1792 3845 1832 a

436 1860 752 1935 quaequein
771 1859 882 1915 hoc
904 1857 1123 1915 mundo
1142 1862 1606 1931 consequuntur,
1631 1858 1979 1916 calamitatis
1996 1875 2085 1916 so-

438 1951 603 2018 latia,
628 1966 745 2006 non
768 1953 959 2005 autem
992 1946 1232 2020 prtemia
1261 1947 1655 2004 retributionis
1677 1947 1948 2015 credant;
1980 1949 2080 2006 sed

443 2046 646 2103 contra
670 2044 893 2098 tavores
916 2041 1119 2096 mundi
1151 2044 1407 2096 mentem
1437 2039 1683 2112 erigant,
1719 2056 1792 2096 ne
1822 2040 1881 2095 in
1912 2040 1997 2097 eis
2017 2056 2081 2098 ex

436 2136 559 2190 tota
582 2130 775 2188 cordis
796 2129 1176 2187 delectatione
1205 2130 1605 2185 succumbant.
1632 2129 1907 2201 Quisquis
1928 2130 2085 2186 enim

438 2221 886 2294 prosperitatem
930 2235 1048 2291 qua
1098 2218 1297 2287 utitur,
1329 2218 1486 2291 apud
1526 2218 1816 2289 judicium
1869 2220 2080 2292 cordis,

439 2308 698 2367 melioris
742 2308 874 2364 vitae
925 2322 1122 2363 amore
1168 2323 1280 2363 non
1332 2307 1617 2379 reprimit,
1653 2307 1904 2364 favorem
1954 2308 2086 2365 vitae

439 2398 802 2457 transeuntis
846 2397 907 2453 in
941 2397 1140 2452 mortis
1170 2405 1456 2468 perpetuae
1496 2397 1861 2453 occasionem
1892 2399 2086 2458 vertit.

449 2489 594 2546 Hinc
611 2492 699 2544 est
716 2486 871 2542 enim
899 2486 1053 2559 quod
1074 2485 1183 2541 sub
1200 2486 1585 2542 Idumeorum
1603 2487 1816 2558 specie,
1842 2487 1942 2560 qui
1958 2489 2086 2544 viu-

446 2578 663 2637 cendos
693 2577 772 2649 (b)
799 2592 861 2633 se
884 2575 1250 2648 prosperitati
1272 2592 1390 2633 sum
1422 2576 1805 2649 reliquerunt,
1826 2577 1884 2634 in
1908 2577 2089 2648 huius

444 2665 652 2724 mundi
671 2662 1313 2721 successibuslaatantes
1327 2665 1838 2738 inerepanturcum
1853 2667 2086 2723 dicitur:

444 2755 720 2812 Dederunt
741 2757 949 2809 terram
976 2769 1154 2809 meam
1182 2754 1292 2809 sibi
1318 2754 1378 2809 in
1402 2753 1781 2811 htereditatem
1810 2771 1933 2811 cum
1958 2772 2092 2825 gau-

445 2846 559 2912 dio,
590 2848 646 2901 et
670 2848 779 2901 toto
809 2842 990 2913 corde,
1021 2852 1073 2900 et
1097 2860 1167 2899 ea:
1192 2845 1379 2900 animo
1406 2844 1619 2913 (Ezech.
1640 2846 1924 2915 xxxvr,5).
1955 2845 2091 2913 Qui-

453 2936 563 2992 bus
594 2935 778 2991 verbis
808 2934 1206 3007 perpenditur,
1240 2935 1396 3005 quod
1422 2952 1536 2991 non
1566 2935 1755 2992 solum
1778 2937 1913 3009 quia
1945 2955 2092 3008 gau-

449 3026 647 3095 deant,
681 3025 778 3081 sed
813 3022 965 3096 quod
997 3027 1116 3081 toto
1157 3024 1329 3081 corde
1357 3028 1415 3081 et
1456 3040 1525 3080 ex
1553 3025 1749 3082 animo
1778 3026 2090 3098 gaudeant,

450 3114 719 3171 districta
734 3112 1187 3184 reprehensione
1209 3113 1506 3190 feriantur.
1524 3114 1667 3170 Hine
1686 3114 1960 3173 Salomon
1979 3118 2088 3177 ait:
2118 3134 2160 3201 ρ

443 3203 667 3262 Acersio
685 3204 1051 3276 parvulorum
1071 3203 1370 3275 interﬁciat
1398 3219 1505 3271 eos,
1531 3207 1580 3260 et
1596 3207 1932 3276 prosperitas
1948 3208 2087 3263 stul-

445 3300 627 3351 torum
654 3293 843 3366 perdet
874 3293 997 3348 illos
1017 3294 1204 3365 (Prov.
1240 3310 1278 3357 ι,
1312 3293 1421 3360 32).
1460 3293 1603 3349 Hinc
1635 3294 1851 3351 Paulus
1880 3294 2085 3353 admo-

442 3392 537 3439 net
565 3383 765 3439 dicens
791 3399 804 3437 :
839 3382 948 3449 Qui
977 3385 1189 3448 emunt,
1214 3386 1486 3454 tanquam
1511 3399 1622 3438 non
1647 3383 2007 3453 possidentes,
2038 3393 2087 3441 et

438 3473 536 3545 qui
560 3475 793 3528 utuntur
821 3470 920 3527 hoc
948 3471 1170 3539 mundo,
1200 3478 1466 3543 tanquam
1494 3487 1607 3526 non
1629 3483 1861 3527 utantur
1886 3474 1932 3543 (ι
1962 3474 2083 3528 Cor.

440 3578 543 3629 vn,
574 3561 688 3632 30).
723 3560 791 3616 Ut
820 3559 1090 3617 videlicet
1119 3560 1200 3616 sic
1235 3561 1401 3616 nobis
1424 3576 1548 3630 quae
1573 3566 1909 3630 suppetunt,
1929 3566 2087 3618 exte-

436 3650 562 3707 rius
578 3648 806 3705 servian
816 3653 1149 3719 t,quatenus
1164 3651 1547 3720 asupernaz(c)
1562 3650 1959 3707 delectationis
1971 3654 2088 3707 stu-

441 3740 537 3796 dio
558 3738 821 3795 animum
849 3754 963 3794 non
986 3738 1300 3805 inﬂectant,
1325 3755 1396 3795 ne
1417 3737 1633 3795 luctum
1659 3738 2085 3797 nobisinternm

409 3826 927 3903 peregrinationis
967 3832 1291 3899 temperent
1321 3844 1501 3899 eaque
1543 3828 1602 3884 in
1632 3827 1835 3885 exsilio
1884 3830 2086 3901 positis

441 3918 769 3976 subsidium
788 3918 1062 3988 prebeat;
1076 3928 1127 3973 et
1141 3917 1309 3990 quasi
1324 3918 1589 3975 felicesin
1608 3919 1960 3978 transitoriis
1982 3938 2086 3978 nos

439 4009 815 4080 gaudeamus,
835 4007 934 4078 qui
962 4008 1034 4063 ab
1071 4007 1302 4064 internis
1324 4008 1403 4079 (d)
1434 4025 1542 4064 nos
1573 4009 1808 4066 interim
1842 4013 2084 4068 miseros

440 4092 756 4146 cernimus.
793 4088 936 4144 Hinc
987 4104 1243 4161 namque
1290 4090 1561 4162 estquod
1601 4090 1914 4149 electorum
1950 4109 2085 4150 voce

438 4177 581 4235 dicit
611 4177 867 4235 Ecclesia
894 4194 907 4232 :
941 4179 1100 4236 Laeva
1124 4178 1243 4250 ejus
1272 4179 1375 4235 sub
1403 4179 1587 4250 capite
1607 4196 1749 4249 meo,
1771 4185 1824 4237 et
1851 4181 2084 4241 dextera

408 4268 593 4325 illius
631 4266 1049 4335 amplexabitur
1081 4283 1168 4324 me
1203 4269 1382 4339 (Cant.
1415 4286 1479 4337 Il,
1503 4270 1582 4339 6).
1622 4270 1925 4328 Sinistram
1960 4272 2082 4340 Dei,

441 4356 885 4431 prosperitatem
908 4357 1174 4414 videlicet
1186 4358 1315 4415 vitae
1331 4361 1656 4432 praesentis,
1677 4361 1843 4432 quasi
1875 4364 1982 4419 sub
1995 4378 2085 4420 ca-

442 4448 562 4523 pite
594 4454 983 4521 posuit,quam
1016 4449 1338 4507 intentione
1363 4450 1578 4507 summi
1612 4452 1828 4508 amoris
1852 4452 2080 4523 premit.

440 4543 683 4596 Dextera
700 4555 834 4594 vero
857 4538 961 4595 Dei
991 4554 1121 4595 eam
1145 4539 1553 4612 amplectitur;
1586 4540 1723 4610 quia
1745 4542 1856 4597 sub
1877 4548 2090 4600 aeterna

440 4630 571 4701 ejus
612 4628 975 4687 beatitudine
1025 4632 1141 4685 tota
1192 4628 1497 4685 devotione
1535 4631 1888 4687 continetur.
1940 4632 2087 4689 Hinc

436 4735 665 4785 rursum
687 4735 789 4793 per
805 4719 1177 4776 Salomonem
1200 4718 1445 4777 dicitur:
1469 4720 1776 4789 Longitudo
1797 4721 2013 4779 dierum
2026 4725 2089 4780 in

412 4808 662 4865 dextera
704 4811 842 4881 ejus,
884 4810 945 4865 in
968 4809 1203 4866 sinistra
1232 4824 1356 4865 vero
1384 4810 1539 4865 illius
1569 4810 1794 4869 divitiae
1823 4820 1876 4867 et
1904 4812 2090 4883 gloria

436 4901 629 4970 (Prov.
661 4917 749 4969 ιιι,
774 4901 1138 4973 t6).Divitie
1168 4902 1363 4975 itaque
1388 4905 1446 4958 et
1475 4901 1658 4974 gloria
1692 4902 1940 4976 qualiter
1969 4905 2089 4962 sint

440 4988 711 5047 habenda
740 4990 957 5059 docuit,
981 5008 1109 5064 quae
1136 4992 1326 5063 posita
1355 4991 1415 5048 in
1447 4992 1693 5049 sinistra
1722 4995 2084 5051 memoravit.

438 5079 599 5139 Hinc
618 5078 927 5138 Psalmista
950 5080 1035 5137 ait
1063 5097 1079 5137 :
1108 5081 1333 5138 Salvum
1362 5098 1450 5139 me
1477 5083 1567 5151 fac
1592 5081 1819 5140 dextera
1849 5087 1945 5140 tua
1974 5086 2086 5156 (Ps.

510 5238 1054 5325 (a)Gemeticenses,
1066 5239 1323 5325 sedaquo
1336 5240 1543 5325 dantur
1563 5245 1749 5325 animo
1762 5244 1964 5325 ﬁgant.
1980 5245 2087 5303 Alii

440 5311 666 5388 No_rm.,
698 5311 1033 5388 cum_tertio
1062 5311 1397 5388 Ca_rnot.,_si
1424 5315 1485 5368 in
1514 5315 1598 5371 his
1626 5311 1772 5388 qua",
1802 5311 1905 5372 etc.

517 5384 592 5452 (ὁ)
620 5383 815 5451 Corb.,
842 5381 998 5438 Belv.
1024 5387 1079 5439 et
1110 5383 1226 5440 duo
1256 5384 1478 5457 priores
1509 5381 1765 5455 Carnot;
1788 5404 1843 5443 se
1865 5404 2090 5462 prospe-

443 5456 613 5510 ritate
638 5472 760 5510 sua.

517 5527 593 5605 (_c)
613 5525 1039 5605 ﬁelvtprimus
1065 5529 1123 5582 et
1151 5525 1359 5584 tertius
1389 5529 1583 5595 Carn.,
1606 5530 1901 5601 Rothom.,
1934 5533 2087 5605 Lyr.,

442 5597 575 5654 Val.
606 5597 718 5668 CL,
738 5597 1084 5654 dilectionis.

519 5670 597 5743 (ἀ)
618 5669 866 5734 Exclusi,
891 5685 987 5728 nos
1010 5668 1277 5727 interimi.
1301 5669 1678 5732 Adbaeremus
1700 5674 1889 5745 Trec.,
1910 5673 2089 5744 Belv.,

2191 1860 2547 1933 promissore
2567 1876 2671 1916 suo
2694 1877 2809 1915 non
2834 1860 3009 1916 etiam
3040 1877 3070 1916 e
3099 1859 3292 1917 vicino
3310 1860 3527 1935 aliquid
3553 1863 3841 1935 percepis-

2191 1952 2297 2005 set.
2324 1949 2393 2006 Ut
2423 1965 2559 2023 ergo
2587 1948 2661 2005 ad
2690 1954 3038 2006 aeternorum
3069 1950 3242 2007 fidem
3269 1951 3485 2008 certius
3514 1952 3839 2020 roboratur,

2193 2052 2564 2110 nequaquam
2596 2036 2960 2095 solummodo
2983 2055 3086 2110 spe
3116 2039 3191 2095 ad
3224 2055 3338 2108 res,
3358 2041 3455 2097 sed
3488 2041 3663 2099 rebus
3694 2058 3839 2115 quo-

2190 2144 2302 2199 que
2325 2128 2395 2183 ad
2420 2143 2583 2200 spem
2616 2127 2890 2183 trahitur.
2917 2128 3074 2193 Quod
3100 2128 3324 2201 liquido
3347 2129 3652 2187 Psalmista
3669 2137 3844 2188 testa-

2193 2221 2311 2288 tur,
2342 2217 2541 2273 dicens
2578 2235 2591 2274 :
2641 2216 2800 2273 Dedit
2830 2216 2908 2273 eis
2947 2220 3199 2287 regiones
3225 2222 3496 2288 gentium,
3529 2224 3583 2277 et
3624 2221 3846 2279 labores

2191 2307 2521 2381 populorum
2546 2309 2901 2379 possederunt
2935 2322 2948 2362 :
2984 2315 3045 2363 ut
3083 2309 3394 2364 custodiant
3416 2310 3842 2381 iustiﬁcationes

2192 2398 2397 2468 ejus,et
2419 2397 2589 2469 legem
2609 2398 2725 2465 eius
2746 2398 3032 2468 requirant
3055 2396 3168 2469 (Ps.
3192 2413 3301 2465 cxv,
3321 2399 3432 2472 44).
3453 2399 3565 2455 Sed
3583 2416 3715 2457 cum
3734 2400 3847 2457 lar-

2194 2484 2447 2557 gientcm
2482 2484 2663 2541 Deum
2706 2482 2963 2540 humana
3002 2501 3168 2541 mens
3210 2486 3345 2542 boni
3386 2488 3578 2560 operis
3608 2489 3681 2559 (e)
3723 2504 3842 2545 res-

2196 2573 2479 2647 ponsione
2510 2590 2624 2630 nou
2666 2575 2951 2646 sequitur,
2985 2575 3140 2631 unde
3181 2576 3403 2632 nutrita
3444 2577 3537 2649 pie
3575 2577 3847 2648 creditur,

2196 2665 2331 2721 inde
2354 2664 2580 2737 justius
2611 2665 2946 2721 damnatur.
2976 2664 3121 2722 Hinc
3152 2666 3309 2722 enim
3344 2684 3440 2739 per
3472 2667 3846 2725 Psalmistam

2196 2771 2433 2811 rursum
2466 2754 2718 2813 dicitur:
2750 2755 3003 2828 Dejccisti
3031 2771 3145 2820 eos,
3167 2756 3297 2811 dum
3319 2757 3699 2814 alienarentur
3728 2759 3847 2829 (Ps.

2198 2861 2368 2912 Lxm,
2403 2844 2507 2915 18).
2557 2844 2699 2909 Quia
2744 2844 3011 2902 videlicet
3051 2846 3282 2917 reprobi
3315 2862 3448 2903 cum
3486 2854 3640 2903 recta
3671 2864 3850 2919 opera

2198 2932 2411 2989 divinis
2439 2933 2776 2989 muneribus
2799 2950 2913 2990 non
2946 2935 3294 3005 rependunt,
3318 2950 3450 2990 cum
3487 2938 3635 2992 totos
3656 2952 3719 2993 se
3748 2936 3846 2993 hic

2198 3023 2494 3093 deserunt,
2516 3028 2575 3078 et
2597 3023 2971 3079 affluentibus
3004 3023 3492 3097 prosperitatibus
3519 3025 3850 3095 dimittunt,

2199 3114 2355 3169 unde
2392 3113 2644 3169 exterius
2682 3113 3014 3184 proﬁciunt,
3054 3112 3189 3169 inde
3235 3114 3308 3170 ab
3348 3114 3573 3171 intimis
3614 3115 3851 3171 cadunt.

2198 3202 2343 3259 ilinc
2384 3212 2467 3258 est
2508 3203 2663 3275 quod
2705 3202 2761 3257 in
2804 3202 3034 3259 inferno
3073 3202 3329 3259 erueiato
3371 3203 3533 3260 diviti
3574 3204 3792 3260 dicitur
3836 3220 3852 3262 :

2198 3289 2464 3361 Recepisti
2485 3291 2624 3346 bona
2646 3292 2703 3346 in
2724 3291 2840 3346 vita
2871 3299 2966 3347 tua
2986 3294 3138 3361 (Luc.
3162 3308 3277 3359 xvr,
3308 3292 3425 3358 25).
3452 3291 3670 3349 Idcirco
3686 3293 3845 3349 enim

2199 3379 2349 3434 bona
2380 3378 2473 3433 hic
2496 3378 2715 3450 recepit
2735 3384 2792 3435 et
2816 3379 3026 3447 malus,
3052 3385 3119 3435 ut
3142 3379 3261 3436 illic
3285 3379 3517 3451 plenius
3539 3379 3693 3436 mala
3713 3379 3857 3437 reci-

2197 3473 2377 3540 peret,
2410 3467 2549 3538 quia
2581 3466 2675 3522 hic
2702 3469 2891 3524 fuerat
2919 3484 3026 3525 nec
3054 3483 3155 3539 per
3187 3470 3343 3525 bona
3374 3485 3713 3526 conversus.

2270 3562 2337 3613 At
2376 3562 2577 3613 contra
2615 3557 2966 3613 admonendi
3006 3566 3167 3627 sunt,
3199 3558 3300 3632 qui
3341 3575 3410 3614 ea
3446 3560 3685 3631 quidem
3726 3575 3863 3630 quas

2196 3646 2401 3703 mundi
2449 3651 2587 3702 sunt
2624 3647 3066 3720 concupiscunt,
3108 3648 3205 3703 sed
3246 3652 3444 3704 tamen
3486 3648 3858 3705 adversitatis

2195 3736 2391 3792 labore
2417 3736 2748 3807 fatigantur,
2771 3742 2833 3792 ut
2851 3737 3097 3793 sollicita
3119 3737 3586 3794 consideratione
3609 3754 3853 3810 perpen-

2195 3827 2355 3896 dant,
2389 3825 2625 3882 Creator
2662 3827 2735 3898 (f)
2774 3826 3203 3899 dispositorque
3243 3832 3585 3883 cunctorum
3626 3832 3853 3899 quanta

2194 3931 2372 3987 super
2399 3931 2499 3970 eos
2530 3915 2717 3987 gratia
2744 3915 2965 3987 vigilat,
3002 3932 3150 3987 quos
3184 3916 3242 3971 in
3274 3933 3389 3973 sua.
3409 3916 3696 3973 desideria
3726 3934 3847 3974 non

2196 4004 2427 4062 relaxat.
2458 4004 2629 4076 IEgro
2646 4004 2865 4077 quippe
2896 4020 3071 4076 quem
3096 4004 3360 4064 medicus
3393 4006 3688 4078 desperat,
3709 4024 3851 4064 con-

2194 4094 2347 4150 cedit
2378 4099 2441 4150 ut
2462 4099 2669 4150 cuncta
2702 4111 2829 4167 quae
2860 4095 3258 4168 concuspiseit
3278 4094 3543 4168 accipiat.
3578 4096 3724 4153 Nam
3747 4097 3850 4169 qui

2194 4183 2389 4241 sanari
2423 4200 2594 4256 posse
2624 4184 2903 4253 creditur,
2935 4202 2967 4240 a
2997 4184 3206 4240 multis
3236 4201 3365 4255 quas
3395 4186 3620 4257 appetit
3652 4185 3855 4256 probi-

2195 4274 2405 4330 betur:
2432 4278 2488 4329 et
2512 4273 2705 4346 pueris
2734 4290 3011 4331 nummos
3030 4274 3457 4341 subtrahimus,
3484 4275 3702 4347 quibus
3724 4281 3850 4337 tota

2195 4362 2377 4420 simul
2405 4363 2754 4434 patrimonia
2776 4363 3107 4420 haeredibus
3126 4380 3513 4421 reservamus.
3543 4364 3688 4422 Hinc
3708 4381 3849 4438 ergo

2195 4453 2267 4507 de
2305 4469 2410 4524 spe
2439 4460 2663 4508 eterna
2704 4452 3060 4510 htereditatis
3097 4454 3381 4526 gaudium
3412 4458 3669 4522 sumant,
3699 4471 3852 4526 quos

2198 4542 2521 4598 adversitas
2549 4542 2677 4597 vitae
2708 4542 3048 4613 temporalia
3079 4542 3389 4611 humiliat;
3422 4544 3560 4615 quia
3590 4542 3701 4601 nisi
3725 4544 3851 4600 sal-

2196 4631 2414 4687 vandos
2470 4632 2529 4686 in
2592 4636 2939 4704 perpetuum
2995 4637 3282 4698 cerneret,
3340 4632 3853 4690 erudiendos-sub

2172 4756 2175 4759 -
2199 4720 2341 4777 disci
2352 4720 2523 4793 plinas
2545 4719 2828 4792 regimine
2846 4720 3044 4777 divina
3065 4722 3425 4795 dispensatio
3439 4738 3553 4779 non
3572 4720 3854 4779 (reparet.

2196 4810 2563 4867 Admonendi
2592 4810 2790 4881 itaque
2810 4818 2946 4867 sunt
2967 4811 3152 4884 quiin
3182 4810 3277 4867 his
3294 4827 3423 4883 quae
3453 4809 3859 4883 temporaliter

2198 4902 2645 4975 concupiscunt,
2667 4902 3041 4961 adversitatis
3058 4902 3620 4974 laborefatigantur,
3641 4908 3705 4959 ut
3726 4900 3856 4958 sol-

2198 4991 2356 5049 licite
2384 4991 2750 5050 considerent
2773 4992 2928 5063 quod
2950 4990 3299 5064 plerumque
3315 4990 3491 5049 etiam
3501 4990 3693 5063 justos
3711 5005 3854 5065 cum

2196 5081 2539 5154 temporalis
2570 5080 2833 5155 potentia
2853 5079 3139 5151 sustollit,
3163 5080 3321 5157 velut
3344 5080 3653 5159 inlaqueo
3675 5079 3859 5161 culpa

2199 5250 2396 5326 Corb.,
2423 5252 2601 5308 Laud.
2625 5255 2681 5307 et
2713 5251 2947 5309 duobus
2974 5249 3265 5326 prioribus
3295 5250 3459 5309 Carn.
3494 5250 3725 5309 Tertius
3746 5246 3856 5315 ba-

2170 5392 2173 5395 _
2199 5322 2318 5387 bet,
2351 5339 2449 5379 nos
2480 5326 2740 5381 interius.

2274 5395 2573 5479 (e)Vi-snm
2606 5405 2686 5450 est
2721 5395 3054 5479 iilditoribus
3078 5411 3306 5479 ponere,
3330 5394 3855 5479 repensationep'ro

2198 5469 2567 5535 responsione,
2600 5468 2755 5537 quod
2788 5467 2999 5532 legitur
3028 5468 3085 5522 in
3122 5470 3399 5522 omnibus
3429 5471 3565 5523 Mss.
3604 5467 3849 5521 nostris.

2271 5539 2336 5610 (ω
2362 5539 2539 5611 Iidem
2573 5539 2674 5611 Ed.
2700 5548 2991 5596 mutarunt
3020 5539 3441 5611 dispudet-(sic
3475 5537 3685 5595 habent
3708 5537 3849 5594 Mss.

2271 5539 2336 5610 (ω
2362 5539 2539 5595 Iidem
2573 5539 2674 5594 Ed.
2700 5548 2991 5596 mutarunt
3020 5539 3441 5611 dispudet-(sic
3475 5539 3685 5595 habent
3708 5539 3849 5594 Mss.

2199 5612 2430 5682 omnes)
2461 5610 2542 5679 in,
2574 5610 2935 5685 dispensator.
