4136 6178
300 305 413 363 101

1060 296 1401 358 REGUL/E
1444 294 1933 359 PASTORALIS
1979 294 2236 358 LIBER.
2282 328 2359 342 --
2404 296 2606 357 PARS
2649 297 2955 358 TERTIA.

3598 298 3714 359 102

298 431 772 507 comprehendit.
803 430 951 487 Nam
980 428 1135 487 sicut
1153 430 1212 486 in
1235 428 1413 502 priori
1437 428 1615 502 hujus
1636 429 1951 487 voluminis
1980 458 2036 527 Α
2065 427 2352 486 desiderio
2383 433 2700 502 exspectat.
2735 429 2861 487 Non
2893 430 3086 487 ﬂendo
3117 432 3308 486 autem
3341 428 3499 497 flere,
3523 430 3716 487 estsic

301 536 471 602 parte
489 526 611 597 jam
644 522 904 578 diximus
932 522 975 591 (ι
1001 526 1181 591 parte,
1203 534 1252 575 c.
1279 519 1355 589 3),
1393 519 1569 575 David
1606 520 1715 576 Deo
1744 519 1960 575 amabi-

301 618 385 675 lis
425 616 628 673 rectior
665 612 773 667 fuit
817 610 878 666 in
918 609 1173 678 servitio,
1196 624 1376 681 quam
1418 625 1552 666 cum
1595 608 1855 682 pervenit
1884 610 1957 665 ad

304 722 551 779 regnum
580 706 624 773 (1
671 705 801 773 Reg.
848 717 1002 768 xxxv,
1054 700 1163 767 18),
1209 699 1424 755 Servus
1464 716 1716 768 namque
1764 716 1958 756 amore

285 796 561 871 justitiae,
605 792 1043 863 deprehensum
1084 788 1480 844 adversarium
1526 789 1695 846 ferire
1726 788 1952 857 timuit;

292 903 393 943 rex
440 888 638 940 autem
688 879 1065 952 persuasione
1118 876 1361 933 luxuriae
1408 877 1676 934 devotum
1714 877 1955 933 militem

292 976 472 1033 etiam
507 972 622 1028 sub
650 970 847 1026 studio
882 968 1099 1025 fraudis
1137 966 1413 1023 exstinxit
1444 970 1523 1035 (II
1566 969 1692 1040 Reg.
1733 984 1811 1034 x1,
1846 969 1955 1039 17).

290 1066 437 1135 Quis
471 1079 613 1136 ergo
644 1077 808 1135 opes,
832 1060 969 1133 quis
992 1063 1360 1131 potestatem,
1384 1060 1517 1130 quis
1537 1058 1785 1131 gloriam
1801 1075 1957 1129 quaa-

289 1164 375 1212 rat
406 1152 675 1216 innoxie,
710 1150 757 1205 si
789 1156 849 1205 et
880 1149 963 1204 illi
994 1147 1337 1204 exstiterunt
1370 1148 1560 1216 noxia,
1586 1149 1685 1219 qui
1721 1149 1841 1203 haec
1859 1148 1959 1203 ha-

286 1245 417 1301 buit
450 1260 572 1299 non
606 1239 898 1314 quesita?
928 1239 1067 1303 Quis
1106 1243 1259 1293 inter
1300 1238 1420 1294 hmo
1453 1238 1578 1293 sine
1608 1237 1807 1309 magni
1836 1238 1955 1293 dis-

283 1333 565 1392 criminis
589 1333 789 1387 labore
814 1328 1159 1397 salvabitur,
1178 1327 1226 1383 si
1250 1326 1343 1383 ille
1364 1327 1422 1382 in
1455 1326 1544 1382 his
1574 1327 1748 1398 culpa
1772 1327 1955 1381 inter-

285 1425 566 1482 veniente
598 1421 867 1478 turbatus
913 1423 1020 1486 est,
1053 1418 1154 1491 qui
1204 1418 1275 1473 ad
1326 1417 1447 1473 haec
1479 1418 1667 1473 fuerat
1706 1418 1822 1473 Deo
1851 1417 1956 1473 eli-

287 1519 469 1588 gente
502 1516 871 1585 praeparatus
890 1510 919 1565 ‘I
947 1508 1311 1565 Admonendi
1342 1510 1481 1564 sunt
1510 1515 1568 1563 ut
1588 1506 1959 1564 considerent

288 1605 432 1678 quia
465 1603 748 1660 Salomon
780 1599 881 1672 qui
913 1606 1039 1671 post
1062 1601 1281 1654 tantam
1306 1595 1647 1667 sapientiam
1670 1611 1853 1667 usque
1884 1596 1954 1651 ad

286 1692 687 1751 idololatriam
739 1688 1020 1746 cecidisse
1080 1687 1450 1756 describitur,
1509 1685 1659 1741 nihil
1728 1684 1789 1740 in
1850 1685 1955 1741 hoc

286 1785 516 1843 mundo
531 1782 880 1855 priusquam
900 1779 1155 1849 caderet,
1170 1775 1541 1833 adversitatis
1554 1775 1829 1832 habuisse
1841 1792 1956 1832 me-

293 1880 581 1942 moratur;
606 1871 709 1927 sed
742 1884 1020 1927 concessa
1046 1866 1331 1936 sapientia
1352 1865 1617 1921 funditus
1656 1879 1756 1921 cor
1788 1866 1952 1921 dese-

293 1964 437 2032 ruit,
471 1962 624 2033 quod
657 1959 821 2016 nulla
841 1958 929 2014 vel
964 1956 1208 2013 minima
1228 1954 1620 2011 tribulationis
1645 1953 1956 2027 disciplina

286 2052 621 2111 custodivit
652 2050 753 2121 (III
785 2050 912 2116 Reg.
945 2064 1026 2111 ιι,
1049 2047 1123 2116 4).

675 2140 774 2196 π
806 2137 1042 2195 CAPUT
1073 2135 1301 2191 xxvu.
1337 2135 1446 2207 [Αι.
1488 2134 1579 2205 ιι]

468 2228 749 2300 Quomndo
777 2224 1112 2283 admonendi
1137 2224 1426 2297 conjugati
1462 2233 1518 2278 et
1546 2223 1780 2280 caelibes.

360 2317 706 2395 (Admonitio
734 2316 850 2387 28.)
879 2315 1060 2371 Aliter
1087 2313 1439 2371 admonendi
1479 2318 1622 2368 sunt
1663 2310 1951 2385 conjugiis

282 2410 563 2483 obligati,
598 2416 766 2479 atque
796 2405 966 2461 aliter
993 2421 1027 2460 a
1050 2402 1307 2474 oonjugii
1340 2402 1589 2458 nexibus
1621 2401 1807 2458 liberi.
1834 2402 1952 2457 Ad-

281 2498 576 2559 monsndi
609 2512 863 2568 namque
906 2498 1044 2551 sunt
1073 2491 1362 2565 conjugiis
1400 2491 1663 2563 obligati,
1700 2494 1766 2546 ut
1812 2506 1952 2547 cum

279 2590 552 2647 vicissim
586 2603 712 2659 quae
734 2589 872 2641 sunt
888 2583 1125 2640 alterius
1147 2582 1420 2655 cogitant,
1454 2581 1540 2637 sic
1565 2596 1768 2637 eorum
1791 2580 1954 2652 quis-

281 2697 401 2755 que
434 2679 670 2752 placere
692 2676 925 2731 studeat
954 2672 1213 2744 conjugi,
1240 2676 1302 2726 ut
1331 2688 1444 2728 non
1478 2671 1784 2742 displiceat
1801 2670 1951 2727 Con-

280 2768 463 2828 ditori
482 2813 499 2838 ,
525 2768 614 2824 sic
643 2784 713 2823 ea
734 2782 861 2838 quae
885 2761 1284 2834 hujusmundi
1305 2764 1652 2834 suntagant,
1672 2765 1738 2816 ut
1755 2765 1951 2816 tamen

281 2866 570 2934 appetere
604 2872 732 2930 quae
769 2854 862 2910 Dei
894 2856 1035 2908 sunt
1065 2868 1180 2908 non
1222 2851 1537 2917 amittant;
1568 2849 1649 2906 sic
1690 2850 1760 2905 de
1785 2849 1954 2905 bonis

279 2947 688 3024 praesentibus
718 2944 1035 3017 gaudeant,
1068 2946 1335 2997 attamen
1356 2938 1605 2996 sollicita
1628 2939 1952 2996 intentione

1984 1736 2032 1802 B

2066 521 2346 576 exteriora
2367 521 2611 576 adversa
2634 519 2927 594 plangere.
2949 526 3013 578 ut
3032 526 3226 578 tamen
3253 521 3474 578 noverit
3491 526 3716 578 caterua:

2065 610 2594 682 speiconsolatione
2613 613 2886 684 gaudere.
2910 617 2977 668 Et
3007 629 3261 680 rursum,
3278 629 3391 669 non
3407 614 3716 685 gaudendo

2066 703 2341 775 gaudere,
2372 707 2462 757 est
2501 701 2585 757 sic
2636 702 2707 758 de
2760 701 2983 759 infimis
3021 705 3281 758 animum
3337 702 3619 771 attollere,
3654 707 3719 758 ut

2066 799 2257 851 tamen
2276 810 2574 866 nunquam
2592 794 2822 850 desinat
2844 812 3075 850 summa
3099 794 3427 851 formidare.
3450 795 3557 850 Ubi
3585 799 3717 868 apte

2066 902 2297 958 quoque
2322 885 2490 956 paulo
2506 895 2627 956 post
2645 884 2839 939 subdit
2864 900 2877 939 :
2904 886 3157 941 Praeterit
3175 886 3321 941 enim
3341 886 3522 956 ﬁgura
3548 884 3715 956 hujus

2063 976 2472 1049 mundi(1bid.,
2505 976 2580 1041 l).
2614 978 2691 1032 Ac
2725 975 2775 1032 si
2810 982 3006 1049 aperte
3038 976 3253 1033 diceret
3287 994 3300 1033 :
3332 975 3541 1045 Nolite,
3573 993 3715 1033 con-

2062 1072 2284 1124 stanter
2317 1067 2601 1122 mundum
2658 1066 2919 1139 diligere,
2953 1068 3179 1138 quando
3223 1071 3276 1122 et
3306 1065 3430 1137 ipse
3462 1083 3576 1122 non
3621 1083 3718 1138 po-

2062 1160 2194 1221 test,
2227 1172 2401 1228 quem
2435 1156 2701 1228 diligitis,
2734 1162 2912 1211 stare.
2949 1155 3243 1211 Incassum
3278 1172 3377 1212 cor
3407 1156 3574 1228 quasi
3598 1172 3719 1212 ma-

2062 1253 2265 1302 nentes
2307 1246 2507 1317 figitis,
2543 1246 2684 1299 dum
2718 1244 2867 1315 fugit
2896 1244 3019 1315 ipse
3043 1260 3217 1316 quem
3246 1244 3477 1302 amatis.

2134 1334 2501 1390 Admonendi
2532 1340 2669 1390 sunt
2698 1334 3007 1405 conjuges,
3044 1337 3109 1389 ut
3156 1350 3219 1389 ea
3251 1334 3309 1389 in
3351 1334 3563 1408 quibus
3602 1335 3716 1393 sibi

2062 1426 2372 1499 aliquando
2403 1426 2742 1499 displicent,
2775 1432 2832 1482 et
2855 1426 3141 1498 patientes
3171 1426 3417 1483 invicem
3445 1426 3716 1495 tolerent,

2062 1522 2119 1573 et
2166 1517 2542 1572 exhortantes
2580 1516 2826 1572 invicem
2861 1514 3105 1572 salvent.
3146 1517 3432 1589 Scriptum
3466 1534 3721 1589 namque

2062 1612 2154 1663 est
2186 1624 2199 1663 :
2232 1607 2473 1663 Invicem
2504 1623 2671 1663 onera
2698 1611 2882 1663 vestra
2904 1612 3138 1678 portate,
3170 1612 3219 1663 et
3248 1610 3325 1664 sic
3345 1607 3720 1681 adimplcbitis

2066 1693 2238 1766 legem
2267 1695 2477 1752 Christi
2506 1695 2703 1764 (Galat.
2739 1712 2813 1763 iv,
2846 1695 2921 1766 2).
2943 1695 3052 1751 Lex
3081 1695 3298 1767 quippe
3328 1696 3543 1752 Christi
3577 1696 3714 1752 cha-

2066 1785 2210 1840 ritas
2242 1791 2355 1852 est;
2385 1783 2456 1856 (ε)
2489 1784 2628 1855 quia
2656 1800 2725 1839 ex
2755 1781 2853 1839 illo
2884 1783 3054 1839 nobis
3083 1787 3142 1839 et
3171 1782 3408 1856 largiter
3432 1800 3540 1839 sua
3567 1782 3718 1840 bona

2065 1872 2334 1941 contulit,
2358 1876 2414 1928 et
2443 1871 2852 1944 aequanimiter
2878 1872 3036 1929 male.
3051 1879 3241 1929 nostra
3265 1873 3533 1945 portavit.
3555 1873 3719 1930 Tunc

2064 1978 2198 2033 ergo
2230 1961 2419 2035 legem
2439 1961 2652 2018 Christi
2675 1961 2749 2033 (ά)
2769 1960 3058 2018 imitando
3073 1961 3455 2034 complemus,
3478 1962 3713 2035 quando

2064 2058 2123 2112 ct
2154 2059 2356 2111 nostra
2386 2054 2538 2109 bona
2585 2053 2834 2122 benigne
2881 2053 3258 2125 conferimus,
3291 2059 3348 2110 et
3377 2062 3713 2113 nostrorum

2064 2142 2218 2202 mala
2247 2142 2342 2216 pie
2370 2144 2753 2200 sustinemus.
2788 2142 3159 2199 Admonendi
3191 2158 3423 2215 quoque
3458 2150 3617 2211 sunt,
3649 2146 3716 2198 ut

2062 2249 2263 2290 eorum
2287 2233 2534 2305 quisque
2564 2248 2679 2287 non
2702 2235 2820 2287 tam
2845 2248 2970 2302 qua:
2988 2231 3062 2286 ab
3084 2230 3265 2286 altero
3286 2229 3516 2299 tolerat,
3535 2247 3712 2304 quam

2064 2338 2192 2394 quin
2223 2322 2296 2377 ab
2336 2322 2460 2395 ipso
2501 2319 2826 2377 tolerantur
2855 2321 3136 2378 attendat.
3169 2320 3271 2375 80
3315 2319 3377 2375 Si
3415 2318 3570 2375 enim
3610 2335 3715 2383 sua

2062 2427 2191 2483 quae
2223 2414 2534 2483 portantur
2573 2410 2923 2477 considerat,
2957 2426 3023 2466 ea
3056 2426 3184 2482 quae
3213 2409 3285 2466 ab
3319 2408 3501 2467 altero
3533 2408 3717 2467 susti-

2062 2504 2179 2571 net,
2220 2499 2405 2555 levius
2436 2504 2647 2572 portat.

2132 2589 2501 2645 Admonendi
2525 2592 2664 2645 sunt
2690 2589 2993 2662 conjuges,
3034 2591 3100 2644 ut
3123 2588 3511 2662 suscipiendae
3538 2588 3718 2663 prolis

2063 2694 2122 2735 se
2140 2678 2700 2734 meminerintcausa
2717 2680 3082 2749 conjunctos,
3103 2685 3304 2736 etcum
3322 2680 3718 2737 immoderata

2063 2766 2395 2824 adtnistioni
2442 2769 2786 2835 servientes,
2819 2768 3256 2841 propagationis
3300 2767 3614 2825 articulum
3658 2768 3718 2824 in

2064 2872 2236 2912 usum
2261 2858 2626 2912 transferunt
2644 2854 2989 2928 voluptatis,
3013 2856 3375 2929 perpendant
3398 2857 3554 2929 quod
3589 2855 3717 2912 licet

2063 2952 2228 3002 extra
2258 2962 2373 3002 non
2400 2950 2631 3010 exeant,
2661 2944 2721 3001 in
2754 2944 2882 3017 ipso
2922 2949 3117 3002 tamen
3151 2946 3425 3019 conjugio
3455 2942 3716 3016 conjugii

272 3039 671 3096 malareterna
693 3030 1322 3105 pertimescant;sicde
1340 3028 1512 3085 malis
1532 3028 1953 3101 temporalibus
2055 3039 2193 3108 jura
2237 3034 2676 3091 transcendunt.
2720 3034 2883 3092 Unde
2924 3052 3163 3092 necesse
3196 3039 3287 3091 est
3321 3039 3384 3091 ut
3406 3036 3626 3093 crebris
3648 3037 3717 3110 (ε)

273 3128 549 3201 lugeant,
597 3130 661 3179 ut
709 3129 904 3179 tamen
955 3119 1354 3177 consolatione
1400 3118 1629 3190 integra
1674 3133 1837 3189 spem
1884 3118 1942 3174 in
1974 3113 2016 3182 C
2055 3123 2898 3196 exorationibusdeleanlquod
2919 3123 3718 3197 pulchramcopulmspeciem

276 3217 457 3273 bonis
485 3212 851 3285 perennibus
877 3211 1094 3283 ﬁgant;
1121 3213 1416 3282 quatenus
1444 3208 1580 3262 dum
1607 3207 1665 3262 in
1698 3206 1953 3263 transitu

287 3308 663 3379 cognoscunt
694 3317 820 3358 esse
859 3299 1013 3372 quod
1051 3296 1333 3370 agunt(a)
1365 3296 1426 3352 in
1468 3295 1764 3353 mansione
1798 3296 1953 3367 quod

287 3402 607 3469 appetunt;
644 3408 749 3447 nec
776 3389 933 3446 mala
965 3388 1168 3444 mundi
1201 3403 1300 3443 cor
1330 3388 1625 3457 frangant,
1658 3402 1793 3442 cum
1823 3402 1957 3457 spes

285 3488 579 3543 bonorum
628 3480 956 3539 ccelestium
1006 3477 1285 3543 roborat;
1319 3493 1425 3532 nec
1472 3475 1625 3531 bona
1659 3475 1960 3547 prasentis

272 3575 414 3632 vita
467 3570 790 3641 decipiant,
822 3584 957 3625 cum
989 3572 1267 3638 suspecta
1315 3563 1725 3636 subsequentis
1749 3563 1961 3634 judicii

280 3664 441 3721 mala
462 3660 836 3719 contristent.
864 3660 1065 3729 Itaque
1087 3654 1322 3711 animus
1338 3652 1800 3709 Christianorum
1821 3669 1959 3708 con-

275 3756 505 3826 jugum
556 3755 617 3806 et
664 3748 937 3804 infirmus
970 3750 1028 3802 et
1064 3745 1281 3811 fidelis,
1312 3744 1413 3816 qui
1445 3748 1505 3799 et
1537 3742 1706 3815 plene
1753 3746 1961 3798 cuncta

296 3838 657 3915 temporalia
686 3837 983 3908 deepicere
1006 3851 1120 3893 non
1148 3834 1321 3901 valet,
1345 3842 1398 3890 et
1428 3838 1622 3891 tamen
1650 3832 1880 3888 eternis
1903 3847 1962 3887 se

301 3933 664 4003 conjungere
696 3944 794 4000 per
821 3924 1173 3982 desiderium
1194 3924 1383 3993 valet;
1418 3923 1683 3995 quamvis
1702 3921 1761 3977 in
1784 3921 1963 3978 delec-

297 4022 525 4079 tatione
566 4020 758 4075 carnis
801 4016 1037 4073 interim
1091 4016 1300 4087 jaceat,
1352 4030 1619 4086 supernae
1658 4012 1781 4085 spei
1823 4012 1963 4068 refe-

301 4114 494 4170 ctione
524 4107 909 4166 convalescat.
943 4106 1012 4163 Et
1042 4106 1088 4162 si
1125 4105 1301 4161 habet
1329 4122 1455 4176 quae
1489 4103 1693 4160 mundi
1729 4106 1867 4159 sunt
1902 4101 1962 4157 in

302 4219 412 4259 usu
440 4198 699 4264 itineris,
731 4200 930 4269 sperat
959 4211 1085 4267 quae
1112 4195 1208 4251 Dei
1238 4200 1380 4251 sunt
1409 4197 1467 4249 in
1503 4194 1695 4248 fructu
1723 4206 1963 4261 perven-

292 4293 526 4356 tionis;
562 4305 670 4345 nec
699 4293 883 4343 totum
914 4302 978 4342 se
1010 4284 1085 4341 ad
1116 4284 1224 4340 hoc
1255 4284 1409 4357 quod
1442 4284 1563 4355 agit
1592 4282 1870 4346 conferat,
1894 4296 1966 4337 ne

296 4384 375 4439 ab
407 4398 478 4437 eo
502 4378 669 4453 quod
702 4378 941 4433 robusta
968 4390 1205 4446 sperare
1235 4374 1439 4430 debuit
1462 4373 1731 4429 funditus
1770 4371 1961 4429 cadat.

2064 3213 2332 3272 admistis
2365 3211 2765 3284 voluptatibus
2791 3212 3031 3268 fcedant.
3076 3212 3224 3269 Hine
3254 3217 3341 3268 est
3369 3213 3525 3269 enim
3561 3215 3715 3287 quod

2065 3301 2288 3377 peritus
2304 3301 2598 3359 medicinae
2622 3300 2874 3357 cmlestis
2904 3300 3226 3372 Apostolus
3258 3317 3375 3357 non
3397 3305 3516 3358 tam
3540 3319 3717 3359 sanos

2064 3391 2347 3459 instituit,
2379 3406 2551 3462 quam
2583 3388 2835 3446 infirmis
2877 3390 3301 3446 medicamenta
3350 3391 3719 3460 monstravit,

2066 3482 2391 3538 dicenszDe
2420 3479 2617 3551 quibus
2642 3478 2937 3550 scripsistis
2966 3477 3144 3534 mihi:
3173 3483 3385 3534 Bonum
3403 3485 3482 3535 est
3504 3478 3722 3535 homini

2069 3570 2357 3628 mulierem
2400 3585 2509 3626 non
2550 3576 3049 3642 tangere:propter
3074 3570 3501 3640 fornicationem
3541 3579 3724 3627 autem

2068 3662 2447 3732 unusquisque
2464 3676 2624 3715 suam
2639 3658 2838 3716 habeat
2855 3676 3108 3725 uxorem,
3132 3669 3533 3733 etunaquaeque
3559 3676 3723 3717 suum

2067 3754 2251 3807 virum
2281 3749 2473 3806 habeat
2504 3751 2550 3821 (ι
2580 3752 2704 3806 Cor.
2736 3766 2836 3818 vn,
2872 3753 2925 3814 1,
2955 3765 3066 3823 seq.
3100 3752 3249 3821 etc.).
3273 3750 3382 3814 Qui
3417 3750 3570 3805 enim
3606 3750 3723 3805 for-

2070 3838 2379 3897 nicationis
2411 3842 2629 3895 metum
2668 3838 2973 3911 praemisit,
3008 3838 3261 3909 profecto
3294 3855 3409 3893 non
3434 3838 3723 3895 stantibus

2072 3935 2428 4003 preceptum
2459 3927 2737 3996 contulit;
2760 3928 2857 3983 sed
2881 3944 2953 3985 ne
2984 3929 3229 3984 fortasse
3261 3927 3319 3983 in
3354 3936 3561 3984 terram
3587 3943 3724 3985 rue-

2073 4024 2222 4085 rent,
2254 4017 2465 4074 lectum
2488 4017 2839 4073 cadentibus
2862 4017 3136 4074 ostendit.
3162 4015 3327 4074 Unde
3347 4017 3540 4072 adhuc
3562 4015 3724 4073 infir-

2073 4106 2644 4165 mantibussubdidit
2663 4122 2676 4161 :
2696 4107 2969 4163 Uxorivir
2996 4106 3240 4163 debitum
3263 4106 3453 4163 reddat
3465 4103 3726 4162 similiter

2072 4204 2127 4254 et
2156 4214 2299 4253 uxor
2318 4199 2440 4252 viro
2467 4194 2681 4268 (lbid.).
2706 4195 2926 4261 Quibus
2944 4196 3085 4253 dum
3118 4197 3174 4251 in
3194 4196 3725 4268 magnahonestate

2073 4285 2331 4359 conjugii
2359 4285 2573 4358 aliquid
2610 4288 2681 4343 de
2717 4284 3014 4357 voluptate
3056 4286 3385 4357 largiretur,
3409 4286 3724 4357 adjunxit:

2077 4378 2185 4433 Hoc
2213 4386 2399 4432 autem
2431 4377 2556 4431 dico
2586 4376 2889 4431 secundum
2932 4375 3364 4447 indulgentiam,
3395 4392 3503 4432 non
3545 4392 3730 4433 secun-

298 4472 469 4540 Quod
533 4470 681 4524 bene
718 4483 784 4521 ac
837 4464 1089 4522 breviter
1126 4462 1915 4559 Paulus-exprimit,_dicens
1948 4477 1970 4559 ε.
2001 4492 2046 4557 D
2075 4464 2206 4521 dum
2244 4464 2539 4537 imperium
2560 4464 2774 4537 (Ibid.).
2805 4464 2984 4536 Culpa
3018 4465 3233 4538 quippe
3275 4481 3403 4521 esse
3441 4465 3727 4531 inanitur,

289 4563 417 4634 Qui
443 4558 653 4615 habent
682 4571 908 4623 uxores,
931 4560 1197 4627 tanquam
1225 4570 1334 4611 non
1359 4552 1618 4608 habentes
1645 4552 1759 4607 sint
1771 4567 1792 4613 ;
1810 4552 1970 4622 etqui

294 4654 436 4721 flent
478 4656 754 4719 tanquam
791 4662 903 4701 non
941 4646 1173 4715 ﬂentes:
1219 4650 1273 4700 et
1302 4641 1401 4715 qui
1427 4640 1685 4715 gaudent,
1712 4648 1972 4712 tanquam

298 4756 415 4796 non
452 4737 761 4810 gaudente:
798 4735 847 4804 (l
879 4733 1002 4790 Cor.
1048 4749 1152 4799 vn,
1178 4733 1269 4798 29,
1315 4731 1427 4804 30).
1468 4730 1717 4788 Uxorem
1758 4729 1973 4802 quippe

301 4828 480 4903 quasi
511 4842 630 4883 non
656 4824 921 4881 habendo
952 4821 1151 4887 habet,
1185 4822 1287 4895 qui
1320 4820 1402 4877 sic
1433 4837 1532 4893 per
1563 4818 1723 4875 illam
1753 4817 1971 4875 carnali

307 4915 718 4976 consolatione
745 4913 950 4979 utitur,
981 4916 1271 4968 attamen
1323 4926 1627 4983 nunquam
1676 4909 1748 4966 ad
1797 4924 1973 4980 prava

302 5024 486 5079 opera
518 5023 555 5062 a
583 5003 848 5061 melioris
872 5001 1219 5059 intentionis
1246 5000 1597 5057 rectitudine
1624 4999 1753 5069 ejus
1773 5013 1972 5055 amore

299 5098 602 5154 ﬂectatur.
633 5092 877 5150 Uxorem
933 5090 1102 5163 quasi
1151 5105 1266 5146 non
1318 5087 1592 5145 habendo
1639 5088 1838 5155 habet,
1869 5084 1971 5158 qui

295 5184 651 5243 transitoria
670 5197 797 5239 esse
814 5185 1025 5237 cuncta
1045 5176 1438 5252 conspiciens,
1464 5191 1665 5234 curam
1688 5175 1881 5232 carnis
1904 5190 1975 5232 ex

297 5272 667 5333 necessitate
696 5270 923 5341 tolerat,
947 5268 1047 5326 sed
1069 5273 1283 5326 aeterna
1302 5265 1520 5341 gaudia
1543 5264 1622 5339 (ὁ)
1640 5264 1886 5339 spiritus
1906 5278 1975 5320 ex

383 5455 463 5522 ια)
496 5450 870 5509 Removimus
898 5449 1035 5506 hinc
1064 5448 1262 5515 sciant,
1294 5447 1366 5522 ab
1389 5446 1725 5505 Editoribus
1758 5444 1977 5502 frustra

306 5520 610 5587 additum.
642 5524 830 5595 ipsius
863 5523 1040 5595 etiam
1073 5520 1546 5595 sensusdamno.

384 5597 462 5665 (ὸ)
498 5592 704 5663 ιιυάζ,
734 5610 806 5652 ea:
842 5593 1121 5651 desiderio
1144 5592 1403 5665 spiritus.

388 5599 437 5665 (b
498 5599 704 5663 Laud.,
734 5610 806 5652 ea:
842 5599 1121 5651 desiderio
1150 5599 1403 5661 spiritus.

388 5599 462 5739 te;
488 5666 585 5723 Sic
636 5665 996 5723 restituimus
1030 5665 1101 5723 ad
1143 5663 1283 5721 Mss.
1308 5662 1577 5720 omnium
1610 5662 1806 5734 fidem,
1840 5676 1973 5718 cum

2080 4556 2233 4629 quod
2269 4554 2561 4628 indulgeri
2594 4555 2965 4628 perhibetur;
2991 4557 3090 4613 sed
3124 4573 3251 4628 qua:
3280 4559 3441 4611 tanto
3462 4555 3732 4610 citiusre-

2079 4644 2327 4712 laxetur,
2361 4648 2578 4717 quanto
2610 4660 2723 4700 non
2756 4644 3020 4715 perhanc
3046 4643 3315 4700 illicitum
3349 4644 3488 4716 quid
3515 4643 3727 4714 agitur,

2080 4734 2181 4791 sed
2204 4734 2313 4790 hoc
2336 4734 2489 4807 quod
2512 4733 2863 4801 estlicitum,
2892 4735 3002 4790 sub
3025 4733 3422 4791 moderamine
3445 4749 3557 4789 non
3578 4738 3734 4791 tene-

2080 4827 2197 4880 tur.
2230 4822 2392 4887 Quod
2425 4824 2572 4880 bene
2601 4822 2744 4880 Loth
2775 4824 2835 4883 in
2862 4822 3174 4895 semetipso
3204 4820 3615 4894 exprimit,qui
3638 4837 3732 4878 ar-

2080 4914 2314 4969 dentem
2348 4911 2659 4969 Sodomam
2715 4912 2898 4984 lugit;
2951 4912 3053 4968 sed
3100 4916 3296 4967 tamen
3344 4911 3523 4985 Segor
3572 4912 3731 4969 inve-

2080 5002 2275 5067 niens.
2308 5016 2681 5075 nequaquam
2732 5017 2867 5057 mox
2898 5006 3168 5058 montana
3197 5001 3538 5058 conscendit
3577 5001 3729 5073 (Gen.

2080 5108 2199 5157 xxx,
2232 5090 2344 5159 30).
2394 5091 2705 5148 Ardentem
2751 5090 2967 5163 quippe
3013 5091 3329 5148 Sodomam
3374 5091 3597 5164 fugere,
3646 5094 3735 5147 est

2082 5178 2782 5238 illicitacarnisincendia
2801 5178 3395 5247 declinare.Altitudo
3416 5196 3551 5237 vero
3576 5196 3737 5237 mon-

2082 5269 2256 5341 tium,
2278 5273 2371 5326 est
2391 5268 2684 5336 munditia
2704 5269 3154 5328 continentium.
3177 5269 3283 5328 Vel
3310 5274 3462 5329 certe
3485 5268 3734 5346 quasi-iu

2085 5451 2249 5525 prius
2276 5451 2339 5525 in
2374 5450 2559 5525 Editis
2592 5450 2898 5525 legeretur,
2930 5451 3065 5525 quia
3095 5449 3200 5508 ille
3218 5449 3395 5508 nobis.

2179 5524 2230 5601 ιζ)
2257 5523 2432 5601 parm
2467 5523 2712 5601 primus,
2744 5523 3089 5601 meditando.
3172 5597 3183 5601 _
3479 5594 3519 5601 _
3667 5588 3680 5601 .

2175 5591 2224 5667 e)
2257 5596 2345 5653 Ita
2386 5591 2818 5667 Treo.,Laud.,
2853 5600 3103 5663 Gemet.,
3135 5597 3191 5649 et
3221 5591 3346 5650 alii.
3383 5600 3451 5658 ιη
3479 5591 3742 5658 Excusis,

2084 5666 2293 5724 crebris
2322 5666 2815 5740 exhortationibus,
2850 5667 3214 5741 repugnante
3244 5679 3459 5732 sensu.
