4136 6178
475 336 496 394 l
511 335 587 396 O3

1666 331 1948 396 SANCTI
1990 330 2370 396 GREGORII
2415 331 2660 393 MAGNI

3761 333 3874 394 lOl

469 471 663 526 monte
693 427 830 524 sunt
859 465 959 539 qui
981 464 1155 522 etiam
1179 464 1398 520 carnali
1430 463 1651 537 copulas
1682 465 1985 531 inhaerent.
2011 469 2112 525 sed
2148 469 2199 536 Α
2229 465 2543 538 persuasit,
2577 482 2650 522 ne
2672 465 3066 522 sollicitudine
3083 469 3313 522 terrena
3333 465 3674 538 ligarentur.
3697 466 3875 532 Quem

469 563 663 615 tamen
687 566 848 613 extra
876 555 1260 628 suscipiendae
1294 553 1475 626 prolis
1505 555 1913 614 admistionem
1947 559 2108 614 debi-

469 654 610 719 tam,
642 647 800 706 nulla
831 647 1022 702 carnis
1052 644 1346 717 voluptate
1367 644 1691 702 solvuntur.
1719 647 1885 719 (a)in
1918 654 2112 704 monte

469 740 683 813 quippe
714 744 867 794 stare
897 740 1005 802 est,
1040 735 1148 790 nisi
1193 737 1442 790 fructum
1479 737 1811 808 propaginis
1838 737 1898 792 in
1938 754 2111 794 carne

469 845 584 886 non
616 843 892 898 quaerere.
929 827 990 881 In
1039 829 1235 880 monte
1263 829 1439 891 stare,
1471 829 1554 879 est
1593 828 1754 882 carni
1803 827 2113 884 carnaliter

469 933 582 972 non
617 916 928 970 adhaerere.
951 913 1060 970 Sed
1087 913 1222 984 quia
1241 912 1406 967 multi
1442 917 1579 968 sunt
1611 914 1711 986 qui
1743 916 1964 972 scelera
1983 915 2109 987 qui-

469 1005 600 1061 dem
629 1003 819 1060 carnis
851 1004 1144 1070 deserunt,
1173 1018 1276 1058 nec
1307 1006 1502 1057 tamen
1537 1003 1594 1058 in
1632 1004 1907 1078 conjugio
1939 1005 2113 1077 positi

469 1110 613 1150 usus
644 1091 1012 1149 solummodo
1043 1090 1218 1148 debiti
1242 1091 1380 1162 jura
1410 1098 1776 1163 conservant,
1809 1094 1946 1150 exiit
1982 1094 2114 1167 qui-

467 1185 597 1240 dem
649 1183 788 1239 Loth
832 1181 1165 1246 Sodomam,
1193 1181 1292 1235 sed
1326 1186 1516 1236 tamen
1563 1199 1696 1237 mox
1733 1184 1805 1239 ad
1839 1189 2118 1240 montana

469 1290 584 1330 non
618 1273 896 1346 pervenit,
921 1269 1192 1343 quiajam
1218 1269 1572 1326 damnabilis
1589 1271 1708 1326 vita
1741 1271 2114 1344 relinquitur,

469 1363 568 1420 sed
583 1363 650 1418 ad
661 1363 771 1418 huc
784 1361 1068 1418 celsitudo
1082 1359 1406 1431 conjugalis
1421 1360 1784 1416 continentiae
1804 1365 1876 1434 (b)
1896 1363 2119 1419 subtili-

469 1462 556 1512 ter
577 1471 690 1510 non
715 1459 956 1509 tenetur.
980 1452 1075 1508 Est
1097 1468 1232 1507 vero
1255 1453 1311 1507 in
1337 1451 1526 1508 medio
1546 1455 1724 1525 Segor
1743 1453 1963 1522 civitas,
1988 1471 2119 1526 quae

470 1543 786 1616 fugientem
819 1540 997 1597 salvet
1020 1539 1344 1608 inﬁrmum,
1377 1538 1512 1611 quia
1543 1539 1814 1598 videlicet
1836 1558 1967 1598 cum
2003 1541 2117 1598 sibi

468 1649 572 1707 per
598 1629 1079 1687 incontinentiam
1123 1629 1446 1685 miscentur
1491 1631 1789 1701 conjuges,
1819 1635 1876 1686 et
1910 1630 2113 1704 lapsus

470 1719 757 1778 scelerum
791 1718 1045 1790 fugiunt,
1078 1721 1135 1773 et
1165 1722 1359 1774 tamen
1391 1716 1557 1773 venia
1587 1718 1910 1778 salvantur.
1942 1720 2116 1784 Quasi

470 1825 704 1883 parvam
724 1808 938 1882 quippe
960 1805 1252 1863 civitatem
1269 1806 1572 1862 inveniunt
1592 1809 1648 1863 in
1663 1824 1780 1880 qua
1801 1809 1870 1864 ab
1885 1809 2117 1880 ignibus

471 1899 884 1964 defenduntur,
917 1896 1059 1969 quia
1091 1895 1414 1968 coniugalis
1440 1895 1561 1952 hec
1585 1897 1702 1952 vita
1723 1913 1838 1953 non
1879 1897 2114 1968 quidem

471 1987 528 2042 in
545 1988 858 2043 virtutibus
873 1985 1019 2041 mira
1041 1990 1147 2050 est,
1167 1986 1267 2041 sed
1296 1991 1490 2041 tamen
1511 2002 1542 2039 a
1561 1985 1868 2057 suppliciis
1891 2003 2116 2044 secura.

471 2076 635 2134 Unde
664 2077 817 2133 idem
852 2075 997 2131 Loth
1043 2075 1112 2130 ad
1155 2075 1428 2148 angelum
1460 2074 1638 2131 dicit:
1674 2076 1762 2130 Est
1789 2077 1983 2131 civitas
2031 2077 2120 2133 hic

461 2169 649 2237 juxta,
674 2168 748 2221 ad
776 2182 941 2238 quam
967 2181 1179 2232 possum
1207 2166 1416 2235 fugere,
1433 2181 1606 2234 parva
1624 2182 1647 2229 ;
1688 2173 1739 2220 et
1765 2166 2020 2222 salvabor
2057 2165 2118 2222 in

469 2271 556 2313 ea.
587 2256 846 2325 Nunquid
874 2271 984 2310 non
1031 2253 1247 2309 modica
1285 2260 1384 2319 est,
1415 2262 1466 2310 et
1509 2255 1652 2309 vivet
1682 2253 1883 2310 anima
1911 2271 2030 2311 mea
2056 2257 2118 2311 in

468 2361 536 2401 ea
565 2344 781 2417 (Genes.
814 2359 928 2409 XIX,
959 2342 1049 2414 20)
1071 2343 1099 2396 ‘t
1123 2341 1299 2398 Juxta
1327 2359 1461 2414 ergo
1483 2343 1722 2409 dicitur,
1745 2348 1804 2399 et
1825 2349 2019 2399 tamen
2043 2345 2115 2400 ad

469 2433 715 2492 salutem
747 2437 874 2488 tuta
905 2432 1264 2505 perhibetur,
1297 2431 1436 2503 quia
1464 2432 1785 2504 conjugalis
1816 2433 1932 2489 vita
1955 2449 2060 2489 nec
2082 2451 2117 2490 α

469 2525 688 2583 mundo
714 2525 885 2597 longe
913 2525 1102 2580 divisa
1130 2530 1237 2593 est,
1270 2539 1374 2580 nec
1397 2527 1586 2580 tamen
1609 2541 1642 2580 a
1668 2524 1881 2597 gaudio
1912 2525 2116 2582 salutis

469 2614 675 2671 aliena.
711 2614 818 2669 Sed
853 2621 991 2669 tunc
1023 2614 1082 2668 in
1112 2612 1220 2668 hac
1251 2613 1476 2670 actione
1497 2614 1674 2670 vitam
1711 2631 1874 2670 suam
1905 2617 2112 2686 conju-

466 2718 570 2774 ges
601 2703 768 2775 quasi
805 2703 864 2760 in
897 2719 1073 2775 parva
1102 2701 1332 2758 civitate
1361 2703 1718 2772 custodiunt,
1743 2705 1977 2776 quando
2009 2720 2114 2776 pro

466 2808 530 2848 se
570 2792 816 2849 assiduis
857 2791 1365 2864 deprecationibus
1413 2792 1804 2849 intercedunt.
1845 2792 2009 2849 Unde
2055 2797 2113 2850 et

467 2887 619 2940 recte
652 2899 750 2955 per
792 2881 1062 2955 angelum
1096 2881 1189 2938 8|
1247 2883 1319 2938 ad
1359 2883 1629 2939 eumdem
1676 2883 1815 2938 Loth
1849 2884 2061 2938 dicitur
2092 2899 2107 2939 :

465 2977 605 3030 Ecce
621 2975 788 3029 etiam
807 2972 863 3027 in
895 2971 994 3028 hoc
1005 2973 1217 3044 suscepi
1232 2986 1418 3044 preces
1437 2977 1583 3038 tuas,
1602 2976 1662 3027 ut
1677 2989 1784 3028 non
1797 2973 2110 3028 subvertam

465 3062 652 3135 urbem
700 3077 801 3134 pro
847 3078 957 3135 qua
1004 3061 1214 3116 locutus
1261 3076 1314 3117 es
1344 3059 1505 3132 (Ibid.
1537 3060 1650 3130 21).
1687 3061 1794 3128 Qui
1843 3060 2109 3118 videlicet

461 3133 597 3210 eum
627 3133 955 3222 deprecatio
988 3149 1248 3206 funditur
1276 3149 1391 3205 Deo
1418 3166 1780 3222 nequaquam
1805 3151 1940 3206 talis
1963 3167 2102 3207 con-

453 3241 602 3313 jugii
656 3240 776 3295 vita
822 3240 1157 3297 damnatur.
1194 3243 1269 3295 De
1303 3256 1419 3311 qua
1449 3239 1853 3310 deprecatione
1885 3239 2102 3297 Paulus

459 3345 694 3402 quoque
725 3329 1021 3392 admonet.
1054 3328 1256 3384 dicens
1290 3346 1304 3384 :
1341 3327 1518 3384 Nolite
1547 3329 1812 3396 fraudare
1841 3330 2102 3397 invicem,

459 3421 572 3474 nisi
596 3423 738 3490 [orte
767 3435 836 3473 ea:
861 3434 1122 3474 consensu
1155 3418 1225 3474 ad
1271 3426 1503 3490 tempus,
1539 3423 1597 3472 at
1628 3418 1824 3474 vacetis
1862 3421 2105 3474 orationi

459 3508 506 3579 (l
536 3507 655 3562 Cor.
681 3524 777 3572 vn,
811 3511 886 3579 5).

527 3597 598 3649 At
618 3600 817 3650 contra
839 3592 1189 3650 admonendi
1213 3597 1351 3648 sunt
1372 3593 1471 3664 qui
1493 3592 1652 3666 ligati
1675 3595 1963 3665 conjugiis
1986 3612 2101 3651 non

459 3681 1354 3754 sunt,utprteceptisctelestibus
1367 3697 1432 3736 eo
1454 3682 1665 3738 rectius
1690 3683 1968 3752 serviant,
1989 3700 2100 3753 quo

458 3789 558 3830 eos
581 3772 651 3828 ad
683 3787 856 3828 curas
887 3771 1093 3827 mundi
1119 3785 1488 3842 nequaquam
1513 3770 1716 3842 iugum
1735 3769 1953 3842 copulae
1975 3787 2099 3826 car-

455 3861 602 3918 nalis
619 3861 891 3930 inclinat;
917 3866 1300 3933 utquosonus
1321 3858 1546 3915 licitum
1563 3859 1821 3931 conjugii
1841 3877 1950 3916 non
1967 3877 2098 3933 gra-

453 3956 570 4020 vat,
603 3966 973 4023 nequaquam
1009 3949 1237 4021 pondus
1258 3947 1526 4005 illicitum
1553 3957 1790 4005 terrente
1816 3949 2098 4005 sollicitu-

453 4039 608 4095 dinis
635 4045 888 4112 premat;
910 4039 1008 4094 sed
1042 4043 1202 4094 tanto
1229 4053 1326 4094 eos
1349 4035 1665 4108 paratiores
1686 4037 1807 4093 dies
1829 4036 2095 4106 ultimus,

453 4135 670 4200 quanto
719 4135 772 4183 et
820 4119 1207 4200 expeditiores
1251 4125 1537 4194 inveniat;
1573 4142 1644 4181 ne
1690 4142 1805 4198 quo
1856 4127 2099 4184 meliora

453 4236 624 4293 agere
672 4224 945 4277 vacantes
994 4222 1262 4292 possunt,
1287 4219 1386 4274 sed
1427 4223 1623 4275 tamen
1672 4219 1997 4292 uegiigunt,
2029 4235 2095 4276 eo

451 4309 738 4383 supplicia
768 4309 1051 4366 deteriora
1083 4312 1432 4365 mereantur.
1457 4307 1716 4365 Audiant
1734 4309 1888 4382 quod
1925 4313 2096 4382 Apos-

448 4399 750 4456 toluscum
767 4399 1051 4471 quosdam
1071 4399 1140 4454 ad
1169 4396 1470 4454 caelibatus
1494 4399 1740 4470 gratiam
1764 4401 2094 4466 instrueret,

451 4505 566 4546 non
597 4489 934 4561 conjugium
967 4487 1205 4561 sprevit,
1229 4487 1324 4543 sed
1353 4502 1524 4543 curas
1556 4488 1760 4543 mundi
1794 4493 2094 4546 nascentes

2219 556 2396 628 igitur
2415 555 2680 610 caelibem
2705 571 2982 610 curarum
3003 555 3368 611 saecularium
3391 555 3873 625 impedimentum

2221 644 2518 717 praepedit,
2548 648 2605 700 et
2633 644 2905 716 coniugio
2927 660 2988 700 se
3007 659 3376 716 nequequam
3401 644 3685 711 subdidit,
3718 649 3875 702 etta-

2222 749 2356 789 men
2375 732 2824 805 conjugiionera
2851 749 2964 790 non
2985 734 3190 790 evasit.
3225 735 3592 789 Admonendi
3620 741 3877 792 sunteas-

2223 823 2389 893 libes,
2425 838 2494 878 ne
2523 823 2649 878 sine
2665 822 3290 893 damnationisjudicio
3311 824 3538 880 misceri
3560 841 3621 880 se
3641 825 3874 882 feminis

2219 911 2560 966 vacantibus
2594 916 2815 983 putent.
2850 914 2991 967 Cum
3043 910 3194 967 enim
3230 911 3445 968 Paulus
3478 914 3873 972 fornicationis

2220 999 2422 1055 vitium
2445 1000 2890 1056 totcriminibus
2913 1001 3285 1058 exsecrandis
3317 1001 3586 1068 inseruit,
3608 1003 3776 1074 cujus
3799 1002 3872 1058 sit

2223 1095 2420 1146 reatus
2449 1090 2742 1154 indicavit,
2784 1091 3022 1148 dicens:
3068 1091 3246 1163 Neque
3274 1094 3662 1164 fornicatores,
3702 1109 3874 1166 neque

2223 1179 2386 1235 idolis
2404 1181 2714 1248 servientes,
2747 1196 2924 1252 neque
2953 1181 3215 1250 adulteri,
3249 1198 3432 1254 neque
3461 1185 3669 1252 molles,
3698 1199 3873 1256 neque

2223 1269 2592 1324 masculorum
2607 1270 2995 1334 concubitores,
3015 1286 3189 1343 neque
3201 1274 3376 1340 fures,
3392 1288 3566 1344 neque
3577 1273 3757 1338 avari,
3770 1289 3868 1329 ne-

2223 1359 2557 1430 queebriosi,
2576 1376 2750 1430 neque
2781 1359 3060 1429 maledici,
3092 1377 3267 1433 neque
3288 1379 3510 1432 rapaces
3528 1379 3759 1432 regnum
3777 1365 3871 1419 Dei

2223 1449 2573 1517 possidebunt
2604 1449 2657 1520 (Ι
2675 1449 2798 1505 Cor.
2831 1466 2908 1514 vr,
2935 1451 2992 1517 9,
3027 1451 3133 1520 10).
3166 1451 3228 1506 Et
3262 1467 3486 1506 rursum
3514 1469 3527 1508 :
3558 1456 3870 1509 For-meato-

2225 1553 2310 1593 res
2339 1546 2523 1593 autem
2545 1543 2596 1594 et
2627 1537 2906 1594 adulteros
2941 1539 3220 1608 judicabit
3250 1541 3388 1596 Deus
3420 1542 3608 1610 (Hebr.
3640 1558 3767 1612 xm,
3790 1543 3864 1614 4).

2225 1626 2591 1682 Admonendi
2613 1627 2808 1698 itaque
2826 1633 2986 1695 sunt,
3016 1631 3080 1682 ut
3100 1628 3552 1686 sitentationum
3586 1630 3867 1702 procellas

2226 1731 2358 1770 cum
2378 1715 2723 1772 difficultate
2744 1715 2949 1772 salutis
2964 1717 3230 1783 tolerant,
3249 1719 3504 1791 conjugii
3530 1725 3758 1790 portum
3779 1737 3868 1792 pe~

2225 1808 2372 1860 tant.
2403 1805 2697 1877 Scriptum
2731 1821 2984 1878 namque
3005 1807 3339 1863 estzuelius
3354 1812 3434 1863 est
3455 1809 3678 1874 nubere,
3695 1825 3867 1880 quam

2225 1895 2313 1950 uri
2343 1897 2389 1965 (l
2419 1896 2540 1951 Cor.
2568 1912 2667 1962 vn,
2689 1896 2766 1966 9).
2796 1895 2932 1952 Sine
2961 1895 3134 1967 culpa
3174 1896 3398 1954 scilicet
3429 1901 3496 1954 ad
3529 1899 3864 1970 conjugium

2216 1986 2480 2055 veniunt,
2514 1985 2561 2041 si
2594 1990 2788 2041 tamen
2823 1987 3073 2042 necdum
3118 1986 3359 2043 meliora
3391 1997 3685 2046 voverunt.
3719 1990 3864 2046 Nam

2217 2075 2484 2146 quisquis
2501 2075 2716 2130 bonum
2744 2076 2937 2145 majus
2968 2075 3168 2131 subire
3185 2078 3505 2148 proposuit,
3522 2077 3741 2133 bonum
3760 2079 3866 2134 mi-

2214 2164 2492 2235 nusquod
2511 2163 2694 2231 licuit,
2721 2162 2991 2218 illicitum
3019 2165 3172 2220 fecit.
3192 2165 3485 2237 Scriptum
3511 2167 3726 2240 quippe
3748 2174 3862 2224 est:

2213 2253 2386 2308 Nemo
2415 2252 2637 2308 mittens
2668 2269 2896 2308 manum
2924 2269 3084 2309 suam
3107 2255 3182 2325 (rt)
3227 2254 3296 2309 ad
3324 2259 3592 2324 aratrum,
3616 2261 3668 2311 et
3697 2259 3866 2328 respi-

2215 2345 2361 2401 ciens
2381 2354 2543 2413 retro,
2566 2349 2731 2414 aptus
2761 2350 2837 2402 est
2870 2360 3036 2416 regno
3053 2347 3312 2402 caelorum
3342 2350 3492 2419 (Luc.
3526 2365 3602 2419 tx,
3624 2350 3738 2420 62).
3757 2350 3862 2415 Qui

2214 2433 2394 2505 igitur
2427 2433 2644 2489 fortiori
2679 2434 2876 2490 studio
2925 2435 3275 2502 intenderat,
3312 2442 3463 2492 retro
3503 2438 3865 2496 convincitur

2217 2524 2527 2592 respicere,
2562 2522 2607 2578 si
2638 2520 2856 2579 relictis
2893 2523 3283 2596 amplioribus
3317 2525 3484 2582 bonis
3515 2527 3586 2582 ad
3621 2527 3864 2585 minima

2218 2616 2606 2685 retorquetur.

2632 2717 2863 2775 CAPUT
2896 2718 3129 2776 xxvut
3166 2721 3273 2794 [Αι.
3308 2723 3443 2794 LII].

2217 2809 2498 2878 Quomodo
2527 2808 2856 2866 admonendi
2885 2819 3101 2936 peccati:
3133 2810 3318 2866 carnis
3348 2815 3582 2884 experti,
3613 2821 3865 2872 eteorum

2907 2899 3077 2936 execr
3099 2899 3173 2936 es.

2907 2899 3173 2953 expertes.

2287 2968 2617 3040 (Admonitio
2646 2970 2761 3041 29.)
2794 2969 2977 3025 Aliter
3024 2971 3375 3027 admonendi
3427 2976 3565 3028 sunt
3596 2978 3864 3044 peccato-

2215 3073 2344 3112 rum
2373 3056 2565 3112 carnis
2595 3057 2836 3124 conscii,
2871 3062 3048 3130 atque
3069 3057 3238 3112 aliter
3258 3058 3467 3130 ignari.
3497 3059 3863 3118 Admonendi

2214 3161 2463 3216 namque
2480 3150 2618 3200 sunt
2639 3150 2874 3218 peccata
2891 3146 3083 3201 carnis
3108 3148 3348 3219 experti,
3373 3154 3438 3203 ut
3470 3164 3628 3204 mare
3651 3149 3857 3206 saltem

2213 3239 2344 3305 post
2371 3233 2737 3305 naufragium
2762 3237 3048 3300 metuant,
3072 3239 3130 3290 et
3155 3234 3498 3305 perditionis
3514 3251 3632 3291 sure
3653 3236 3862 3291 discri-

2215 3322 2374 3377 mina
2389 3323 2479 3377 vel
2499 3323 2733 3394 cognita
2754 3323 3226 3394 perhorrescant;
3252 3341 3321 3380 ne
3338 3325 3437 3397 qui
3463 3325 3556 3398 pie
3579 3332 3706 3398 post
3727 3343 3862 3398 per-

2212 3416 2432 3481 petrata
2471 3410 2621 3466 mala
2661 3413 2869 3467 servati
2901 3419 3060 3477 sunt,
3097 3413 3215 3468 haec
3246 3413 3511 3484 improbe
3543 3417 3861 3487 repetendo

2211 3498 2560 3555 moriantur.
2589 3499 2750 3554 Unde
2770 3501 3027 3570 peccanti
3046 3501 3254 3556 animis
3272 3512 3323 3557 et
3348 3519 3648 3575 nunquam
3673 3521 3705 3560 a
3727 3521 3862 3576 pec-

2209 3596 2334 3644 cato
2349 3589 2635 3645 desinenti
2658 3589 2692 3644 d
2703 3592 2903 3645 icitur:
2929 3592 3102 3646 Frons
3123 3592 3372 3648 mulieris
3387 3595 3693 3649 meretricis
3703 3597 3861 3663 facta

2208 3682 2285 3734 est
2311 3677 2432 3746 tibi,
2451 3677 2685 3734 noluisti
2703 3680 3016 3736 erubescere
3037 3682 3252 3752 (Jerem.
3273 3699 3352 3751 ιιι,
3385 3683 3458 3754 3).
3490 3684 3572 3739 Ad
3585 3683 3861 3740 monendi

2209 3768 2406 3840 itaque
2436 3776 2573 3824 sunt
2597 3775 2658 3824 ut
2687 3771 2959 3826 studeant
2982 3780 3272 3842 quatenus
3298 3775 3346 3828 si
3379 3780 3611 3845 accepta
3636 3780 3857 3830 natura

2208 3855 2358 3912 bona
2390 3857 2618 3926 integra
2650 3875 2881 3914 servare
2910 3859 3250 3929 noluerunt,
3284 3861 3492 3918 saltem
3547 3864 3736 3920 scissa
3771 3879 3867 3920 re-

2207 3945 2482 4002 sarciaut.
2502 3948 2726 4012 Quibus
2759 3947 3036 4004 nimirum
3056 3965 3286 4006 necesse
3303 3956 3394 4006 est
3417 3960 3476 4007 ut
3501 3954 3880 4025 perpendant

2207 4033 2308 4090 82
2339 4033 2396 4089 in
2420 4039 2540 4091 tam
2577 4052 2784 4109 ωδεηο
2817 4037 3076 4094 fidelium
3107 4054 3346 4095 numero
3379 4055 3555 4112 quam
3601 4041 3768 4096 multi
3798 4049 3860 4097 et

2207 4139 2266 4178 se
2290 4123 2546 4180 illibatos
2569 4126 2922 4189 custodiant.
2943 4133 3000 4182 et
3025 4127 3172 4182 alios
3193 4128 3265 4183 ab
3282 4144 3474 4185 errore
3491 4135 3858 4188 convertant.

2205 4212 2500 4284 Quidergo
2517 4214 2838 4270 istidicturi
2856 4221 3015 4280 sunt,
3032 4220 3080 4273 si
3103 4216 3310 4272 aliisin
3335 4217 3666 4289 integritate
3697 4225 3826 4276 stan
3842 4251 3866 4265 ς

2205 4301 2384 4370 tibus,
2417 4302 2528 4374 ipsi
2562 4319 2666 4359 nec
2681 4309 2810 4377 post
2835 4305 3052 4361 damna
3077 4307 3449 4377 resipiscunt.
3473 4307 3622 4372 Quid
3647 4308 3872 4366 dicturi

2203 4394 2362 4454 sunt,
2391 4390 2437 4446 si
2468 4407 2602 4447 eum
2638 4391 2799 4447 multi
2830 4399 2887 4448 et
2915 4391 3062 4450 alios
3093 4410 3288 4450 secum
3321 4396 3588 4452 deferunt
3616 4397 3688 4453 ad
3721 4413 3863 4470 reg-

2205 4495 2372 4545 num,
2405 4479 2461 4534 hi
2492 4481 2854 4551 exspectanti
2886 4480 3129 4538 Domino
3166 4499 3269 4539 nec
3304 4483 3652 4556 semetipsos
3681 4486 3866 4542 redu-

449 4595 518 4636 ex
557 4577 829 4651 conjugio
879 4577 1118 4651 repulit,
1149 4576 1351 4632 dicens
1385 4593 1397 4631 :
1435 4578 1540 4633 (loc
1567 4577 1638 4632 ad
1678 4577 1978 4634 utilitatem
2006 4594 2092 4635 ve-

2218 4575 2342 4624 :unt
2362 4568 2390 4622 ?
2414 4569 2780 4626 Admonendi
2805 4579 2960 4640 sunt,
2989 4576 3048 4626 ut
3082 4573 3372 4640 prteterita
3385 4575 3704 4630 commissa
3723 4590 3870 4631 eon-

447 4673 624 4724 stram
654 4668 794 4729 dico,
820 4685 930 4725 non
963 4673 1024 4723 ut
1045 4667 1301 4740 laqueum
1335 4667 1482 4722 vobis
1510 4665 1794 4736 injiciam;
1823 4667 1918 4723 sed
1938 4667 2090 4723 adid
2199 4657 2480 4728 siderent,
2511 4663 2570 4714 et
2600 4658 2975 4716 imminentia
3002 4661 3276 4717 devitent.
3311 4661 3476 4719 Unde
3505 4664 3614 4719 sub
3644 4664 3867 4720 Judem

447 4757 594 4827 quod
622 4759 907 4816 honestum
938 4759 1039 4822 est,
1069 4763 1122 4813 et
1152 4755 1294 4828 quod
1326 4753 1655 4824 facultatem
1695 4755 1937 4825 praebeat
1977 4756 2098 4812 sine

2218 4747 2386 4818 .pecie
2429 4764 2530 4820 per
2579 4748 2924 4820 prophetam
2976 4749 3261 4806 Dominus
3307 4753 3597 4825 corruptis
3638 4753 3696 4810 in
3743 4753 3862 4812 hoc

450 4845 840 4916 impedimento
881 4846 948 4917 (ε)
986 4846 1213 4903 Domino
1251 4843 1595 4901 observiendi
1631 4843 1812 4914 (lbid.,
1852 4845 1964 4912 35).
2015 4845 2097 4902 Ex
2197 4836 2417 4892 mundo
2442 4838 2738 4893 mentibus
2765 4843 3094 4896 transactus
3111 4841 3180 4895 ad
3201 4841 3752 4914 memoriamculpas
3769 4861 3865 4901 re-

449 4934 737 5006 conjugiis
752 4935 966 5009 quippe
983 4939 1222 4991 terrente
1237 4931 1661 4990 sollicitudines
1692 4933 2013 5003 prodeunt;
2036 4938 2094 4990 et
2194 4925 2889 4998 vocat,quatenuspollui
2914 4928 2974 4983 in
2995 4928 3208 4984 futuris
3223 4931 3854 5001 erubescant,diccns:

449 5019 662 5078 idcirco
694 5023 976 5094 magister
1002 5024 1260 5096 gentium
1291 5022 1585 5080 auditores
1608 5038 1747 5079 suos
1767 5023 1835 5078 ad
1857 5022 2096 5080 meliora

2218 5016 2508 5072 7'ornicatw
2524 5023 2650 5071 sunt
2671 5015 2732 5071 in
2761 5017 3016 5090 ﬁgypto,
3047 5018 3109 5072 in
3144 5017 3507 5076 adolescentia
3531 5037 3634 5076 sua
3659 5021 3853 5093 [orni-

2203 5209 2342 5250 νινε.

2267 5266 2346 5337 (b)
2381 5265 2559 5321 Laud.
2592 5265 2836 5336 primus,
2859 5269 2995 5326 aud.
3020 5273 3078 5326 et
3107 5269 3396 5329 nonnulli.
3424 5270 3754 5328 sublimiter.
3780 5273 3855 5331 In

2195 5338 2360 5393 'l‘rcc.
2395 5343 2453 5392 et
2485 5339 2726 5404 ceteris,
2757 5341 3051 5398 subtiliter.

520 5199 600 5269 (ο)
613 5198 720 5254 Hic
737 5198 961 5256 laborat
972 5215 1180 5257 sensus
1195 5201 1253 5258 in
1275 5201 1460 5258 Editis
1475 5199 1572 5256 ubi
1586 5199 1822 5271 legitur,
1839 5201 1896 5256 in
1909 5208 2092 5257 monte

449 5271 648 5342 quippe
668 5276 818 5326 stare
831 5271 963 5345 quid
974 5281 1069 5335 est,
1097 5274 1212 5328 nisi
1232 5279 1473 5343 fructum
1504 5271 1824 5345 propaginis
1844 5274 1903 5327 in
1925 5289 2094 5328 came

448 5358 559 5398 non
601 5343 1087 5415 quarereiouod
1141 5349 1360 5415 pugnat
1397 5343 1922 5414 contra'superiora
1962 5361 1975 5399 :
2031 5346 2092 5400 In

447 5409 632 5469 monte
657 5419 783 5470 sunt
813 5414 1096 5490 quietiam
1110 5409 1327 5490 carnali
1344 5417 1569 5490 captum
1591 5409 2094 5490 itthr'rrent.sedta-
2234 5411 2336 5490 ,(6)
2369 5409 2952 5490 Τι’θεονῂῐιαειάη-νει.
2988 5412 3068 5468 Cl.
3102 5420 3163 5490 et
3190 5423 3302 5470 tres
3332 5415 3576 5490 Gemet.,
3607 5415 3852 5490 Domino

446 5501 569 5540 men
597 5490 755 5541 castra
783 5479 1152 5550 suscipiendae
1185 5485 1378 5556 prolis
1411 5479 1801 5544 'admisttonem
1827 5488 2090 5555 debitum,
2191 5479 2534 5556 obstrvandi.
2567 5479 2761 5547 Corb.,
2793 5483 3082 5540 Dominum
3111 5485 3457 5556 observandi;
3493 5479 3850 5548 etsecunda

446 5557 605 5612 nulla
629 5559 823 5629 carnis
854 5558 1129 5628 voluptate
1155 5552 1460 5629 solvuntur.
1501 5558 1904 5629 Expressimus
1936 5552 2090 5628 prae;
2193 5567 2405 5629 meum
2427 5552 2578 5629 Dom.
2614 5556 2948 5629 ngsecrandi.

444 5631 645 5702 sertim
694 5627 830 5686 Mss.
880 5623 1066 5694 Tres,
1111 5629 1233 5695 ubi,
1271 5628 1386 5684 nisi
1424 5623 1667 5698 fructum
1698 5646 1806 5688 non
1837 5623 2090 5700 quaerere
2264 5623 2343 5694 (tl)
2388 5623 2593 5692 Laud,
2626 5625 2908 5682 Thcodor.
2943 5633 3000 5686 et
3030 5628 3155 5687 Val.
3187 5629 3293 5697 CL,
3325 5644 3492 5702 super
3529 5640 3809 5689 aratrum.

446 5700 600 5757 idem
617 5703 706 5758 est
731 5702 1298 5774 ac,nonnisifrttctttm
1321 5704 1648 5774 propaginis
1674 5704 1726 5756 in
1751 5717 1914 5758 carne
1936 5717 2085 5773 quae-
