4136 6178
514 289 631 353 107

1722 269 1999 333 εΑΝοτι
2043 267 2414 331 GREGORII
2463 266 2708 327 MAGNI

3790 254 3889 315 108

512 431 698 485 mant.
728 427 799 483 Et
828 424 895 481 ﬁt
924 420 1271 496 plerumque
1311 414 1425 472 Deo
1468 411 1686 479 gratior
1716 424 1906 465 amore
1942 406 2149 461 ardens
2185 415 2234 480 Α
2265 419 2392 459 cum
2422 402 2631 457 Judmze
2656 397 2893 471 singula
2913 398 3122 454 delicta
3146 394 3533 496 pensarentur
3599 391 3893 496 ‘l‘liq‘isiones

508 519 629 575 vita
651 522 780 586 post
799 515 1054 586 culpam,
1076 524 1251 583 quam
1277 503 1589 561 securitate
1612 507 1850 571 torpens
1874 499 2155 551 innocen-

512 607 617 663 tia.
641 604 805 662 Unde
820 613 875 659 et
897 597 1263 669 vocejudicis
1286 593 1500 648 dicitur
1522 610 1541 646 :
1573 591 1939 645 Remittuntur
1960 589 2013 640 ei
2034 600 2155 653 pec-

515 706 636 754 cata
666 694 864 757 multa,
903 693 1035 759 quia
1065 684 1263 741 dilexit
1305 684 1543 737 mullum
1584 681 1733 743 (Luc.
1771 693 1868 739 vii,
1903 676 2015 745 47).
2049 675 2153 728 Et:

521 785 795 842 Gaudium
823 780 930 835 erit
959 778 1018 831 in
1048 775 1183 829 caelo
1212 788 1374 842 super
1397 786 1505 824 uno
1533 771 1812 838 peceatore
1840 768 2161 833 pwnitente,

519 874 704 945 magis
723 886 888 943 quam
907 881 1076 937 super
1095 860 1407 930 nonaginta
1433 872 1618 913 novem
1633 856 1821 926 justis,
1843 854 2037 925 quibus
2054 867 2160 905 non

520 938 658 1032 aptis
685 938 766 1014 est
784 951 1108 1028 pmnitenlia
1132 951 1283 1023 (Luc.
1314 964 1403 1011 xv,
1431 946 1537 1012 10).
1563 944 1723 1008 Quod
1752 943 1925 997 citius
1945 957 2013 995 ex
2034 938 2164 1006 ipso

524 1066 637 1106 usu
659 1046 1015 1118 colligimus,
1039 1042 1085 1097 si
1120 1045 1326 1095 nostris
1351 1032 1807 1104 mentisjudicia
1832 1044 2163 1102 pensemus.

522 1137 663 1195 Plus
684 1149 938 1206 namque
963 1138 1171 1186 terram
1204 1125 1503 1191 diligimus
1521 1138 1647 1194 quis
1668 1127 1797 1191 pust
1814 1118 2014 1190 spinas
2034 1132 2166 1171 exa-

527 1237 645 1282 rata
658 1226 884 1280 fructus
900 1220 1107 1276 uberes
1122 1212 1407 1288 producit,
1423 1228 1599 1284 quam
1617 1225 1744 1281 quae
1760 1207 1951 1262 nullas
1965 1206 2167 1276 spinas

520 1315 750 1381 habuit,
774 1311 874 1367 sed
901 1316 1095 1365 tamen
1118 1302 1349 1361 exculta
1380 1300 1635 1356 sterilem
1673 1301 1928 1367 segetem
1961 1291 2164 1365 gignit.

516 1399 886 1461 Admonendi
920 1401 1060 1454 sunt
1092 1397 1325 1467 peccata
1351 1388 1546 1445 carnis
1578 1386 1936 1459 ignorantes,
1970 1397 2041 1437 ne
2066 1398 2169 1437 su-

517 1490 764 1566 perioris
778 1486 1003 1543 ordinis
1016 1481 1362 1540 celsitudine
1376 1494 1437 1534 se
1450 1474 1672 1532 caeteris
1689 1473 2014 1566 praeferant,
2034 1484 2169 1524 cum

522 1559 594 1635 ab
622 1574 997 1633 inferioribus
1019 1578 1235 1643 quanta
1267 1583 1329 1622 se
1364 1564 1570 1620 melius
1592 1567 1842 1634 agantur
1874 1559 2165 1629 ignorant.

524 1670 585 1723 In
604 1663 871 1721 examine
891 1674 1143 1731 namque
1161 1656 1298 1713 recti
1315 1652 1533 1726 judicis
1554 1658 1734 1705 mutat
1754 1649 1833 1719 (ιι)
1852 1647 2057 1703 merita
2073 1661 2166 1701 or-

526 1755 752 1820 dinum,
780 1750 1036 1823 qualitas
1067 1747 1386 1803 actionum.
1420 1742 1562 1809 Quis
1598 1740 1754 1795 enim
1786 1733 2171 1794 consideratis

528 1798 752 1820 ...μνη
827 1798 1035 1807 __-.-_-
1069 1798 1283 1803 ---η-κ
1310 1798 1337 1799 κν
1430 1798 1459 1809 ,

525 1845 670 1916 ipsis
688 1798 881 1899 reriim
897 1837 1275 1910 imaginibus.
1295 1834 1518 1889 nesciat
1533 1832 1685 1901 quod
1706 1828 1765 1883 in
1788 1831 1923 1881 natu
1935 1842 1989 1880 ra
2007 1840 2170 1896 gem-
2200 1798 2246 1861 Β

528 1914 756 1989 marum
788 1927 1181 1985 carbunculus
1204 1923 1544 1995 praeferatur
1566 1916 1877 1987 hyacintho
1894 1914 1923 1968 ?
1951 1914 2060 1967 Sed
2086 1919 2168 1967 ta-

530 2038 664 2078 men
709 2019 940 2076 cerulei
970 2015 1180 2072 coloris
1211 2009 1557 2084 hyacinthus
1594 2006 1900 2078 praefertur
1932 2000 2172 2075 pallenti

528 2109 916 2173 carbunculo;
936 2106 1075 2178 quia
1096 2109 1151 2158 et
1172 2101 1252 2156 illi
1276 2099 1430 2172 quod
1453 2103 1673 2152 naturis
1697 2094 1835 2150 ordo
1854 2090 2169 2157 subtrahit,

527 2199 753 2270 species
785 2197 1007 2251 decoris
1039 2190 1349 2263 adjungit;
1382 2193 1440 2243 et
1472 2188 1628 2241 hunc
1668 2199 1841 2255 quem
1887 2181 2170 2270 naturalis

524 2269 665 2344 ordo
698 2284 1050 2359 pratulerat,
1077 2280 1288 2336 coloris
1319 2276 1567 2350 qualitas
1598 2274 1790 2329 fcedat.
1824 2272 1914 2325 Sic
1945 2286 2077 2359 ergo
2110 2269 2167 2324 in

522 2378 782 2433 humano
802 2388 1010 2444 genere
1029 2377 1087 2427 et
1106 2368 1349 2441 quidam
1373 2366 1431 2419 in
1459 2362 1682 2418 meliori
1704 2360 1905 2415 ordine
1930 2358 2170 2413 deterio-

522 2482 613 2523 res
647 2468 805 2528 sunt,
839 2469 896 2516 et
934 2460 1171 2531 quidam
1217 2458 1276 2510 in
1308 2452 1581 2509 deteriori
1618 2451 1910 2513 meliores,
1945 2448 2083 2520 quia
2114 2450 2171 2501 et

519 2553 615 2609 isti
649 2563 862 2608 sortem
897 2547 1140 2605 extremi
1166 2546 1403 2600 habitus
1430 2543 1577 2596 bene
1599 2540 1842 2597 vivendo
1864 2544 2169 2592 transcen-

520 2644 689 2707 dunt,
708 2646 766 2697 et
787 2639 868 2694 illi
895 2636 1214 2709 superioris
1236 2633 1346 2689 loci
1373 2630 1643 2687 meritum
1672 2627 1935 2683 moribus
1951 2628 2031 2697 (b)
2051 2642 2167 2680 non

524 2728 895 2802 exsequendo
928 2727 1291 2781 diminuunt.

965 2874 1202 2934 CAPUT
1240 2870 1407 2928 xx1x
1446 2870 1532 2942 [Al
1568 2867 1725 2939 un].

527 2985 796 3058 Quomodo
834 2981 1178 3058 admonendi
1206 2981 1302 3051 qui
1345 2987 1563 3058 peccata
1604 2989 1825 3046 operum
1873 2973 2076 3043 lugent,
2116 2976 2170 3025 et

970 3056 1068 3127 qui
1094 3054 1276 3109 solum
1300 3054 1715 3120 cegitalionum.

2263 510 2532 565 aquarum
2556 490 2784 546 deduxit
2806 490 2991 543 oculus
3013 504 3165 542 meus
3189 487 3399 557 (Thren.
3431 499 3513 545 ιιι,
3550 482 3659 552 48).
3683 481 3888 536 Divisas

2267 584 2481 654 quippe
2503 597 2571 636 ex
2598 579 2781 633 oculis
2802 595 2985 649 aquas
3013 578 3083 632 de
3105 575 3381 639 tucimus,
3402 573 3637 642 quando
3663 571 3893 642 peccatis

2269 670 2518 739 singulis
2533 668 2867 739 dispertitas
2884 663 3775 737 lacrymasdamus.Nequeeuim
3797 676 3896 714 uno

2270 760 2591 830 eodemque
2610 766 2721 810 tem
2736 773 2868 825 pore
2885 772 3042 824 natiue
3068 771 3230 808 mens
3245 756 3314 808 de
3330 753 3600 807 omnibus
3614 749 3763 806 dulei
3782 750 3896 815 ;sed

2274 848 2413 902 dum
2441 862 2593 901 nunc
2622 846 2820 913 hujus,
2852 862 3005 899 nunc
3031 844 3187 899 illius
3210 842 3390 912 culpis
3419 840 3698 896 memoria
3720 837 3897 893 acrius

2274 938 2557 1007 tangitur,
2589 934 2764 989 simul
2803 938 2873 989 de
2912 934 3188 989 omnibus
3233 932 3292 987 in
3333 930 3588 1002 singulis
3628 932 3899 985 commota

2277 1032 2582 1097 purgatur.

2346 1114 2445 1170 85
2488 1114 2848 1169 Admonendi
2891 1116 3047 1182 sunt,
3090 1116 3153 1167 ut
3194 1113 3265 1167 de
3303 1110 3704 1167 misericordia
3740 1124 3904 1181 quam

2276 1203 2592 1274 postulant,
2614 1208 2987 1271 praesumant,
3010 1217 3079 1256 ne
3097 1202 3146 1254 vi
3170 1200 3565 1256 immoderatis
3583 1198 3904 1253 alllictionis

2274 1292 2584 1347 intereant.
2606 1291 2803 1362 Neque
2822 1291 2978 1347 enim
3010 1291 3100 1361 pie
3118 1290 3402 1345 Dominus
3421 1294 3554 1343 ante
3577 1288 3908 1359 delinquen-

2276 1382 2425 1436 tium
2457 1382 2654 1435 oculos
2676 1380 2864 1434 flenda
2896 1384 3133 1451 peccata
3155 1384 3491 1450 opponeret,
3516 1377 3561 1432 si
3588 1393 3689 1448 per
3708 1379 3906 1431 semet-

2276 1471 2471 1541 ipsum
2487 1468 2826 1525 eadistricte
2841 1470 3007 1525 ferire
3024 1468 3325 1523 voluisset.
3340 1466 3743 1524 Constatenim
3758 1464 3901 1537 quod

2277 1576 2311 1615 a
2344 1575 2448 1614 suo
2480 1559 2705 1628 judicio
2754 1558 3110 1614 abscondere
3162 1557 3361 1624 voluit,
3404 1572 3546 1627 quos
3585 1555 3904 1610 miserando

2278 1647 2635 1720 praeveniens
2683 1645 3066 1715 sibimetipsis
3101 1646 3332 1715 judices
3382 1645 3533 1699 fecit.
3576 1643 3720 1698 Hinc
3760 1642 3907 1697 enim

2278 1737 2555 1808 scriptum
2581 1742 2703 1791 est:
2731 1737 3145 1793 Praeveniamus
3170 1736 3372 1805 [aciem
3398 1735 3615 1789 Domini
3636 1735 3693 1787 in
3714 1734 3910 1802 confes-

2280 1828 2433 1884 sione
2471 1826 2636 1896 (Psal.
2672 1841 2819 1893 χειν,
2852 1828 2925 1893 2).
2960 1825 3103 1879 Hinc
3148 1841 3249 1896 per
3289 1824 3530 1878 Paulum
3573 1822 3814 1878 dicitur:
3856 1822 3915 1877 Si

2280 1917 2632 1986 nosmetipsos
2677 1914 3128 1984 dijudicaremus,
3169 1931 3277 1970 non
3321 1916 3509 1985 utique
3536 1912 3913 1983 iudicaremur

2281 2006 2333 2077 (1
2362 2006 2490 2061 Cor.
2522 2021 2601 2072 δι,
2633 2005 2743 2073 3t).
2781 2007 3149 2075 Rursumque
3180 2002 3533 2059 admonendi
3566 2009 3725 2063 sunt,
3748 2007 3810 2056 ut
3831 2002 3911 2057 sic

2281 2095 2351 2151 de
2383 2111 2485 2166 spe
2515 2095 2786 2148 ﬁduciam
2822 2094 3090 2159 habeant,
3115 2110 3186 2148 ne
3209 2099 3405 2149 tamen
3438 2094 3673 2147 incauta
3704 2093 3913 2147 securi-

2280 2189 2395 2239 tate
2411 2190 2757 2255 torpescent.
2778 2182 3129 2255 Plerumque
3142 2184 3293 2239 enim
3312 2183 3494 2238 hostis
3508 2183 3753 2239 callidus
3772 2200 3921 2239 men-

2278 2277 2394 2328 tem
2430 2289 2604 2344 quam
2634 2278 2864 2342 peccato
2885 2273 3248 2345 supplantat,
3273 2290 3403 2328 cum
3428 2274 3498 2327 de
3534 2272 3701 2327 ruina
3718 2289 3821 2327 sua
3841 2274 3919 2326 at”-

2279 2363 2490 2419 tlictam
2508 2363 2573 2431 (l)
2594 2363 2846 2432 respicit,
2867 2364 3195 2418 securitatis
3214 2363 3499 2434 pestifera
3519 2361 3816 2417 blanditiis
3832 2378 3920 2417 se-

2279 2450 2461 2506 ducit.
2490 2453 2646 2516 Quod
2682 2452 2929 2523 tlgurate
2958 2452 3324 2524 exprimitur,
3348 2468 3479 2506 cum
3518 2452 3731 2507 factum
3768 2452 3915 2506 Diues

2280 2547 2659 2596 memoratur.
2693 2540 2985 2611 Scriptum
3011 2542 3226 2612 quippe
3254 2546 3379 2596 est:
3416 2543 3643 2609 Egressa
3670 2551 3746 2595 est
3780 2540 3919 2595 Dina

2277 2636 2336 2683 ut
2367 2629 2573 2683 videret
2595 2628 2853 2685 mulieres
2882 2632 3120 2699 regionis
3142 2632 3296 2684 illius
3317 2648 3337 2692 ,°
3367 2646 3532 2702 quam
3553 2646 3678 2685 cum
3708 2628 3927 2685 vidisset

2280 2718 2497 2773 Sic/tem
2515 2720 2668 2788 ﬁlius
2692 2720 2889 2773 Ilemor
2913 2724 3124 2784 llevaei,
3143 2722 3396 2788 princeps
3413 2723 3573 2775 terra:
3592 2718 3771 2785 illius,
3789 2719 3923 2773 ada-

2278 2810 2449 2862 mavit
2480 2824 2623 2873 eam,
2654 2818 2707 2862 et
2738 2807 2949 2875 rapuit,
2977 2818 3028 2864 et
3058 2809 3315 2863 dormivit
3348 2826 3472 2863 cum
3498 2808 3633 2871 illa,
3661 2810 3721 2863 vi
3744 2809 3929 2877 oppri-

2280 2913 2433 2950 mens
2450 2899 2719 2966 virginem
2735 2913 2757 2958 ,'
2779 2903 2831 2951 et
2852 2896 3233 2967 conglutinata
3250 2906 3327 2952 est
3343 2897 3530 2951 animo
3558 2899 3675 2969 ejus
3690 2912 3814 2951 cum
3834 2911 3919 2962 ea,

2280 2988 2594 3055 tristemque
2642 2984 2933 3041 blanditiis
2978 2986 3237 3041 delinivt‘t
3286 2986 3494 3056 (Cenes.
3540 3002 3729 3052 xxxiv,
3784 2986 3921 3057 1-3).

2279 3073 2427 3128 Dina
2457 3074 2669 3145 quippe
2713 3079 2776 3129 ut
2809 3074 3080 3130 mulieres
3112 3076 3301 3129 videat
3329 3080 3617 3130 extraneas
3653 3074 3922 3142 regionis,

595 3173 939 3246 (Admonilio
955 3172 1067 3239 30).
1086 3170 1260 3224 Aliter
1277 3162 1628 3221 admonendi
1648 3165 1789 3217 sunt
1805 3158 1903 3231 qui
1929 3161 2163 3230 peccata
2196 3163 2238 3230 ο
2274 3163 2589 3233 egreditur,
2606 3163 2841 3233 quando
2859 3179 3219 3234 unaquaeque
3235 3163 3721 3219 menssuastuvjia
3740 3163 3924 3235 negti.

522 3262 1104 3335 deploranteperum,
1120 3264 1293 3328 atque
1309 3254 1586 3325 aliterqui
1602 3250 2041 3323 cogitationum.
2059 3248 2136 3301 Ad
2150 3278 2172 3290 -

520 3350 798 3408 monendi
814 3350 1031 3422 quippe
1048 3346 1303 3417 suntqui
1327 3347 1562 3416 peccata
1581 3339 1890 3411 deplorant
1905 3352 2144 3408 operum
2157 3380 2172 3404 ,

518 3450 579 3496 ut
609 3446 1015 3496 consummata
1041 3436 1196 3490 mala
1227 3435 1481 3505 perfecta
1515 3429 1747 3483 diluunt
1788 3425 2068 3485 lamenta,
2102 3438 2173 3477 ne

2281 3268 2445 3323 gens,
2467 3254 2723 3307 actiones
2756 3251 2977 3307 alienas
3011 3270 3247 3320 curans,
3267 3265 3428 3309 extra
3461 3253 3723 3308 habitum
3752 3258 3925 3324 atque

2278 3348 2437 3394 extra
2454 3341 2713 3395 ordinem
2734 3344 3032 3413 proprium
3056 3350 3307 3413 vagatur.
3326 3342 3745 3407 QuamSichem
3766 3343 3928 3414 priu-

2279 3445 2415 3500 ceps
2449 3436 2611 3483 terra
2643 3432 2941 3500 opprimit,
2980 3432 3117 3502 quia
3142 3431 3407 3486 videlicet
3429 3434 3718 3487 inventam
3744 3432 3798 3485 in
3822 3447 3927 3485 cu-

519 3529 653 3601 plus
687 3529 1095 3598 astringantur
1129 3524 1184 3577 in
1212 3522 1404 3576 debito
1432 3516 1745 3589 perpetrati
1779 3529 1995 3585 operis.
2021 3512 2090 3601 (ρ)
2115 3518 2164 3566 el

2280 3518 2359 3571 ris
2392 3518 2774 3573 exterioribus
2799 3519 3071 3575 diabolus
3098 3522 3441 3591 corrumpit.
3469 3522 3530 3575 Et
3551 3521 3929 3591 conglutinata

520 3599 704 3671 minus
716 3614 943 3669 solvant
958 3612 1193 3665 ﬂetibus
1205 3606 1647 3663 satistactionis.
1663 3601 1939 3671 Scriptum
1955 3599 2172 3669 quippe

518 3710 644 3761 est:
677 3708 880 3760 Polum
900 3703 1049 3757 dedit
1072 3700 1226 3756 nobis
1256 3701 1313 3754 in
1339 3698 1602 3767 lacrymis
1624 3696 1683 3749 in
1711 3708 1970 3748 mensura
1996 3691 2170 3759 (Psal.

521 3810 709 3859 LXXIX,
739 3793 831 3859 6);
866 3799 927 3847 ut
955 3789 1222 3846 videlicet
1250 3786 1715 3856 uniuscujusque
1744 3797 1907 3836 mens
1935 3786 2166 3834 tantum

515 3883 847 3955 paenitendo
863 3878 1333 3951 compunctionis
1353 3891 1471 3930 suis
1491 3874 1649 3928 bibat
1664 3873 1969 3942 lacrymas,
1985 3885 2168 3938 quan-

515 3954 643 4027 tum
659 3970 894 4027 seaDeo
910 3966 1413 4025 ineminitaruisse
1439 3979 1540 4035 per
1560 3960 1783 4032 culpas.
1802 3954 2168 4013 Admonendi

517 4067 653 4115 sunt
682 4064 748 4114 ut
775 4059 1135 4114 incessanter
1166 4056 1425 4109 admissa
1455 4056 1589 4106 ante
1631 4048 1832 4105 oculos
1866 4045 2164 4110 reducant,

518 4154 695 4220 atque
716 4149 958 4202 vivendo
980 4150 1179 4215 agant,
1204 4154 1261 4197 ut
1289 4160 1323 4197 a
1339 4140 1600 4196 districto
1617 4138 1817 4208 judice
1842 4135 2025 4189 videri
2052 4151 2164 4189 non

518 4239 787 4293 debeant.
810 4236 970 4292 Unde
988 4235 1169 4291 David
1195 4234 1267 4301 (d)
1290 4248 1421 4286 cum
1452 4234 1691 4301 peteret,
1713 4227 1947 4281 dicens:
1974 4229 2166 4280 Averle

515 4326 696 4383 oculos
722 4329 843 4381 tuos
873 4341 907 4380 a
936 4322 1174 4395 peccatis
1194 4323 1334 4377 meis
1364 4319 1533 4389 (Psal.
1567 4335 1620 4384 L,
1652 4316 1762 4386 11),
1788 4316 1961 4385 paulo
1992 4329 2165 4384 supe-

515 4415 636 4472 rius
668 4414 866 4470 intulit
893 4430 906 4468 ε
942 4412 1211 4468 Delictum
1234 4425 1412 4464 meum
1433 4408 1506 4475 (ε)
1536 4422 1720 4460 coram
1746 4419 1830 4458 me
1849 4406 1926 4457 est
1950 4416 2164 4471 semper

512 4504 697 4577 (Ibid,
729 4504 807 4575 5).
843 4511 922 4559 Ac
956 4503 1003 4557 si
1037 4501 1283 4556 diceret:
1314 4502 1619 4554 Peccatum
1650 4508 1841 4548 meum
1871 4507 1944 4546 ne
1974 4491 2159 4561 respi-

514 4596 634 4651 cias
648 4591 902 4667 postulo,
917 4591 1049 4663 quia
1070 4590 1179 4646 hoc
1200 4587 1487 4657 respicere
1510 4585 1633 4655 ipse
1659 4598 1773 4637 non
1797 4597 1980 4636 cesso.
1997 4579 2159 4634 Unde

512 4689 572 4740 et
589 4700 690 4756 per
706 4681 1052 4755 prophetam
1072 4676 1359 4734 Dominus
1386 4674 1556 4729 dicit:
1592 4674 1653 4728 Et
1685 4676 2023 4741 peccatorum
2045 4673 2161 4723 tuo-

512 4790 638 4827 rum
668 4788 879 4828 memor
898 4787 1010 4826 non
1028 4783 1145 4835 ero,
1172 4771 1233 4821 lu
1254 4776 1441 4819 autem
1460 4777 1669 4817 memor
1683 4767 1797 4816 esto
1826 4758 1977 4829 (lsai.
2003 4773 2159 4821 xuii,

512 4862 604 4925 25,
632 4862 723 4924 26,
755 4876 862 4915 sec.
899 4859 1060 4922 LXX).
1086 4852 1451 4913 Admoneudi
1486 4861 1619 4905 sunt
1651 4854 1715 4902 ut
1744 4846 1979 4916 singula
2011 4862 2163 4915 quas-

514 4965 625 5019 que
643 4949 896 5004 admissa
916 4947 1305 5008 considerent,
1331 4948 1388 4996 et
1413 4942 1552 4995 dum
1578 4955 1678 5009 per
1700 4936 2162 5007 unumquodque

517 5038 734 5095 erroris
755 5039 847 5093 sui
874 5036 1336 5109 inquinationem
1362 5032 1596 5096 deﬂent,
1622 5028 1796 5085 simul
1822 5045 1884 5083 se
1913 5043 1979 5083 ac
2008 5031 2159 5082 totos

519 5126 796 5197 lacrymis
814 5129 1117 5182 mundent.
1138 5124 1302 5181 Unde
1319 5125 1462 5177 bene
1490 5118 1908 5193 perleremiam
1924 5114 2154 5181 dicitur,

586 5238 665 5303 (α)
700 5234 881 5300 Idem,
913 5233 1117 5286 merita
1146 5229 1415 5286 cordium.

585 5298 662 5375 (b)
698 5298 914 5360 Ibidem
947 5304 1111 5375 Cod.,
1143 5317 1250 5357 non
1274 5298 1554 5375 sequendo.

585 5373 655 5446 (c)
687 5377 889 5444 haud,
917 5374 968 5430 si
996 5374 1182 5429 minus
1212 5373 1347 5446 soli).

582 5435 656 5519 (ά)
690 5435 887 5515 Corb.,
921 5446 1178 5519 Carpon,
1222 5442 1401 5519 Delv”
1441 5458 1565 5495 cum
1600 5438 1910 5512 pteuileret.
1943 5435 2151 5507 Sequi-

510 5514 648 5575 mur
668 5535 800 5575 eum
832 5520 1002 5573 editis
1031 5516 1219 5579 Trec.,
1252 5514 1473 5579 Norm.,
1507 5521 1614 5567 etc.

580 5590 651 5663 (e)
683 5592 875 5663 (ιρι-δη
890 5592 1095 5663 contra
1128 5602 1230 5643 me.

668 5652 1045 5729 Belv.,7Corb.
1077 5666 1134 5716 et
1164 5656 1392 5731 primus
1422 5653 1685 5721 Caruot..,
1709 5652 1932 5724 reperit.

2274 3610 2353 3662 est
2382 3608 2576 3661 anima
2604 3609 2719 3675 eius
2746 3625 2868 3663 cum
2898 3627 2961 3664 ea
2994 3610 3219 3681 (Ibid);
3252 3611 3389 3682 quia
3424 3612 3643 3665 unitam
3680 3610 3788 3664 sibi
3826 3625 3932 3681 per

2276 3696 2645 3767 iniquitatem
2670 3700 2921 3767 respicit.
2947 3700 3012 3753 Et
3038 3700 3173 3767 quia
3198 3716 3328 3755 cum
3353 3717 3517 3755 mens
3538 3718 3569 3753 a
3588 3700 3755 3771 culpa
3780 3700 3926 3754 resi-

2276 3785 2468 3857 piscit,
2491 3787 2573 3857 (g)
2594 3788 2901 3853 addicitur,
2923 3798 3097 3860 atque
3120 3790 3445 3844 admissum
3474 3790 3609 3844 ﬂere
3642 3794 3923 3845 conatur:

2275 3882 2575 3946 corruptor
2594 3888 2781 3931 autem
2803 3894 2936 3949 spes
2956 3894 3021 3932 ac
3043 3880 3378 3933 securitates
3395 3895 3611 3934 vacuas
3629 3884 3762 3933 ante
3779 3894 3925 3933 ocuo

2272 3961 2359 4017 los
2394 3971 2643 4029 revocat,
2667 3973 2955 4035 quatenus
2989 3966 3293 4021 utilitatem
3322 3968 3567 4021 tristitia:
3590 3966 3922 4034 subtrahat,

2272 4060 2424 4108 recte
2452 4053 2571 4109 illic
2594 4055 2971 4126 adjungitur:
3003 4058 3335 4127 Tristemque
3357 4057 3643 4112 blanditiis
3663 4056 3927 4111 delinivit

2272 4142 2478 4213 (Ibid).
2515 4142 2684 4199 Modo
2716 4161 2868 4199 enim
2888 4146 3135 4201 aliorum
3159 4146 3309 4201 facta
3335 4149 3616 4214 graviora,
3638 4146 3810 4201 modo
3836 4147 3924 4201 nil

2272 4246 2400 4285 esse
2446 4234 2594 4302 quod
2651 4241 3041 4306 perpetratum
3101 4241 3209 4302 est,
3262 4238 3430 4291 modo
3480 4238 3921 4291 misericordem

2273 4324 2453 4375 Deum
2489 4322 2768 4392 loquitur,
2796 4325 2965 4379 modo
2991 4325 3179 4381 adhuc
3200 4331 3432 4395 tempus
3457 4326 3825 4397 subsequens
3845 4326 3922 4380 ad

2272 4410 2669 4480 paenitentiam
2715 4412 3057 4482 pollicetur;
3103 4421 3166 4467 ut
3195 4416 3335 4469 dum
3369 4432 3473 4486 per
3512 4415 3629 4470 haec
3671 4416 3928 4486 decepta

2194 4512 2236 4577 D
2271 4499 3106 4563 mensducitur,abintentione
3126 4504 3925 4573 pmnitentiaasuspendatur;

2270 4591 2562 4657 quatenus
2581 4593 2720 4643 tunc
2741 4590 2887 4644 bona
2907 4590 3064 4645 nulla
3086 4592 3569 4664 percipiat,quam
3589 4609 3742 4647 nunc
3766 4594 3933 4648 mala

2272 4674 2436 4729 nulla
2464 4681 2851 4733 contristent:
2886 4684 2943 4734 et
2972 4687 3110 4735 tunc
3134 4680 3362 4751 plenius
3384 4683 3668 4736 obruatur
3688 4680 3931 4754 suppli-

2270 4764 2397 4828 ciis,
2431 4781 2559 4835 quae
2594 4783 2749 4821 nunc
2780 4767 2947 4822 etiim
2984 4768 3063 4839 (h)
3093 4770 3306 4839 gaudet
3338 4771 3395 4824 in
3427 4769 3678 4826 delictis.

2340 4856 2409 4908 At
2441 4861 2644 4909 contra
2673 4857 3022 4911 admonendi
3048 4863 3186 4912 sunt
3217 4858 3315 4928 qui
3345 4864 3575 4928 peccata
3604 4858 3929 4929 cogitatio-

2271 4956 2409 4996 num
2430 4942 2662 5009 deﬂent,
2691 4950 2753 4999 ut
2773 4944 3013 4999 sollicite
3030 4947 3399 5002 considerent
3416 4948 3568 5003 intra
3587 4950 3807 5003 mentis
3834 4965 3934 5003 ar-

2269 5044 2413 5086 cana
2435 5038 2627 5086 utrum
2652 5034 3030 5089 delectatione
3048 5038 3480 5105 tantummodo,
3498 5055 3565 5091 an
3583 5039 3758 5092 etiam
3782 5054 3934 5093 con-

2267 5135 2439 5175 sensu
2468 5120 2837 5193 deliquerint.
2874 5123 3213 5195 Plerumque
3235 5126 3390 5181 enim
3415 5128 3479 5197 (i)
3502 5132 3759 5182 tentatur
3790 5144 3930 5195 cor,

2335 5226 2423 5309 (g)
2454 5226 2708 5298 Vulgati,
2760 5246 2899 5286 mss.
2943 5233 3424 5301 contradicentes,
3459 5234 3527 5288 ad
3565 5250 3621 5290 se
3658 5234 3926 5291 duri/ur.

2266 5296 2591 5375 Ij‘amiliaris
2622 5307 2711 5375 est
2744 5309 2939 5375 nostro
2969 5305 3246 5375 Gregorio
3287 5323 3394 5360 vox
3438 5306 3569 5370 ista,
3603 5306 3931 5373 addirilur,

2263 5368 2333 5423 de
2366 5376 2613 5439 quajam
2650 5372 2747 5428 lib.
2785 5390 2821 5428 ιι
2856 5368 3269 5442 Manifnum.
3311 5379 3393 5434 is.
3428 5368 3571 5433 Vide
3601 5378 3781 5433 etiam
3806 5368 3933 5434 lib.

2262 5456 2339 5507 ix,
2362 5458 2551 5515 _nu_m.
2574 5442 2663 5507 32,
2697 5451 2753 5500 et
2783 5444 2881 5501 lib.
2916 5462 3052 5515 xx",
3089 5464 3223 5501 num
3266 5448 3357 5512 22,
3388 5449 3476 5503 23.

2437 5511 2676 5589 _Bel|ov.,
2712 5516 2899 5587 prima
2932 5511 3131 5584 manu,
3163 5524 3365 5589 gaudet
3398 5523 3457 5575 in
3490 5519 3727 5576 deliciis.

2256 5584 2515 5711 mg)ch
2546 5584 2727 5654 Mss.,'
2749 5590 2833 5645 vel
2873 5584 3288 5649 tentatum'wr.
3333 5591 3399 5649 In
3438 5591 3751 5664 Gussauv.,
3790 5596 3940 5649 ten-
