4136 6178
204 321 312 382 109

964 317 1305 382 REGULE
1350 321 1836 387 PASTORALlS
1882 325 2141 387 LIBER.
2189 358 2265 371 -—
2306 326 2510 388 PARS
2555 326 2869 389 TERTIA.

3497 326 3616 394 110

190 459 243 511 et
273 471 343 511 ex
373 452 575 511 carnis
606 453 869 524 nequitia
908 455 1249 519 delectatur,
1300 464 1355 512 et
1408 460 1603 514 tamen
1653 459 1842 516 eidem
1878 463 1931 528 Α
1962 464 2119 521 runt.
2144 477 2246 515 nec
2262 464 2451 516 tamen
2470 462 2772 534 plangunt.
2796 462 3161 521 Admonendi
3186 464 3492 522 suntenim
3511 466 3613 540 qui

188 544 470 616 nequitia:
491 561 557 598 ex
579 544 805 599 ratione
829 545 1117 607 renititur,
1137 551 1199 599 ut
1219 548 1273 599 in
1299 552 1520 601 secreto
1544 548 1844 621 cogitatio-

184 636 279 689 nis
300 642 359 689 et
376 634 684 688 contristet
703 632 860 704 quod
885 634 1043 699 libet,
1062 640 1118 688 et
1139 634 1317 690 libeat
1338 636 1495 707 quod
1509 640 1844 694 contristat.

185 721 625 792 Nonnunquam
652 737 789 776 vero
817 723 897 776 ita
922 738 1085 776 mens
1118 724 1349 778 baratro
1384 726 1723 779 tentationis
1746 726 1846 780 ab-

187 813 482 876 sorbetur,
519 817 588 865 ut
618 810 965 866 nullatenus
997 811 1302 877 renitatur,
1333 814 1434 868 sed
1467 830 1535 868 ex
1558 814 1846 869 delibera-

189 900 341 955 tione
370 902 652 971 sequitur
683 900 814 967 huc,
849 901 1002 955 unde
1032 918 1102 957 ex
1136 901 1513 958 delectatione
1546 904 1847 973 pulsatur;

194 992 300 1045 etsi
325 989 589 1044 facultas
603 989 1155 1061 exteriorsuppctat,
1182 1007 1372 1047 rerum
1399 1009 1532 1047 mox
1544 994 1848 1050 eﬂ'ectibus

191 1078 471 1134 interiora
503 1086 639 1133 vota
668 1085 1064 1134 consummat.
1100 1079 1260 1142 Quod
1299 1080 1563 1135 videlicet
1598 1083 1648 1137 si
1685 1083 1849 1152 justa

191 1168 631 1223 animadversio
673 1169 924 1223 districti
954 1168 1175 1238 judicia
1208 1169 1459 1238 respicit,
1487 1187 1596 1224 non
1622 1173 1848 1241 estjam

188 1258 569 1327 cogitationis
587 1257 780 1329 culpa,
805 1259 903 1313 sed
930 1260 1152 1329 operis;
1177 1259 1317 1329 quia
1331 1259 1442 1314 etsi
1463 1276 1658 1316 rerum
1676 1263 1798 1315 tard
1811 1262 1850 1315 i-

184 1355 269 1403 tas
301 1348 465 1402 foras
500 1355 815 1417 peccatum
843 1347 1097 1413 distulit,
1124 1347 1283 1403 intus
1310 1348 1415 1404 hoc
1437 1350 1835 1406 consensionis

187 1453 357 1509 opere
387 1436 667 1491 voluntas
705 1435 988 1508 implevit.

251 1528 314 1581 In
332 1526 537 1596 primo
559 1531 761 1583 autem
785 1533 1017 1597 parente
1037 1525 1352 1582 didicimus
1370 1527 1509 1599 quia
1529 1528 1849 1584 tribusmo-

186 1617 269 1671 dis
280 1615 485 1671 omnis
497 1615 688 1685 culpae
704 1614 1024 1688 nequitiam
1047 1623 1371 1687 perpetrata
1386 1619 1854 1689 us,suggestione

186 1707 433 1774 scilicet,
455 1704 855 1761 delectatione
886 1710 943 1759 et
973 1721 1285 1762 consensu.
1317 1705 1420 1761 86
1452 1705 1710 1763 Primum
1738 1708 1852 1763 ita-

1957 548 2215 603 admissa
2236 548 2538 618 plannint,
2573 567 2676 606 nec
2699 557 2890 606 tamen
2920 554 3214 619 deserunt,
3254 562 3318 609 ut
3339 555 3609 611 conside-

1956 654 2084 693 rare
2107 638 2349 693 sollicite
2370 639 2556 693 sciant
2572 640 2705 710 quia
2735 640 2928 695 ﬂendo
2950 640 3201 697 inaniter
3219 659 3281 698 se
3294 648 3604 713 mundani,

1957 727 2057 797 qui
2081 726 2322 781 vivendo
2344 742 2405 782 se
2428 728 3037 799 nequiterinquinant,
3060 746 3191 785 cum
3214 731 3429 789 idcirco
3443 750 3504 789 se
3521 735 3606 790 la-

1957 816 2167 888 crymis
2196 815 2410 882 lavant,
2450 823 2511 873 ut
2544 818 2746 872 mundi
2776 819 2847 873 ad
2898 820 3102 874 sordes
3163 820 3420 877 redeant.
3457 823 3605 880 Hinc

1958 907 2114 960 enim
2140 906 2421 977 scriptum
2446 912 2532 961 est
2556 924 2569 962 :
2596 907 2761 961 Canis
2783 923 3029 962 reversus
3044 909 3114 963 ad
3128 925 3287 963 suum
3312 911 3607 978 vomitum,

1959 1004 2012 1050 et
2041 1011 2127 1050 sus
2157 995 2262 1049 lota
2293 996 2355 1050 in
2390 996 2669 1051 volutabra
2702 996 2811 1051 luti
2831 999 3012 1064 (Prov.
3046 1014 3197 1065 xxvx,
3223 999 3284 1053 11
3314 1017 3334 1061 ;
3362 1001 3411 1056 Il
3452 1002 3605 1058 Petr.

1961 1086 2152 1154 11,22).
2175 1084 2348 1140 Canis
2382 1087 2599 1159 quippe
2616 1102 2749 1141 cum
2782 1088 2986 1154 vomit,
3017 1089 3273 1159 profecto
3294 1091 3603 1163 cibumqui

1960 1182 2165 1247 pectus
2187 1176 2567 1247 deprimebat,
2605 1177 2836 1248 projicit
2868 1197 2880 1244 ;
2919 1177 3019 1233 sed
3050 1194 3183 1233 cum
3216 1180 3287 1234 ad
3320 1180 3605 1237 vomitum

1976 1266 2301 1332 revertitur,
2336 1267 2489 1320 unde
2517 1265 2799 1338 levigatus
2833 1268 3041 1334 fuerat,
3075 1282 3277 1323 rursus
3317 1274 3617 1329 oneratur.

1961 1355 2025 1409 Et
2044 1354 2409 1425 quiadmissa
2432 1355 2740 1426 plangunt,
2766 1355 3021 1426 profecto
3043 1356 3472 1428 nequitiam,de
3498 1376 3619 1432 qua

1962 1443 2113 1498 male
2136 1444 2331 1499 satiati
2361 1447 2607 1507 fuerant,
2625 1449 2824 1515 etquae
2854 1446 3068 1501 mentis
3100 1446 3310 1502 intima
3326 1447 3621 1509 deprime-

1964 1530 2076 1599 bat,
2111 1531 2442 1587 confitendo
2471 1531 2806 1604 projiciunt,
2828 1549 3007 1603 quam
3024 1537 3155 1603 post
3178 1535 3616 1592 confessionem

1963 1621 2101 1675 dum
2136 1626 2427 1692 repetunt,
2452 1626 2778 1676 resumunt.
2811 1621 2922 1676 Sus
2945 1621 3150 1677 veroin
3178 1622 3480 1678 volutabra
3502 1624 3615 1679 luti

1961 1710 2959 1774 cumlavatur,sordidiorredditur.
2986 1712 3437 1779 thuiadmissa
3452 1712 3620 1785 plan-

186 1813 295 1867 que
310 1814 414 1870 per
432 1797 685 1861 hostem,
712 1797 1041 1852 secundum
1058 1814 1187 1852 vero
1212 1813 1315 1867 per
1335 1814 1593 1864 carnem,
1612 1800 1847 1854 tertium
1884 1836 1928 1900 Β
1961 1800 2381 1870 git,nectamcn
2400 1800 2907 1871 deserit,puenze(e)
2922 1800 3205 1871 gravioris
3219 1801 3398 1873 culpae
3411 1818 3470 1858 se
3483 1804 3621 1858 sub-

189 1904 298 1958 per
323 1888 601 1957 spiritum
626 1891 1023 1958 perpetretur.
1046 1886 1361 1942 lnsidiator
1390 1888 1545 1943 enim
1573 1887 1650 1959 (α)
1677 1906 1851 1959 prava
1884 1886 1927 1900 "
1959 1890 2087 1960 jicit
2118 1890 2339 1959 (Eadem
2366 1888 2514 1953 dist.,
2547 1905 2594 1944 ε.
2630 1890 2720 1958 14,
2754 1890 2861 1957 Qui
2890 1890 3133 1945 admissa
3164 1890 3405 1963 plangit)
3425 1909 3446 1952 ,'
3477 1893 3618 1963 quia

188 1977 476 2047 suggerit,
499 1992 635 2031 caro
668 1991 733 2030 se
761 1974 1135 2030 delectationi
1169 1975 1428 2045 subjicit,
1462 1986 1633 2047 atque
1658 1978 1727 2032 ad
1752 1994 1851 2032 ex-

187 2073 448 2121 tremum
467 2065 722 2137 spiritus
754 2064 943 2118 victus
956 2064 1335 2120 delectatione
1357 2068 1667 2120 consentit.
1690 2066 1854 2124 Unde

189 2158 259 2227 εὑ)
283 2164 341 2211 et
376 2154 479 2211 ille
505 2170 757 2227 serpens
782 2170 960 2226 prava
991 2156 1307 2226 suggessit.
1337 2154 1446 2209 Eva
1468 2162 1661 2210 autem
1686 2156 1851 2228 quasi

182 2264 314 2303 caro
338 2262 405 2301 se
429 2245 814 2301 delectationi
846 2244 1128 2312 subdidit,
1151 2246 1332 2299 Adam
1357 2261 1490 2300 vero
1508 2247 1662 2301 velut
1681 2247 1853 2315 spiri-

180 2344 279 2393 tus
306 2338 703 2405 suggestione
736 2350 802 2388 sc
835 2333 1221 2389 delectatione
1244 2340 1551 2404 superatus
1577 2336 1849 2391 assensit.

177 2424 587 2497 Suggestione
619 2424 820 2494 itaque
852 2434 1148 2492 peccatum
1185 2437 1580 2494 agnoscimus,
1603 2424 1849 2479 delecta-

178 2517 343 2571 tione
358 2514 693 2581 vincimur,
709 2528 998 2567 consensu
1014 2514 1189 2567 etiam
1208 2510 1849 2581 ligamur.Admonendi

173 2611 310 2659 sunt
332 2599 949 2675 igiturquinequitias
964 2600 1338 2671 cogitationis
1360 2600 1592 2665 deﬂent,
1616 2601 1851 2657 utsolli-

176 2696 285 2749 cite
306 2692 709 2749 considerent
728 2690 785 2744 in
809 2706 923 2761 qua
946 2689 1163 2760 peccati
1191 2700 1467 2745 mensura
1490 2690 1847 2759 ceciderunt,

179 2790 479 2856 quatenus
495 2782 674 2851 juxta
688 2782 872 2834 ruinas
891 2780 1122 2834 modum
1140 2795 1316 2851 quam
1339 2778 1397 2834 in
1412 2779 1746 2851 semetipsis
1760 2779 1848 2835 iu-

179 2882 402 2928 trorsus
434 2868 735 2935 sentiunt,
765 2867 938 2923 etiam
971 2882 1245 2923 mensura
1274 2868 1711 2922 lamentationis
1731 2869 1843 2923 eri-

176 2972 417 3034 gantur,
442 2976 518 3014 ne
546 2959 597 3013 si
618 2957 1028 3027 cogitatamala
1042 2956 1238 3013 minus
1264 2956 1548 3018 cruciant,
1570 2973 1755 3028 usque
1775 2958 1844 3013 ad

177 3048 583 3122 perpetranda
611 3063 787 3116 opera
807 3048 1140 3115 perducant.
1173 3046 1282 3101 Sed
1306 3049 1458 3101 inter
1479 3045 1599 3100 haec
1620 3048 1697 3100 ita
1729 3052 1848 3101 ter-

174 3140 343 3194 rendi
364 3142 543 3201 sunt,
580 3144 849 3190 utiamen
868 3134 1108 3189 minime
1123 3135 1487 3205 frangentur.
1511 3135 1673 3203 Seps
1690 3136 1843 3191 enim

1967 1985 2024 2034 et
2048 1979 2233 2049 ipsam
2258 1994 2433 2048 quam
2455 1978 2643 2033 ﬂendo
2670 1978 2853 2048 potuit
2885 1979 3198 2050 impetrare
3217 1981 3449 2036 veniam
3472 1996 3615 2037 cou-

1968 2069 2199 2131 temnit,
2232 2072 2287 2121 et
2312 2068 2478 2134 quasi
2511 2066 2569 2120 in
2604 2067 2798 2121 lutosa
2824 2084 2976 2140 aqua
3006 2069 3385 2141 semetipsum
3411 2070 3610 2127 volvit.

1965 2156 2103 2229 quia
2134 2156 2269 2211 dum
2309 2156 2542 2211 ﬂetibus
2574 2156 2698 2210 suis
2726 2156 2856 2210 vitae
2909 2156 3259 2210 munditiam
3294 2158 3608 2224 subtrahit,

1964 2252 2098 2299 ante
2125 2246 2227 2300 Dei
2255 2245 2732 2301 oculossordidas
2765 2245 2921 2316 ipsas
2935 2245 3109 2299 etiam
3133 2245 3418 2316 lacrymas
3443 2246 3603 2301 facit.

1963 2334 2106 2389 Ilinc
2128 2351 2360 2389 rursum
2392 2334 2674 2405 scriptum
2701 2339 2789 2389 est
2811 2350 2825 2389 :
2851 2334 2926 2388 Ne
2947 2334 3112 2388 iteres
3136 2334 3352 2388 verbum
3386 2333 3443 2388 in
3464 2351 3603 2390 ora-

1963 2422 2112 2477 tinne
2141 2432 2234 2478 tua
2268 2422 2453 2494 (Ereti.
2510 2439 2606 2487 vn,
2635 2423 2740 2489 15).
2801 2422 2895 2478 87
2949 2420 3204 2477 Verbum
3252 2439 3507 2494 namque
3541 2423 3601 2479 in

1962 2513 2221 2569 oratione
2252 2514 2480 2582 iterare,
2510 2518 2600 2567 est
2628 2517 2757 2583 post
2788 2512 2986 2567 ﬂetum
3031 2512 3399 2568 committere
3441 2514 3597 2586 quod

1963 2618 2186 2658 rursum
2222 2617 2459 2657 necesse
2481 2602 2557 2656 sit
2582 2601 2738 2657 ﬂere.
2773 2603 2920 2656 Hinc
2959 2616 3062 2672 per
3091 2601 3300 2657 Isaiam
3335 2601 3552 2657 dicitur
3585 2618 3601 2659 :

1964 2689 2257 2746 Lavamini
2284 2691 2441 2762 (leui.
2476 2707 2516 2756 ι,
2554 2692 2660 2761 16),
2695 2691 2890 2744 mundi
2916 2695 3081 2746 estote
3105 2690 3333 2760 (Eadem
3366 2690 3520 2759 dist,
3548 2706 3601 2748 c.

1962 2783 2049 2849 15,
2079 2782 2407 2843 Lavamini).
2444 2784 2578 2835 Post
2602 2779 2889 2834 lavacrum
2907 2779 3063 2834 enim
3084 2779 3341 2834 mundus
3360 2795 3489 2835 esse
3503 2796 3603 2836 ue-

1957 2870 2146 2942 gligit,
2173 2869 2437 2941 quisquis
2460 2876 2587 2941 post
2607 2869 2891 2941 lacrymas
2910 2869 3039 2923 vitae
3060 2867 3456 2924 innocentiam
3480 2886 3598 2927 non

1961 2959 2235 3015 custodit.
2252 2958 2742 3031 Etlavanturergo
2754 2965 2813 3013 et
2831 2973 3201 3030 nequaquam
3220 2958 3421 3013 mundi
3438 2964 3600 3029 sunt,

1963 3048 2059 3121 qui
2092 3048 2405 3103 commissa
2437 3047 2573 3102 ﬂere
2599 3064 2711 3102 non
2736 3047 3029 3106 desinunt,
3059 3046 3156 3100 sed
3188 3062 3392 3102 rursus
3407 3046 3602 3102 ﬂenda

1962 3137 2354 3193 committunt.
2381 3136 2524 3189 Hinc
2545 3138 2969 3206 perquemdam
3003 3133 3323 3204 sapientem
3346 3134 3559 3190 dicitur
3582 3151 3598 3191 :

174 3228 528 3285 misericors
556 3226 707 3281 Deus
728 3240 795 3279 eo
814 3224 988 3280 citius
1022 3229 1254 3297 peccata
1283 3224 1477 3279 cordis
1500 3224 1705 3292 abluit,
1731 3240 1845 3295 quo
1878 3220 1922 3284 C
1962 3227 2025 3294 (/)
2044 3224 2150 3293 Qui
2163 3223 2832 3293 baptizaturamortuo,et
2854 3221 3247 3289 iterum/angit
3263 3222 3602 3293 illum,qnid

172 3317 299 3372 hec
331 3317 495 3370 exire
528 3316 602 3368 ad
636 3329 808 3384 opera
841 3328 953 3367 non
990 3313 1315 3385 permittit;
1361 3315 1420 3367 et
1450 3313 1702 3382 cogitata
1734 3328 1843 3366 ne-

173 3406 359 3479 quitia
392 3402 643 3476 quando
674 3401 848 3458 citius
899 3401 1163 3469 solvitur,
1218 3402 1359 3472 quia
1401 3401 1606 3455 eﬂ'ectu
1654 3400 1847 3473 operis

167 3494 509 3550 districtius
544 3509 664 3547 non
698 3492 932 3563 ligatur.
960 3489 1119 3545 Unde
1154 3496 1305 3545 recte
1338 3505 1437 3560 per
1468 3489 1844 3546 Psalmistam

170 3586 391 3640 dicitur
425 3600 443 3637 :
476 3584 639 3651 Dixi,
671 3579 1048 3652 pronuntiabo
1079 3579 1365 3635 adversum
1399 3595 1486 3632 me
1532 3578 1846 3649 injurtitias

170 3692 323 3730 mea:
357 3676 622 3741 Domino,
654 3675 704 3727 et
742 3674 798 3725 tu
828 3669 1098 3725 remisisti
1148 3671 1489 3736 impietatem
1525 3668 1709 3723 cordi:
1737 3670 1849 3723 mei

171 3766 285 3834 (Ps.
314 3780 482 3827 xxxi,
514 3762 597 3827 3).
629 3760 737 3824 Qui
765 3759 921 3815 enim
947 3760 1304 3830 impietatem
1339 3756 1532 3812 cordis
1555 3758 1844 3826 subdidit,

174 3855 316 3925 quia
328 3852 767 3923 cogitationum
781 3848 1100 3919 injustitias
1116 3854 1497 3917 pronuntiare
1508 3844 1683 3900 vellet
1703 3846 1848 3900 iudi-

180 3944 358 3996 cavit.
397 3947 679 4011 Dumque
707 3938 828 3994 ait:
864 3937 1017 4005 Dixi,
1047 3936 1418 4007 pronuntiabo
1468 3941 1643 4005 atque
1690 3934 1845 3990 illico

181 4029 570 4101 adjunsit,El
598 4035 661 4081 tu
682 4026 981 4093 remisisti;
1011 4041 1185 4097 quam
1219 4025 1297 4079 sit
1319 4040 1496 4095 super
1521 4024 1641 4077 haec
1663 4022 1847 4078 facilis

174 4123 353 4176 venia
373 4118 660 4175 ostendit.
694 4118 797 4181 Qui
831 4118 969 4172 dum
1003 4132 1065 4173 se
1096 4116 1285 4171 adhuc
1317 4121 1512 4187 petere
1537 4114 1844 4186 promittit,

174 4210 282 4268 hoc
295 4212 377 4281 (τ)
390 4208 554 4281 quod
572 4217 761 4280 petere
779 4223 840 4262 se
855 4204 1377 4278 promittebat,obti
1391 4204 1517 4258 nuit
1531 4221 1545 4271 ;
1561 4208 1848 4274 quatenus

166 4302 310 4373 quia
329 4313 534 4369 usque
557 4299 625 4352 ad
640 4313 788 4367 Opus
813 4312 926 4352 non
948 4299 1190 4351 venerat
1211 4293 1403 4365 culpa,
1427 4308 1611 4364 usque
1626 4293 1696 4347 ad
1713 4307 1847 4346 cru-

166 4390 409 4445 ciaium
443 4402 562 4441 non
586 4386 913 4457 perveniret
934 4382 1292 4455 pmnitentia,
1308 4383 1409 4438 sed
1428 4386 1674 4450 cogitata
1696 4378 1845 4435 afﬂi-

164 4483 285 4535 ctio
322 4482 593 4532 mentem
621 4480 891 4544 tergeret,
916 4489 1091 4546 quam
1118 4472 1402 4527 nimirum
1434 4469 1846 4526 tantummodo

166 4571 253 4636 (ὦ
289 4566 564 4640 cogitata
587 4565 866 4636 iniquitas
887 4564 1282 4636 inquinasset.

655 4671 888 4728 eaeor
931 4669 1081 4726 xxx
1112 4669 1221 4742 [Αι.
1256 4668 1405 4741 ur].

178 4764 480 4835 Quomodo
501 4762 838 4817 admonendi
866 4762 967 4832 qui
994 4777 1027 4815 a
1058 4759 1292 4835 peccati:
1322 4772 1446 4829 quae
1479 4758 1701 4835 deflent,
1741 4754 1851 4811 non

301 4838 630 4894 abstinent;
659 4838 712 4887 et
741 4835 838 4904 qui
864 4829 989 4887 cum
1018 4831 1353 4897 abstineant,
1384 4844 1493 4884 non
1524 4829 1740 4898 deﬂent.

260 4932 275 4993 (
302 4922 625 4981 Idmonitio
654 4921 767 4991 3|.)
798 4920 977 4977 Aliter
1012 4918 1364 4975 admonendi
1421 4922 1559 4972 sunt
1605 4916 1707 4989 qui
1739 4916 1850 4972 ad-

173 5018 383 5073 missa
412 5013 697 5085 plangunt
729 5011 825 5081 (De
851 5026 1022 5082 parm,
1051 5009 1181 5065 dist.
1230 5009 1286 5077 3,
1346 5025 1391 5063 c.
1454 5006 1561 5076 Qui
1607 5006 1854 5062 admissa

168 5104 520 5179 plangunt),
537 5117 645 5158 nec
657 5105 850 5157 tamen
866 5099 1171 5167 deserunt;
1195 5106 1367 5170 atque
1381 5096 1547 5152 aliter
1565 5096 1663 5168 qui
1686 5096 1852 5151 dese-

267 5324 346 5395 (a)
384 5322 623 5395 gerunt.
660 5316 905 5395 primus,
938 5332 1060 5395 cum
1090 5332 1277 5395 prava
1302 5314 1567 5395 suggerit.

266 5383 347 5459 ib)
380 5383 706 5459 Trec.,duo
725 5388 943 5457 priores
958 5383 1216 5453 Carnot.,
1246 5383 1615 5459 dguo’priores
1631 5383 1852 5440 Gemet.

180 5472 251 5522 et
276 5457 535 5527 Bellen,
563 5457 664 5530 per
694 5462 1132 5526 correctionem,
1162 5464 1218 5530 et
1252 5457 1370 5513 illic
1393 5473 1636 5530 serpens.

276 5538 347 5604 (ε)
380 5525 592 5598 Laud.)
629 5532 754 5589 Val.
783 5532 892 5595 CL,
924 5532 1132 5604 tertius
1163 5528 1382 5604 Geinet.
1415 5525 1695 5604 ettertius
1718 5525 1851 5581 Car-

184 5600 355 5667 not..
386 5607 490 5661 hoc
520 5604 660 5677 quod
686 5607 916 5677 peteret,
946 5601 1253 5677 panitendo
1282 5600 1541 5658 obtinuit.

278 5679 349 5744 td)
388 5671 759 5747 ltuo'priores
795 5674 1044 5739 Gemet.,
1074 5671 1308 5743 agitata.

1948 3314 2173 3387 pro/icit
2205 3313 2407 3367 lavatio
2436 3312 2555 3382 ejus
2596 3310 2792 3377 (Eccli.
2856 3326 3041 3372 xxxw,
3093 3311 3184 3381 30)
3213 3310 3241 3364 ‘I
3273 3311 3603 3381 Baptizatur

1953 3403 2170 3476 quippe
2202 3420 2236 3457 a
2269 3410 2495 3457 mortuo
2526 3400 2751 3472 (Eadem
2796 3400 2949 3467 dish,
2997 3414 3043 3454 ο.
3098 3400 3185 3466 16,
3219 3400 3598 3469 Baptizatur),

1954 3493 2051 3565 qui
2078 3492 2394 3547 mundatur
2414 3490 2649 3545 ﬂetibus
2680 3504 2712 3543 a
2733 3496 2964 3558 peccato
2988 3505 3002 3555 ;
3027 3489 3126 3543 sed
3157 3496 3279 3559 post
3304 3486 3590 3559 baptisma

1953 3587 2247 3635 mortuum
2281 3578 2485 3649 tangit,
2519 3578 2617 3650 qui
2641 3578 2873 3646 culpam
2896 3583 3022 3646 post
3053 3576 3339 3648 lacrymas
3363 3574 3599 3647 repetit.

2021 3669 2383 3724 Admonendi
2416 3674 2554 3722 sunt
2576 3667 2671 3737 qui
2706 3668 2964 3721 admissa
3013 3666 3317 3736 plangunt,
3370 3681 3475 3720 nec
3509 3674 3595 3720 ta-

1954 3776 2083 3815 men
2118 3761 2416 3825 deserunt,
2442 3764 2504 3813 ut
2534 3768 2664 3812 ante
2696 3757 3182 3826 districtijudicis
3214 3757 3416 3811 oculos
3436 3757 3517 3811 eis
3538 3773 3600 3813 se

1950 3850 2315 3906 essesimiles
2333 3854 2669 3909 agnoscant,
2690 3849 2789 3919 qui
2806 3848 3103 3901 venientes
3125 3847 3196 3900 ad
3223 3846 3429 3901 faciem
3447 3862 3601 3916 quo-

1952 3941 2216 3994 rumdam
2248 3939 2576 4004 hominum,
2611 3953 2824 4007 magna
2862 3936 2946 3990 eis
2978 3934 3382 3990 submissione
3425 3934 3604 3990 blan-

1954 4028 2234 4095 diuntur;
2268 4027 2604 4081 recedentes
2636 4031 2852 4087 autem,
2887 4023 3232 4079 inimicitias
3280 4038 3347 4078 ac
3381 4024 3606 4079 damna

1952 4131 2080 4186 qum
2112 4112 2885 4170 valentatrociterint‘erunt.
2919 4113 3060 4178 Quid
3076 4121 3166 4166 est
3186 4112 3341 4166 enim
3366 4111 3603 4181 culpam

1954 4204 2229 4272 ﬂere,nisi
2252 4204 2643 4258 humilitatem
2661 4201 2774 4256 Deo
2789 4217 2903 4256 sum
2916 4199 3240 4256 devotionis
3256 4199 3602 4255 ostendere?

1953 4298 2021 4349 Et
2041 4294 2179 4364 quid
2203 4298 2293 4347 est
2316 4300 2441 4363 post
2459 4292 2660 4345 ﬂetum
2686 4306 2860 4361 prava
2883 4305 3074 4360 agere,
3101 4289 3213 4344 nisi
3229 4290 3516 4360 superbas
3540 4288 3601 4345 in

1952 4398 2084 4437 eum
2110 4396 2287 4453 quem
2320 4386 2639 4453 rogaverat,
2672 4378 3013 4433 inimicitias
3040 4377 3351 4434 exercere?
3376 4377 3600 4432 Jacobo

1953 4476 2266 4527 attestaute
2296 4468 2395 4543 qui
2428 4469 2505 4523 ait
2542 4486 2555 4523 :
2588 4467 2914 4540 Quicunque
2952 4466 3187 4523 voluerit
3236 4467 3450 4522 amicus
3486 4482 3605 4522 esse

1875 4593 1927 4657 ι)
1955 4560 2156 4617 saeculi
2185 4560 2367 4627 huius,
2400 4560 2660 4612 inimicus
2693 4559 2789 4613 Dei
2814 4556 3173 4612 constituitur
3229 4556 3366 4626 (Jac.
3400 4571 3476 4620 tv,
3520 4554 3597 4625 4).

1958 4648 2326 4704 Admouendi
2360 4654 2498 4703 sunt
2518 4645 2620 4719 qui
2644 4647 2903 4701 admissa
2932 4646 3241 4717 plangunt,
3274 4659 3379 4699 nec
3404 4647 3601 4698 tamen

1960 4739 2258 4803 deserunt,
2278 4735 2597 4792 utsollicite
2612 4735 2981 4790 considerent
3004 4734 3143 4804 quia
3165 4736 3237 4788 ita
3254 4731 3600 4802 plerumque

1963 4827 2101 4883 mali
2134 4826 2413 4881 inutiliter
2444 4832 2925 4897 compunguntur
2971 4824 3041 4876 ad
3068 4821 3388 4891 justitiam,
3447 4821 3600 4877 sicut

1962 4916 2307 4989 plerumque
2338 4914 2473 4969 boni
2504 4914 2738 4969 innoxie
2767 4916 3070 4967 tentantur
3116 4910 3187 4965 ad
3220 4911 3475 4982 culpam.
3510 4910 3604 4967 Fit

1963 5008 2177 5079 quippe
2202 5006 2349 5060 mira
2361 5003 2728 5077 exigentibus
2744 5000 2916 5057 meris
2930 4999 3336 5072 dispositionis
3356 5001 3599 5056 internis

1962 5109 2259 5161 mensura,
2282 5096 2347 5148 ut
2367 5091 2521 5148 etilli
2543 5091 2683 5146 dum
2707 5091 2779 5145 de
2803 5093 2952 5147 bono
2973 5087 3198 5160 aliquid
3219 5092 3424 5160 agunt,
3446 5088 3603 5161 quod

2033 5312 2106 5383 (θ)
2138 5308 2353 5365 Belliiv.
2375 5310 2427 5362 et
2457 5306 2749 5383 secundus
2788 5303 2987 5372 Carn.,
3016 5306 3166 5360 tanto
3210 5299 3464 5372 graviori
3491 5300 3612 5356 eul-

1959 5378 2099 5458 pae};
2130 5385 2334 5458 quanto
2364 5378 2656 5458 otiosam.
2822 5447 2837 5458 _
2899 5448 2943 5458 _
3161 5447 3171 5458 .
3367 5449 3376 5458 ι
3429 5449 3439 5458 _
3552 5442 3562 5454 .

2035 5457 2102 5525 (f)
2135 5447 2215 5508 Ad
2244 5454 2399 5506 hunc
2422 5450 2613 5525 locum
2643 5448 2701 5501 in
2734 5447 2864 5503 cod.
2889 5447 3523 5525 :I‘recensi_ann_ot3itur
3550 5447 3610 5525 in

1966 5512 2226 5589 mg'p'gine
2259 5539 2280 5606 ε.
2308 5524 2462 5593 Apud
2489 5522 2855 5611 :Sa‘lomo'nenli.
3078 5522 3282 5611 quLbat
3310 5512 3607 5569 Salomoui

1963 5605 2104 5654 tunc
2134 5589 2451 5666 ascriptum
2489 5594 2669 5649 tuisse
2697 5589 3099 5655 Ecclesiastici
3128 5592 3365 5651 librum.
