4136 6178
599 337 711 399 ίιι
1801 323 2077 386 SANCTI
2120 326 2232 386 GR.

2308 326 2501 388 iORII
2546 324 2796 385 MAGNI
3849 327 3941 386 ll?

590 478 789 531 tamen
811 486 928 527 non
960 465 1291 542 perﬁciunt,
1315 462 1568 535 superbe
1593 460 1745 516 inter
1774 460 1901 532 ipsa
1925 476 2049 532 qua:
2066 460 2239 518 etiam
2269 483 2317 546 Α
2351 460 2667 518 bumiliare
2696 457 3040 516 contemnit.
3064 457 3175 524 Qui
3205 474 3338 515 vero
3365 461 3599 529 peccata
3611 460 3732 532 jam
3753 461 3948 534 deserit,

590 562 934 636 plenissime
947 560 1277 631 perpetrant
1305 551 1866 618 malacontidant;et
1886 549 1985 605 isti
2003 549 2142 605 dum
2159 550 2231 606 de
2338 568 2444 607 nec
2467 556 2664 607 tamen
2688 548 2941 621 plangit,
2960 547 3334 636 jamiquidem
3365 546 3654 618 bumiliat.
3671 551 3761 605 86d
3784 557 3943 608 tamen

592 634 746 707 malo
781 653 1101 712 tentantur,
1133 643 1227 700 cui
1274 656 1643 713 nequaquam
1695 640 2085 706 consentiunt,
2117 654 2229 711 quo
2338 656 2439 696 cor
2471 644 2775 695 conterere
2798 641 3048 692 recusat.
3079 635 3224 691 Hinc
3250 634 3463 691 Paulus
3486 636 3565 693 ait
3597 640 3697 693 :Et
3725 637 3823 696 haec
3846 639 3945 710 qui-

587 738 1103 813 periniirmitatem
1129 731 1405 799 titubant,
1427 747 1492 786 eo
1506 745 1741 801 gressus
1759 728 2032 783 cordisad
2046 728 2228 800 justi-
2335 731 2461 785 dem
2501 730 2730 800 fuistis;
2772 726 2842 795 (c)
2874 732 2966 781 sed
2986 725 3167 780 abluti
3194 726 3342 793 estis,
3373 726 3464 781 sed
3487 729 3799 798 sancti/irati
3836 731 3942 784 estis

582 832 726 887 tiam
743 823 1241 900 perhumilitatem
1270 821 1469 879 verius
1502 820 1701 890 ﬁgant.
1732 818 1966 872 Balaam
1991 816 2228 889 quippe,
2335 820 2384 891 (ι
2418 817 2545 873 Cor.
2568 833 2652 885 v1,
2688 814 2795 885 11).
2829 814 2974 878 Quia
3005 814 3284 869 nimirum
3323 813 3455 871 illos
3484 818 3819 872 emendatior
3843 818 3943 873 vita

578 920 873 992 iustorum
896 910 1273 970 tabernacula
1299 908 1642 980 respiciens,
1664 904 1743 961 ait
1776 923 1790 962 :
1823 905 2230 961 Moriaturani-
2335 906 2685 972 sanctificat,
2718 919 2863 975 quos
2896 919 3000 992 per
3030 902 3432 992 pmnitentiam
3465 903 3710 961 abluens
3738 906 3941 963 afﬂictio

581 991 671 1065 ma
693 1023 814 1063 mea
838 1012 1009 1060 morte
1038 1005 1325 1071 iustorum,
1349 1008 1398 1054 et
1414 998 1551 1068 ﬂant
1571 997 1871 1051 novissima
1890 1011 2009 1051 mea
2035 995 2230 1051 horum
2334 997 2579 1053 ﬂetuum
2602 992 2871 1049 mundat.
2894 991 3037 1046 Hinc
3062 991 3267 1048 Petrus
3296 1008 3430 1049 cum
3447 995 3724 1065 quosdam
3745 994 3942 1052 territos

578 1095 795 1154 similia
826 1094 1007 1166 (Num.
1041 1105 1201 1159 xxm,
1235 1088 1344 1159 10).
1394 1086 1503 1141 Sed
1567 1101 1702 1140 cum
1755 1084 2226 1155 compunctionis
2334 1084 2622 1143 malorum
2648 1099 2883 1140 suorum
2900 1082 3365 1139 consideratione
3388 1085 3944 1156 conspiceret,admo-

582 1191 813 1255 tempus
831 1179 1135 1245 abscessit,
1158 1180 1361 1233 contra
1382 1189 1583 1229 eorum
1606 1171 1810 1239 vitam,
1837 1172 2054 1244 quibus
2076 1187 2138 1227 se
2155 1171 2229 1226 si-
2332 1176 2482 1241 nuit,
2514 1175 2756 1230 dicens:
2782 1174 3175 1229 Pamitentiam
3198 1172 3375 1243 agite,
3399 1178 3451 1230 el
3476 1174 3785 1246 baptizatur
3800 1193 3947 1232 unus-

582 1271 782 1329 ωῖιθω
815 1269 940 1326 ﬁeri
969 1268 1147 1325 ϐιὶθω
1182 1263 1484 1321 moriendo
1517 1269 1877 1335 poposcerat,
1911 1260 2225 1317 consilium
2332 1263 3174 1339 quisquevestrum(Acl.11,38).
3203 1262 3480 1318 Dicturus
3496 1263 3648 1319 enim
3668 1264 3945 1337 baptisma,

581 1360 862 1436 praebuit;
895 1363 951 1415 et
971 1372 1106 1412 cum
1133 1353 1502 1411 occasionem
1522 1351 1592 1407 de
1624 1350 1869 1407 avaritia
1899 1351 2135 1422 reperit,
2156 1350 2224 1406 il-
2333 1354 2636 1428 praemisit,
2655 1351 3006 1424 paenitentia:
3039 1350 3323 1421 lamenta,
3343 1360 3401 1407 ut
3418 1353 3582 1424 prius
3606 1370 3668 1408 se
3688 1370 3825 1425 aqua
3844 1372 3948 1412 sua

580 1447 695 1505 ιίοο
717 1446 928 1503 oblitus
953 1450 1042 1500 est
1070 1440 1359 1514 quidquid
1393 1438 1507 1494 sibi
1539 1440 1609 1493 de
1639 1436 1975 1493 innocentia
2013 1437 2225 1509 optavit
2334 1442 2664 1499 aiﬂiclionis
2696 1440 3089 1509 infunderent,
3118 1443 3175 1495 et
3206 1441 3585 1511 postmodum
3619 1448 3947 1500 sacramento

579 1537 768 1608 (lbid.,
801 1551 957 1600 xxxv,
994 1533 1103 1603 14).
1157 1531 1300 1586 Hinc
1347 1545 1480 1585 vero
1520 1528 1723 1584 doctor
1775 1532 1833 1583 et
1883 1528 2212 1600 praedicata:

2334 1532 2703 1604 baptismatis
2716 1531 3129 1597 lavarent.Qua
3146 1529 3327 1602 igitur
3339 1535 3534 1586 mente
3547 1531 3649 1603 qui
3666 1536 3949 1588 transactas

578 1626 842 1699 gentium
868 1622 1105 1690 Paulus,
1127 1620 1210 1675 ait
1237 1634 1250 1675 :
1273 1618 1435 1675 Video
1462 1618 1638 1672 aliam
1672 1616 1841 1688 legem
1868 1618 1926 1671 in
1967 1616 2224 1672 membris
2338 1621 2546 1694 culpas
2576 1618 3053 1692 ﬂerenegligunt,
3075 1618 3475 1676 vivuntsecuri
3501 1621 3572 1677 de
3594 1621 3950 1693 venia,quan-

578 1714 738 1783 meis,
771 1720 1166 1785 repugnantem
1196 1709 1307 1781 ιερί
1326 1708 1531 1763 mm“!
1552 1722 1704 1773 mem,
1737 1712 1788 1762 ει
1817 1706 2097 1778 captivum
2144 1720 2225 1760 me
2332 1711 2405 1767 do
2435 1711 2561 1782 ipse
2591 1724 2864 1765 summus
2896 1706 3091 1762 Pastor
3124 1706 3385 1764 Ecclesia:
3415 1706 3553 1762 huic
3582 1706 3749 1763 etiam
3764 1712 3946 1766 Sacra-

578 1805 869 1860 ducenlem
907 1801 966 1856 in
999 1802 1114 1871 lege
1159 1796 1387 1869 peccati,
1419 1811 1545 1868 quae
1590 1804 1668 1852 est
1697 1798 1758 1851 in
1785 1793 2046 1851 membris
2086 1794 2227 1894 meis
2256 1834 2302 1898 Β
2332 1797 2867 1856 mentoaddendam
2884 1794 3286 1867 paenitentiam
3302 1796 3722 1869 credidit,quod
3737 1802 3950 1869 peccata

576 1894 758 1965 (Rom.
787 1907 887 1961 vn,
918 1889 1031 1959 23).
1054 1886 1160 1951 Qui
1194 1886 1449 1959 profecto
1480 1883 1697 1939 idcirco
1747 1887 2024 1951 tentatur,
2077 1888 2140 1938 ut
2169 1881 2227 1938 in
2256 1881 2302 1898 "
2338 1885 2733 1961 principaliter
2762 1884 3085 1956 exstinguit
3114 1882 3141 1939 τε

575 1983 731 2038 bono
748 1978 1047 2037 robustius
1071 1973 1790 2065 exipsainﬁrmigtatissuas
1808 1972 1880 2046 (a)
1897 1971 2226 2065 cognitione
2760 1991 2994 2049 CAPUT
3034 1990 3218 2047 χχχι
3259 1991 3367 2063 [AL
3400 1992 3533 2065 LV],

575 2070 884 2129 solidetur.
916 2066 1066 2132 Quid
1098 2068 1190 2121 est
1220 2080 1353 2135 ergo
1381 2063 1533 2135 quod
1565 2061 1666 2119 ille
1695 2061 2132 2134 compungitur,
2166 2067 2208 2116 e1

2335 2081 2614 2154 Quomodo
2644 2080 2972 2136 admonendi
3002 2078 3099 2154 qui
3127 2061 3329 2135 illicita
3357 2061 3592 2151 quorum
3619 2085 3746 2137 sunt
3770 2085 3957 2139 conscii

574 2164 777 2215 tamen
802 2155 1053 2228 justitim
1084 2170 1197 2210 non
1232 2151 1702 2224 appropinquat;
1728 2151 1838 2206 iste
1860 2156 2139 2217 tentatur,
2167 2155 2224 2207 et
2355 2151 2368 2154 ⁷
2405 2153 2683 2216 laudant;
2712 2160 2764 2209 et
2792 2154 2891 2225 qui
2920 2151 3365 2218 condemnantes,
3396 2154 3626 2209 minime
3680 2157 3851 2210 tamen
3873 2172 3960 2211 ca-

570 2252 771 2304 tamen
803 2261 939 2303 eum
958 2244 1132 2315 culpa
1155 2258 1267 2299 non
1287 2243 1574 2314 inquinat,
1595 2240 1705 2297 nisi
1732 2240 1839 2296 hoc
1860 2240 2008 2311 quod
2026 2244 2222 2311 aperte
2407 2233 2552 2283 υϐηι-

570 2337 933 2402 ostenditur,
967 2334 1120 2405 quod
1156 2348 1263 2388 nec
1296 2330 1484 2387 malos
1513 2332 1665 2386 bona
1697 2330 2034 2400 imperfecta
2054 2330 2221 2399 adju-
2404 2330 2741 2405 (Admouilio
2769 2330 2883 2403 3'2.)
2919 2330 3104 2385 Aliter
3124 2330 3478 2387 admonendi
3501 2338 3631 2387 sunt
3654 2332 3750 2404 qui
3770 2331 3964 2390 illicita

570 2429 733 2491 vant,
761 2440 864 2479 nec
885 2424 1072 2479 bonos
1106 2420 1259 2476 mala
1286 2420 1760 2474 inconsummata
1782 2418 2203 2473 condemnant?

2331 2439 2459 2495 quae
2476 2422 2696 2478 faciunt
2717 2420 2892 2477 etiam
2908 2412 3151 2475 laudant
3175 2437 3189 2488 ;
3212 2425 3388 2492 atque
3405 2421 3680 2493 aliterqui
3698 2430 3964 2480 accusant

646 2520 718 2569 At
739 2517 941 2569 contra
966 2508 1316 2566 admonendi
1350 2512 1491 2563 sunt
1514 2507 1615 2579 qui
1636 2508 1898 2563 admissa
1919 2507 2215 2575 deserunt,
2330 2528 2527 2585 prava,
2562 2527 2666 2565 nec
2690 2514 2887 2565 tamen
2919 2509 3194 2564 devitant.
3240 2510 3604 2566 Admonendi
3648 2521 3781 2566 sunt
3808 2512 3956 2568 enim

569 2619 677 2661 nec
701 2607 898 2658 tamen
922 2599 1202 2672 plangunt
1225 2615 1238 2665 ;
1258 2614 1325 2652 ne
1341 2597 1460 2667 jam
1480 2596 1771 2653 relaxatas
1794 2597 2080 2652 aestiment
2102 2595 2219 2651 cul-
2328 2601 2427 2674 qui
2449 2599 2645 2656 illicita
2660 2616 2786 2671 quia
2808 2598 3025 2654 faciunt
3043 2598 3221 2654 etiam
3245 2596 3503 2669 laudant,
3521 2600 3959 2657 utcoasiderent

567 2711 698 2766 pas,
721 2708 863 2765 quas
884 2690 989 2746 etsi
1005 2688 1228 2761 agendo
1250 2703 1362 2743 non
1388 2686 1800 2758 multiplicant,
1826 2686 2005 2742 nullis
2020 2690 2213 2742 tamen
2327 2691 2480 2763 quod
2514 2689 2859 2761 plerumque
2890 2686 3022 2759 plus
3052 2703 3150 2743 ore
3180 2703 3357 2760 quam
3388 2704 3560 2761 Opere
3596 2689 3954 2762 delinquant.

566 2782 805 2838 ﬂetibus
838 2780 1143 2834 mundani.
1177 2776 1373 2846 Neque
1403 2776 1560 2831 enim
1595 2775 1867 2848 scriptor,
1926 2775 1974 2830 si
2004 2793 2035 2831 a
2068 2776 2215 2831 scri-
2327 2780 2510 2850 Opere
2542 2794 2793 2850 namque
2824 2795 2925 2850 per
2954 2779 3300 2851 semetipsos
3348 2778 3504 2836 solos
3549 2797 3723 2851 prava
3760 2797 3957 2854 perpe-

563 2870 761 2945 ptione
797 2866 1133 2932 cessaverit,
1174 2865 1312 2937 quia
1342 2865 1455 2920 alia
1486 2881 1600 2921 non
1633 2865 1875 2931 addidit,
1908 2864 2082 2921 etiam
2117 2864 2215 2921 illa
2324 2873 2472 2924 tran:
2503 2884 2638 2936 ;ore
2659 2872 2855 2923 autem
2881 2884 2982 2939 per
3013 2872 3092 2924 tot
3115 2883 3395 2940 personas
3421 2868 3787 2941 iniquitatem
3811 2871 3960 2927 exhi-

564 2976 694 3031 quae
715 2954 1288 3030 scripseratdelevit;
1316 2969 1419 3010 nec
1440 2954 1539 3025 qui
1565 2953 1952 3010 contumelias
1971 2953 2213 3026 irrogat,
2323 2957 2483 3024 bent,
2509 2960 2653 3028 quot
2683 2956 3049 3012 audientium
3074 2962 3298 3013 mentes
3322 2957 3520 3029 iniqua
3539 2957 3842 3014 laudantes
3861 2960 3959 3015 do-

567 3049 619 3106 si
642 3046 1008 3105 solummodo
1040 3044 1309 3113 tacuerit,
1342 3043 1643 3111 satisfecit,
1675 3059 1808 3100 cum
1833 3043 2089 3115 profecto
2113 3061 2211 3099 ne-
2323 3052 2473 3103 cent.
2508 3046 2877 3103 Admonendi
2908 3062 3044 3119 ergo
3076 3051 3234 3116 sunt,
3271 3052 3335 3102 ut
3390 3049 3439 3103 si
3490 3048 3782 3105 eradicare
3814 3048 3966 3105 mala

570 3154 732 3194 cesse
752 3139 825 3192 sit
848 3141 910 3191 ut
940 3134 1115 3190 verba
1138 3133 1452 3205 praemissae
1483 3132 1769 3204 superbiae
1798 3132 1991 3188 verbis
2012 3133 2208 3204 subje-
2242 3158 2284 3224 ο
2324 3136 2720 3204 dissimulant,
2754 3136 2957 3191 saltem
2976 3136 3266 3191 seminare
3299 3136 3727 3207 pertimescant.
3754 3139 3965 3194 Admo-

563 3233 668 3284 ctte
682 3222 1039 3281 humilitatis
1061 3223 1375 3294 impugnet
1394 3239 1408 3290 ;
1434 3238 1539 3277 nec
1556 3221 1784 3277 debitor
1802 3221 2105 3278 absolalus
2118 3228 2208 3278 est
2253 3221 2281 3224 ’
2322 3228 2495 3283 nendi
2516 3231 2675 3295 sunt,
2698 3231 2761 3281 ut
2781 3225 2865 3282 eis
2880 3226 3123 3299 perditio
3145 3226 3367 3298 privata
3384 3225 3657 3284 sutliciat.
3683 3227 3968 3285 Rursum-

562 3316 701 3389 quia
720 3313 837 3371 alia
856 3329 970 3369 non
1005 3310 1381 3383 multiplicat,
1415 3310 1524 3366 nisi
1557 3315 1613 3367 et
1641 3309 1740 3365 illa
1771 3327 1894 3382 quae
1929 3310 2209 3383 ligaverat
2316 3334 2427 3387 que
2457 3317 2812 3373 admonendi
2846 3326 3004 3383 sunt,
3027 3320 3090 3372 ut
3118 3316 3169 3373 si
3198 3316 3335 3372 mali
3368 3332 3492 3373 esse
3525 3333 3639 3374 non
3675 3323 3968 3387 metuunt,

554 3406 762 3463 solvat.
786 3405 871 3461 Ita
893 3411 1103 3460 etcum
1135 3402 1253 3459 Deo
1276 3401 2085 3474 delinquimus,nequaquam
2109 3419 2204 3457 sa-
2316 3407 2881 3464 erubescantsaltem
2898 3408 3075 3464 videri
3098 3409 3248 3480 quod
3266 3414 3419 3464 sunt.
3448 3407 3792 3480 Plerumque
3809 3411 3972 3467 enim

550 3494 887 3551 tist‘acimus
917 3494 965 3550 si
999 3493 1072 3547 ab
1101 3491 1415 3563 iniquitate
1461 3491 1561 3548 κδ
1611 3507 1930 3559 cessamus,
1966 3491 2080 3547 nisi
2106 3508 2205 3546 νο·
2314 3498 2488 3569 culpa
2516 3498 2657 3552 dum
2690 3497 3091 3563 absconditur,
3126 3496 3436 3570 eﬂ'ugatur,
3468 3498 3608 3569 quia
3631 3500 3772 3553 dum
3800 3515 3975 3554 mens

553 3581 808 3653 Ῑυρῒδῐθε
822 3596 1048 3652 quoque
1063 3596 1212 3650 quas
1230 3578 2205 3650 ἀίιθιίηῖυεβοοηῐτδΐίοδρρθθίίίδ
2313 3587 2605 3642 erubescit
2626 3586 2802 3641 videri
2826 3586 2975 3657 quod
3004 3589 3199 3642 tamen
3224 3603 3349 3642 esse
3373 3604 3484 3642 non
3509 3587 3732 3655 metuit,
3757 3589 3973 3644 erube—

558 3670 1251 3740 lamentisinsequamur.
1272 3668 1331 3723 Si
1354 3670 1511 3724 enim
1545 3667 1704 3723 nulla
1739 3684 1844 3723 nos
1874 3668 1933 3723 in
1969 3669 2074 3724 bac
2091 3668 2204 3724 vita
2312 3675 2423 3731 scit
2451 3677 2797 3745 quandoque
2828 3692 2957 3731 esse
2989 3675 3144 3746 quod
3196 3675 3347 3747 fugit
3388 3675 3593 3733 videri.
3643 3677 3790 3732 Cum
3828 3694 3970 3733 vero

557 3776 801 3833 operum
816 3758 1382 3831 culpamaculasset,
1416 3774 1787 3829 nequaquam
1807 3757 1976 3813 nobis
1992 3757 2085 3813 hic
2107 3759 2205 3813 ad-
2311 3780 2522 3836 pravus
2556 3764 2802 3834 quisque
2824 3763 3195 3835 impudenter
3221 3763 3550 3829 innotescit,
3578 3780 3694 3836 quo
3717 3764 3977 3821 liberius

555 3845 1636 3921 bucdegentibusipsaadsecuritatem
1658 3846 1986 3903 innocentia
2003 3856 2204 3905 nostra
2313 3869 2487 3908 omne
2519 3852 2744 3908 facinus
2786 3856 3102 3923 perpetrat,
3134 3868 3199 3907 eo
3238 3852 3415 3907 etiam
3465 3851 3691 3908 licitum
3747 3858 3925 3925 putat

552 3939 871 4007 sufﬁceret,
897 3934 2202 4010 quiaillicilaanimummultapulsarent.Qua
2313 3942 2413 3998 89
2437 3948 2493 3997 et
2514 3941 2670 4013 quod
2692 3940 2921 3997 licitum
2944 3941 3301 4011 suspicatur,
3335 3940 3393 3996 in
3425 3941 3534 3997 hoc
3569 3941 3981 4014 proculdubio

552 4044 691 4099 ergo
706 4039 899 4084 mente
918 4042 1161 4083 securus
1183 4026 1408 4097 est,qui
1430 4024 2200 4096 perpetratisiniquitatibus
2311 4031 2689 4100 multiplicius
2714 4030 3013 4102 mergitur.
3032 4030 3493 4103 Undescriptum
3515 4038 3605 4087 est
3628 4048 3642 4086 :
3668 4037 3987 4088 Peccatum

548 4116 673 4190 ipse
705 4116 817 4172 sibi
849 4115 1017 4171 testis
1047 4118 1137 4171 est
1168 4114 1309 4186 quia
1338 4113 1620 4170 innocens
1654 4130 1768 4170 non
1790 4122 1872 4169 est
1908 4113 1935 4168 ?
2306 4137 2470 4176 suum
2498 4122 2640 4176 sicut
2675 4118 2903 4176 Sodoma
2930 4119 3398 4191 praedicaverunt,
3431 4136 3528 4177 nec
3556 4122 3991 4178 absconderant

620 4214 820 4287 Neque
845 4212 1000 4269 enim
1021 4212 1176 4269 Deus
1196 4211 1407 4268 nostris
1423 4211 1783 4268 cruciatibus
1798 4211 2197 4284 pascitur,sed
2307 4211 2459 4279 (lsai.
2493 4225 2578 4277 ιιι,
2609 4210 2685 4279 9).
2719 4213 3021 4264 Peccatum
3054 4210 3210 4264 enim
3261 4225 3435 4264 suum
3473 4212 3525 4265 si
3547 4208 3808 4266 Sodoma
3837 4210 3993 4266 abs-

545 4301 891 4360 delictorum
919 4302 997 4373 (b)
1017 4301 1253 4358 morbos
1277 4300 1719 4357 medicamentis
1750 4301 2061 4357 contrariis
2080 4318 2196 4358 me-
2306 4299 2600 4369 conderet,
2625 4298 2817 4354 adhuc
2859 4298 2966 4353 sub
2995 4296 3200 4354 timore
3231 4303 3513 4369 peccaret.
3549 4299 3661 4355 Sed
3695 4299 3997 4355 funditus

547 4395 738 4461 detur,
759 4390 1351 4465 utquivoluptatibus
1364 4390 1629 4446 delectati
1648 4390 2031 4447 discessimus
2047 4390 2193 4447 ﬂeti-
2306 4390 2469 4445 frena
2492 4388 2721 4444 timoris
2740 4386 3036 4453 amiserat,
3060 4403 3188 4458 qua:
3212 4387 3282 4441 ad
3307 4386 3538 4458 culpam
3562 4403 3669 4444 nec
3697 4388 4000 4445 tenebras

547 4483 660 4539 bus
682 4481 981 4538 amaricati
1007 4480 2194 4552 redeamus;etquiperillicitadeﬂuendo
2229 4527 2269 4552 η
2304 4477 2659 4550 inquirebat.
2696 4475 2859 4532 Unde
2884 4484 2937 4531 et
2969 4492 3204 4531 rursum
3237 4477 3526 4547 scriptum
3572 4482 3663 4533 est
3694 4492 3708 4532 :
3747 4476 4003 4533 Clamor

548 4527 659 4539 ...η
682 4527 981 4538 ..........-..-.
1008 4527 1640 4552 ---πω-ηυντ-.
1670 4527 2192 4538 -----.-....-.._.,.._..
2307 4527 2657 4550 --γ-,ηπ
2705 4527 2856 4532 μη
2891 4527 2935 4531 --
2970 4527 3203 4531 --νη-ᾔ
3238 4527 3319 4530 _--
3359 4527 3526 4547 r-__
3577 4527 3662 4533 η-
3695 4527 3708 4532 -
3752 4527 3981 4533 νη---

547 4571 888 4641 cecidimus,
913 4570 1090 4626 etiam
1114 4588 1147 4624 a
1173 4568 1348 4625 licitis
1371 4570 1757 4641 nosmetipsos
1789 4572 2191 4643 restringendo
2226 4527 2270 4592 Β
2303 4567 2650 4625 Sodomorum
2672 4570 2725 4620 et
2757 4565 3062 4622 Gomorrhz
3092 4565 3506 4637 multiplicatus
3534 4576 3614 4623 est
3647 4566 3808 4639 (Gen.
3837 4584 4004 4625 xvnr

543 4677 892 4734 surgamus;
915 4660 1250 4732 etcorquod
1281 4658 2190 4726 insanalaatitiainluderat,salu-
2300 4658 2414 4729 20).
2450 4656 2757 4712 Peccatum
2790 4655 3001 4727 quippe
3033 4672 3165 4712 cum
3199 4672 3354 4724 voce,
3381 4665 3466 4713 est
3496 4656 3669 4730 culpa
3697 4657 3762 4712 in
3801 4660 4006 4715 actio-

544 4751 664 4806 bris
692 4749 937 4806 tristitia
959 4754 1200 4815 exurat;
1226 4754 1284 4804 et
1301 4748 1458 4819 quod
1482 4746 1881 4804 vulneraverat
1900 4750 2071 4806 elatio
2089 4768 2189 4807 su-
2301 4763 2412 4814 ne;
2448 4750 2750 4816 peccatum
2784 4761 2916 4801 vero
2947 4745 3122 4801 etiam
3184 4761 3317 4801 cum
3371 4745 3645 4818 clamore,
3674 4755 3762 4802 est
3798 4747 4008 4821 culpa

541 4838 778 4913 perbiae,
798 4843 964 4895 curet
980 4839 1230 4909 abjectio
1256 4836 1497 4893 humilis
1526 4836 1676 4892 vitae.
1700 4838 1845 4893 Hinc
1867 4838 2021 4895 enim
2047 4841 2188 4896 scri-
2300 4852 2436 4892 cum
2469 4833 2760 4890 libertate.

544 4935 711 5000 ptum
732 4936 818 4983 est
837 4945 852 4983 :
890 4928 1021 4982 Diaei
1039 4928 1270 4999 iniquis,
1297 4924 1485 4982 Nolite
1514 4928 1704 4999 inique
1723 4942 1924 4996 agere;
1945 4937 1995 4983 et
2015 4928 2190 4984 delirio
2368 4932 2439 4985 At
2458 4936 2660 4985 contra
2682 4929 3034 4984 admonendi
3060 4928 3314 5001 suntqui
3337 4936 3616 4988 accusant
3632 4946 3856 5004 prava,
3880 4950 4010 4989 nec

542 5016 856 5088 quentibus,
882 5016 1064 5072 Nolite
1081 5016 1330 5073 exaltare
1345 5032 1519 5073 cornu
1543 5015 1647 5086 (Ps.
1670 5032 1853 5084 exxrv,
1888 5017 1964 5086 5;.
1994 5018 2185 5075 Cornu
2296 5022 2494 5076 tamen
2509 5018 2786 5088 devitant,
2811 5017 3118 5087 utprovide
3144 5020 3505 5090 perpendant
3519 5020 3657 5093 quid
3681 5022 3747 5077 in
3765 5022 4015 5078 distri-

539 5104 756 5176 qnippe
778 5102 1189 5174 delinquentes
1209 5104 1485 5174 exaltant,
1518 5105 1567 5159 si
1618 5104 1989 5177 nequaquam
2022 5124 2086 5163 se
2115 5110 2185 5163 ad
2295 5113 2388 5166 cto
2410 5108 2506 5164 Dei
2525 5107 2749 5178 judicio
2775 5123 2874 5177 pro
2893 5123 2998 5162 sua
3041 5108 3413 5164 excusatione
3442 5110 3651 5166 dicturi
3674 5116 3859 5178 sunt,
3886 5114 4009 5184 qui

539 5192 937 5266 pmnitentiam
953 5208 1021 5248 ex
1033 5193 1366 5264 cognitione
1377 5210 1495 5248 suaa
1512 5193 2181 5262 iniquitatishumiliant.
2294 5199 2365 5255 de
2379 5204 2538 5254 reatu
2552 5212 2789 5252 suorum
2806 5196 3115 5251 criminum
3132 5197 3300 5252 etiam
3320 5200 3863 5271 semetipsisjudici
3876 5200 3966 5256 bu
3979 5219 4013 5258 s

536 5282 684 5340 Hinc
715 5297 952 5338 rursum
986 5281 1203 5337 dicitur
1234 5298 1249 5337 :
1281 5285 1390 5338 Cor
1415 5284 1717 5339 contritum
1748 5290 1800 5340 et
1822 5284 2180 5342 humiliatum
2292 5302 2409 5343 non
2423 5289 2795 5341 excusantur.
2823 5283 3102 5354 Hiitaque
3125 5283 3265 5355 quid
3290 5284 3446 5340 aliud
3464 5302 3640 5358 quam
3659 5303 4015 5359 praecones

537 5371 678 5427 Deus
700 5386 805 5425 non
837 5379 1045 5441 spernit
1062 5370 1174 5442 (Ps.
1219 5388 1270 5436 L,
1309 5371 1416 5442 19).
1448 5372 1727 5444 Quisquis
1758 5372 1912 5428 enim
1948 5380 2183 5444 peccata
2292 5380 2431 5433 sunt
2452 5373 2541 5429 sui
2562 5373 2589 5429 ?
2610 5372 2790 5429 Voces
2814 5376 3015 5427 contra
3036 5372 3236 5443 culpas
3256 5374 3581 5445 proferunt,
3605 5380 3663 5431 et
3683 5377 4024 5449 semetip-

540 5458 786 5532 plangit,
808 5461 1120 5515 nectamen
1154 5457 1388 5526 deserit,
1414 5476 1513 5515 cor
1536 5461 1770 5532 quidem
1798 5461 2180 5531 conteril,sed
2290 5482 2386 5523 sos
2399 5462 2675 5535 operibus
2693 5461 3466 5520 reostrahunt.Admonendi
3485 5468 3709 5522 suntut
3722 5466 4027 5524 videant

608 5583 694 5716 (zz)
723 5586 956 5642 Carnot.
994 5581 1242 5654 primus,
1273 5584 1620 5655 cogitatione.
2360 5589 2429 5660 (υ)
2460 5585 2762 5644 Omittitur
2792 5586 2850 5643 in
2874 5585 3072 5657 Guss.,
3093 5586 3202 5643 sed
3230 5586 3410 5645 abluti
3434 5591 3582 5649 estis.

663 5658 680 5716 )
714 5656 873 5715 Idem
907 5654 1072 5716 Cod.,
1103 5655 1321 5711 morbis.

662 5658 680 5727 )
714 5656 873 5715 Idem
907 5654 1072 5727 Cod.,
1103 5655 1321 5711 morbis.
