4136 6178
254 330 372 389 113

1020 329 1357 393 ΒΕϐΗΙΑΕ
1398 332 1891 397 ΡΑΒΤΟΗᾹΙᾸΞ

2005 332 2201 395 [BER
2249 363 2324 380 -—
2367 332 2571 392 PARS
2613 329 2926 391 TERTIA.

3555 330 3674 391 114

247 459 387 533 quia
407 461 482 516 de
498 458 730 515 occulta
746 460 869 530 jam
893 459 1273 521 retributione
1293 464 1492 535 iudicii
1516 470 1626 536 est,
1642 466 1794 538 quod
1819 483 1911 523 eo-
1944 468 1994 536 Α
2028 465 2304 523 citudinis
2325 464 2621 522 dormiens
2638 462 2969 519 verberatur
2981 467 3165 520 etnon
3186 461 3679 535 dolet,quiasiout

246 567 385 606 rum
410 567 581 606 mens
597 550 819 606 malum
850 553 1007 623 quod
1051 559 1341 624 perpetrat
1362 553 1733 611 illuminatur
1754 560 1818 611 ut
1841 556 1917 611 vi-

249 640 415 707 deat,
436 640 537 695 sed
561 656 675 694 non
698 649 942 695 conatur
955 641 1258 709 utvincat;
1281 647 1343 699 ut
1367 660 1482 715 quo
1506 645 1718 701 melius
1740 646 1914 715 videt,

248 744 320 783 eo
342 729 599 785 deterius
636 734 858 799 pereat,
882 730 1022 800 quia
1043 736 1099 785 et
1120 730 1520 803 intelligentiae
1550 733 1750 790 lumen
1784 751 1914 806 per-

247 816 413 887 cipit,
434 823 495 872 et
517 817 770 873 actionis
790 835 981 888 pravae
1004 819 1279 875 tenebras
1303 838 1419 876 non
1445 822 1743 894 relinquit.
1769 822 1912 879 Nam

247 920 378 961 cum
409 912 723 978 acceptam
758 910 827 962 ad
859 907 1215 978 adjutorium
1247 910 1552 967 scientiam
1587 912 1911 984 negligunt,

245 995 391 1051 hanc
410 1005 623 1051 contra
645 1012 710 1052 se
730 996 791 1052 in
814 999 1217 1053 testimonium
1241 1004 1479 1055 vertunt
1500 1017 1513 1067 ;
1533 1005 1673 1056 etde
1690 1003 1913 1056 lumine

241 1084 655 1157 intelligentia
672 1086 1375 1159 augentsupplicia,quod
1394 1091 1649 1160 profecto
1673 1106 1910 1162 accepe-

239 1180 368 1230 rant
398 1179 466 1229 ut
484 1183 727 1245 possent
752 1174 944 1232 delere
967 1180 1485 1248 peccata.Quorum
1510 1179 1789 1234 nimirum
1816 1195 1912 1235 ne-

233 1263 419 1335 quitia
435 1280 580 1319 eum
600 1264 827 1320 malum
847 1266 1131 1337 agitquod
1154 1266 1909 1340 dijudicatn'enturamjum

226 1352 533 1423 judicium
553 1353 653 1409 hic
668 1355 945 1426 degustat
960 1372 973 1421 ;
989 1360 1058 1410 ut
1073 1370 1201 1411 cum
1221 1358 1452 1413 sternis
1467 1358 1769 1428 suppliciis
1796 1375 1909 1414 ser-

233 1444 911 1515 vatnr(a)obnoxia,suo
926 1444 1021 1499 hic
1037 1445 1271 1501 interim
1294 1449 1562 1503 examine
1582 1464 1696 1503 non
1712 1451 1792 1503 sit
1811 1449 1909 1505 ab-

234 1532 462 1600 soluta;
496 1536 783 1603 tantoque
813 1532 933 1588 illic
972 1534 1237 1605 graviora
1267 1541 1552 1591 tormenta
1604 1536 1903 1608 percipiat,

240 1626 461 1693 quanto
485 1621 584 1677 hic
608 1621 833 1677 malum
864 1638 977 1678 non
1001 1623 1235 1694 deserit,
1258 1623 1429 1680 etiam
1451 1626 1596 1695 quod
1623 1624 1750 1696 ipsa
1767 1642 1904 1681 con-

238 1712 514 1767 demnat.
540 1710 693 1766 Hinc
715 1711 871 1767 enim
904 1710 1136 1767 Veritas
1165 1712 1307 1768 dicit
1332 1729 1345 1767 :
1369 1713 1568 1769 Servus
1598 1716 1693 1785 qui
1713 1729 1905 1783 cogno-

237 1806 316 1855 rit
358 1801 715 1856 voluntatem
764 1800 989 1856 Domini
1029 1802 1139 1869 sui,
1187 1806 1240 1856 et
1286 1818 1399 1859 non
1450 1802 1804 1874 praeparavit,
1853 1812 1903 1858 et

237 1906 355 1946 non
399 1893 528 1959 fecit
576 1889 878 1946 secundum
925 1890 1261 1946 voluntatem
1308 1891 1443 1962 ejus,
1494 1892 1567 1963 (ὁ)
1615 1892 1901 1961 vapulabit

234 1980 442 2033 multis
525 1979 677 2048 (Luc.
740 1995 839 2047 xu,
899 1979 1014 2051 47).
1103 1979 1248 2035 Hinc
1330 1979 1657 2045 Psalmista,
1743 1980 1895 2036 ait:

234 2068 590 2124 Descendunt
620 2068 681 2124 in
713 2068 1005 2139 infernum
1032 2071 1272 2125 viventes
1300 2069 1470 2139 (Psal.
1498 2086 1608 2138 Liv,
1636 2070 1745 2138 16).
1769 2069 1895 2125 Vivi

232 2159 455 2230 quippe
505 2175 636 2229 quae
666 2158 821 2214 circa
853 2157 987 2214 illos
1019 2163 1273 2229 aguntur
1301 2157 1496 2215 sciunt
1524 2166 1578 2215 et
1610 2159 1894 2225 sentiunt,

231 2247 445 2302 mortui
471 2252 672 2303 autem
698 2247 918 2302 sentire
938 2247 1019 2302 nil
1042 2247 1530 2319 possunt.Mortui
1554 2248 1709 2303 enim
1732 2247 1791 2302 in
1814 2247 1899 2302 in-

228 2336 467 2392 ternum
501 2336 947 2406 descenderent,
979 2336 1029 2393 si
1074 2337 1228 2392 mala
1258 2338 1567 2393 nesciendo
1598 2342 1896 2409 perpetra-

224 2432 374 2480 rent.
410 2425 564 2481 Cum
596 2442 729 2483 vero
776 2426 971 2482 sciunt
1017 2426 1187 2495 mala,
1220 2430 1277 2483 et
1320 2432 1518 2482 tamen
1550 2428 1789 2495 iaciunt,
1823 2426 1893 2482 ad

220 2514 566 2587 iniquitatis
601 2515 895 2572 infernum
926 2516 1181 2574 viventes
1206 2516 1403 2573 miseri
1441 2517 1512 2589 (c)
1550 2517 1894 2573 sentientes-

224 2620 336 2674 que
368 2605 771 2662 descendunt.

669 2711 897 2769 CAPUT
936 2712 1131 2771 xxxu
1161 2713 1270 2786 [Αι.
1304 2695 1459 2786 LVI].

227 2800 509 2870 Quomodo
543 2799 881 2857 admonendi
909 2804 1006 2873 qui
1035 2803 1211 2929 subi‘to
1239 2808 1411 2871 motu,
1444 2808 1497 2859 et
1526 2802 1622 2874 qui
1647 2803 1892 2859 consulto

946 2890 1142 2929 veccan
1174 2918 1188 2929 .

943 2890 1188 2945 peccant.

296 2962 649 3033 (Admouitio
674 2962 787 3033 33).
812 2962 993 3019 Aliter
1016 2963 1374 3020 admonendi
1399 2967 1535 3021 sunt
1565 2963 1663 3035 qui
1685 2980 1891 3036 repen-

226 3050 355 3107 tina
384 3053 876 3126 concupiscentia
902 3059 1275 3127 superantur,
1308 3059 1483 3127 atque
1513 3054 1681 3111 aliter
1710 3054 1807 3126 qui
1829 3054 1891 3109 in

221 3140 397 3212 culpa
428 3158 501 3197 ex
534 3140 786 3197 consilio
816 3140 1095 3214 ligantur.
1119 3141 1487 3200 Admonendi
1514 3143 1727 3215 quippe
1752 3147 1891 3199 sunt

2027 554 2397 611 imminentia
2422 555 2571 610 mala
2597 568 2712 609 non
2744 554 3040 623 prospicit,
3063 553 3144 608 sic
3175 568 3280 609 nec
3312 569 3437 625 qua
3468 567 3676 624 perpe-

2028 644 2259 700 traverit
2284 642 2846 715 agnoscit.Trahitur
2866 647 2921 697 et
2944 657 3311 713 nequaquam
3333 641 3676 712 sentit,quia

2026 750 2127 805 per
2172 733 2474 789 illecebras
2504 732 2770 786 vitiorum
2818 731 3076 797 ducitur,
3117 746 3221 787 nec
3249 735 3444 786 tamen
3476 730 3546 785 ad
3579 728 3673 785 sui

2022 821 2349 878 custodiam
2365 820 2704 876 suscitatur.
2721 822 2853 883 Quae
2877 819 3109 890 quidem
3132 818 3669 891 evigilareOptat,ut

2023 927 2256 966 rursum
2281 911 2415 965 vina
2446 909 2711 981 reperiat,
2735 909 2870 980 quia
2894 909 3158 979 quamvis
3179 924 3387 967 somno
3416 909 3671 979 torporia

2022 1018 2055 1057 a
2094 1001 2184 1057 sui
2216 1001 2478 1057 custodia
2509 1006 2822 1070 prematur,
2864 996 3107 1069 vigilare
3138 1005 3332 1054 tamen
3362 998 3434 1053 ad
3466 995 3673 1054 saeculi

2020 1107 2191 1147 curas
2223 1090 2444 1159 nititur,
2469 1094 2533 1145 ut
2562 1104 2795 1160 semper
2824 1088 3221 1160 voluptatibus
3249 1087 3547 1144 debrietur
3569 1104 3586 1157 ;
3610 1091 3670 1143 et

2021 1198 2153 1239 cum
2179 1183 2248 1237 ad
2270 1180 2407 1237 illud
2431 1180 2685 1251 dormiat
2708 1180 2767 1235 in
2793 1195 2904 1250 quo
2927 1178 3170 1235 solerter
3189 1177 3427 1251 vigilare
3449 1178 3670 1234 debue-

2020 1276 2127 1341 rat,
2172 1271 2243 1327 ad
2284 1270 2438 1326 aliud
2469 1270 2705 1342 vigilare
2735 1268 2974 1340 appetit,
3008 1268 3079 1323 ad
3106 1268 3260 1339 quod
3290 1266 3665 1323 laudabiliter

2019 1360 2268 1416 dormire
2299 1360 2601 1430 potuisset.
2630 1358 2775 1413 Hinc
2817 1357 3085 1428 superius
3115 1356 3394 1426 scriptum
3427 1359 3516 1413 est
3553 1371 3568 1411 :
3604 1357 3674 1412 Et

2016 1450 2123 1504 eris
2144 1450 2306 1520 quasi
2324 1449 2604 1504 dormiens
2622 1446 2681 1501 in
2700 1446 2878 1501 medio
2898 1447 3067 1511 mari,
3089 1454 3140 1501 et
3160 1447 3318 1517 quasi
3331 1448 3544 1516 sopitus
3564 1462 3665 1516 gu-

2017 1538 2271 1594 bernator
2290 1538 2498 1592 amisso
2524 1536 2675 1591 clavo
2697 1534 3009 1607 (1bitl.,34).
3037 1536 3100 1589 In
3125 1534 3314 1591 medio
3335 1534 3493 1590 enim
3518 1534 3671 1589 mari

2017 1628 2246 1695 dormit,
2281 1626 2382 1699 qui
2414 1627 2471 1682 in
2504 1626 2677 1697 hujus
2716 1625 2919 1681 mundi
2952 1624 3371 1681 tentationibus
3412 1624 3666 1695 positus,

2017 1717 2311 1788 providere
2326 1722 2513 1772 motus
2528 1715 2872 1770 irruentium
2885 1714 3159 1771 vitiorum
3172 1713 3336 1786 quasi
3356 1712 3666 1770 imminen-

2017 1811 2102 1861 tes
2127 1806 2409 1860 undarum
2432 1805 2697 1859 cumulos
2728 1803 2985 1875 negligit.
3009 1803 3076 1858 Et
3098 1804 3266 1875 quasi
3289 1802 3517 1859 clavum
3549 1819 3662 1875 gu-

2012 1894 2279 1950 bernator
2300 1892 2540 1957 amittit,
2566 1894 2796 1964 quando
2822 1892 3093 1961 mens,ad
3120 1893 3428 1964 regendam
3455 1907 3658 1947 navem

2007 1982 2283 2053 corporis,
2343 1982 2600 2037 studium
2670 1980 3079 2037 sollicitudinis
3146 1980 3352 2053 perdit.
3423 1980 3664 2037 Clavum

2009 2072 2227 2143 quippe
2252 2072 2310 2125 in
2341 2070 2488 2126 mari
2523 2068 2916 2137 amittere,est
2944 2069 3325 2126 intentionem
3357 2069 3653 2140 providam

2010 2162 2164 2216 inter
2189 2159 2468 2231 procellas
2490 2159 2666 2229 hujus
2688 2158 2888 2214 saeculi
2911 2175 3024 2213 non
3052 2164 3270 2214 tenere.
3295 2158 3353 2213 Si
3376 2157 3531 2212 enim
3556 2175 3661 2229 gu-

2005 2249 2280 2305 bernator
2300 2252 2526 2304 clavum
2552 2246 2800 2304 sollicite
2823 2246 3079 2318 stringit,
3105 2246 3275 2301 modo
3298 2246 3357 2300 in
3386 2246 3662 2302 ﬂuctibus

2003 2354 2071 2394 ex
2094 2338 2334 2395 adverso
2348 2353 2551 2393 navem
2576 2336 2788 2407 dirigit,
2804 2338 2870 2408 (1)
2895 2336 3064 2392 modo
3078 2340 3376 2391 ventorum
3396 2335 3648 2407 impetus

2004 2443 2107 2499 per
2121 2426 2424 2498 obliquum
2453 2426 2636 2483 findit.
2658 2427 2743 2481 Ita
2762 2442 2895 2480 cum
2918 2440 3084 2480 mens
3104 2425 3183 2497 (g)
3206 2424 3509 2497 vigilanter
3527 2422 3649 2479 ani-

2003 2532 2161 2572 mam
2180 2517 2349 2589 regit,
2365 2517 2540 2571 modo
2563 2515 2673 2571 alia
2696 2532 2976 2586 superans
2988 2514 3189 2583 calcat,
3204 2513 3377 2570 modo
3398 2512 3509 2569 alia
3524 2528 3650 2584 pro-

2002 2606 2206 2661 videns
2234 2605 2521 2672 declinat;
2548 2610 2606 2660 ut
2630 2614 2683 2660 et
2702 2603 3338 2676 praesentialaborando
3358 2600 3650 2673 subjiciat,

2002 2700 2057 2751 et
2077 2704 2276 2750 contra
2295 2695 2488 2750 futura
2503 2694 2825 2750 certamina
2840 2693 3245 2766 prospiciendo
3258 2692 3650 2749 convalescat.

2002 2784 2147 2841 Hinc
2171 2800 2402 2840 rursum
2421 2785 2492 2839 de
2508 2784 2754 2841 fortibus
2769 2800 3035 2855 supernas
3054 2782 3254 2854 patria:
3269 2780 3649 2838 bellatoribus

2002 2874 2251 2931 dicitur:
2281 2874 2716 2946 Uniuscujusque
2734 2873 2883 2929 ensis
2908 2889 3077 2945 super
3107 2876 3290 2943 femur
3306 2888 3492 2937 suum,
3520 2887 3652 2943 pro-

1997 2971 2116 3035 pter
2135 2964 2359 3020 timores
2382 2971 2673 3020 nocturnos
2698 2962 2876 3033 (Cant.
2903 2979 2988 3028 in,
3009 2962 3086 3034 8).
3106 2962 3275 3018 Ensis
3294 2962 3451 3018 enim
3475 2976 3652 3033 super

2001 3051 2695 3125 femurponitur,quando
2714 3051 2981 3107 acumine
2996 3055 3208 3107 sanctis
3223 3049 3647 3123 praedicationis

2004 3158 2175 3211 prava
2198 3142 2487 3212 suggestio
2530 3140 2724 3195 carnis
2763 3142 3087 3196 edomatur.
3123 3140 3226 3195 Per
3256 3143 3480 3195 noctem
3510 3153 3646 3193 vero

220 3210 376 3302 quos
410 3231 727 3303 repentina
756 3210 1235 3303 concupiscentia
1264 3210 1703 3304 superam-utin
1737 3232 1886 3288 bello
1919 3210 1961 3277 (ἶ
2000 3210 2225 3286 caecitas
2243 3210 3644 3300 nostraeinﬁrmitatisexprimitur,quiaquidquid

219 3320 535 3389 praesulis
565 3320 694 3374 vita
726 3336 790 3375 se
818 3321 1082 3392 quotidie
1112 3322 1334 3393 positos
1361 3322 1685 3391 attendant,
1710 3327 1766 3378 et
1796 3338 1893 3378 cor

220 3409 374 3477 quod
400 3408 487 3478 (ἀ)
508 3409 832 3479 praevidere
845 3408 1090 3467 vulnera
1104 3428 1216 3466 non
1242 3416 1453 3483 potest,
1469 3417 1636 3467 scuto
1653 3412 1891 3468 solliciti

216 3497 456 3552 timoris
487 3502 691 3566 tegant
721 3515 736 3565 ;
771 3502 835 3553 ut
865 3498 1094 3555 occulta
1124 3499 1459 3555 insidiantis
1490 3499 1675 3557 hostis
1702 3501 1891 3571 jacula

216 3587 702 3656 perhorrescant,
721 3593 776 3642 et
797 3588 857 3643 in
882 3596 998 3644 tam
1027 3589 1348 3660 caliginoso
1370 3592 1686 3646 certamine
1705 3589 1890 3645 inten-

216 3676 380 3729 tione
404 3676 694 3731 continua
714 3676 865 3732 intra
892 3678 1104 3733 mentis
1124 3684 1311 3734 castra
1341 3695 1404 3735 se
1428 3679 1717 3735 muniant.
1742 3678 1888 3735 Nam

216 3763 267 3818 si
302 3781 336 3820 a
367 3765 921 3833 circumspectionis
965 3766 1356 3825 sollicitudine
1387 3784 1486 3826 cor
1528 3769 1887 3839 destituitur,

216 3852 574 3909 vulneribus
604 3855 885 3927 aperitur,
907 3858 1048 3928 quia
1064 3856 1251 3914 hostis
1288 3856 1534 3914 callidus
1556 3862 1719 3914 tanto
1743 3857 1887 3914 libe-

213 3942 341 3999 rius
361 3949 579 4014 pectus
596 3946 866 4015 percutit,
879 3952 1098 4018 quanto
1113 3947 1336 4005 nudum
1354 3966 1386 4005 a
1399 3948 1886 4020 providentiam!

211 4032 411 4088 lorica
437 4032 848 4104 deprehendit.
885 4037 1253 4094 Admonendi
1286 4043 1422 4095 sunt
1450 4038 1550 4112 qui
1585 4040 1886 4110 repentina

210 4124 708 4195 concupiscentia
730 4138 1098 4200 superantur,
1124 4134 1189 4186 ut
1219 4147 1423 4187 curare
1457 4131 1633 4187 nimis
1656 4135 1886 4187 terrena

209 4214 581 4269 desuescant
598 4238 614 4282 ς
630 4216 766 4287 quia
791 4217 1171 4275 intentionem
1190 4237 1358 4276 suam
1382 4220 1515 4277 dum
1532 4219 1706 4278 rebus
1727 4226 1885 4276 tran-

210 4304 453 4359 sitoriis
484 4304 932 4363 immoderatius
962 4308 1288 4381 implicant,
1322 4311 1537 4383 quibus
1577 4310 1883 4383 culparum

196 4392 436 4463 iaculis
467 4395 893 4467 transtigantur
919 4397 1208 4470 ignorant.
1233 4398 1397 4457 Unde
1418 4405 1475 4457 et
1496 4417 1595 4471 per
1624 4400 1885 4457 Salomo-

203 4497 349 4537 nem
380 4497 488 4536 vox
511 4486 772 4554 percussi
804 4491 862 4542 et
881 4488 1222 4546 dormientis
1243 4491 1606 4562 exprimitur,
1630 4490 1729 4563 qui
1760 4490 1841 4545 ait
1865 4504 1878 4542 :

1997 3320 2368 3377 adversitatis
2397 3319 2456 3375 in
2481 3324 2649 3375 nocte
2668 3318 2940 3374 imminet
2965 3334 3082 3374 non
3102 3319 3347 3373 videtur.
3364 3316 3646 3372 Uniuscu-

1987 3411 2205 3482 jusque
2232 3425 2366 3482 ergo
2385 3410 2536 3466 ensis
2559 3425 2737 3481 super
2757 3411 2943 3464 l'emur
2966 3424 3141 3463 suum
3164 3406 3400 3477 ponitur
3419 3404 3499 3477 (li)
3520 3420 3646 3476 pro-

1998 3504 2127 3572 pter
2146 3500 2385 3555 timores
2408 3505 2740 3567 nocturnos,
2755 3499 2893 3569 quia
2904 3495 3167 3553 videlicet
3187 3495 3368 3552 sancti
3386 3493 3641 3549 viridum

1998 3604 2066 3645 ea
2095 3605 2222 3661 quae
2254 3606 2369 3644 non
2404 3590 2597 3644 vident
2631 3591 2920 3655 metuunt,
2944 3586 3015 3642 ad
3048 3584 3430 3642 intentionem
3455 3588 3640 3639 certa-

1995 3679 2170 3735 minis
2194 3678 2379 3751 parati
2404 3694 2634 3750 semper
2653 3677 2959 3734 assistunt.
2984 3676 3131 3733 Hinc
3160 3691 3388 3731 rursum
3413 3690 3641 3747 sponsa!

1993 3768 2206 3824 dicitur
2239 3783 2252 3823 :
2306 3773 2485 3825 Nasus
2514 3776 2639 3824 tuus
2668 3770 2810 3823 sicut
2855 3767 3030 3822 turris
3068 3780 3197 3838 quae
3236 3774 3313 3821 est
3341 3763 3401 3819 in
3434 3763 3641 3819 Libano

1995 3857 2176 3929 (Cant.
2190 3859 2521 3927 vn,4).Rem
2536 3872 2789 3927 namque
2802 3871 2976 3927 quam
2992 3854 3178 3911 oculis
3192 3870 3305 3910 non
3321 3853 3638 3923 cernimus,

1993 3946 2340 4019 plerumque
2370 3947 2546 4002 odore
2585 3945 2989 4018 praevidemus.
3037 3944 3140 3999 Per
3168 3958 3375 3999 nasum
3405 3956 3637 4014 quoque

1993 4036 2199 4092 odores
2216 4035 2542 4107 l'etoresque
2558 4034 2965 4091 discernimus.
2982 4033 3130 4098 Quid
3144 4048 3279 4105 ergo
3304 4047 3403 4104 per
3423 4045 3633 4086 nasum

1990 4124 2407 4190 Ecclesiremisi
2432 4131 2766 4181 sanctorum
2800 4122 3039 4196 provida
3065 4120 3335 4178 discretio
3364 4120 3635 4191 designa-

1988 4213 2125 4269 tur?
2144 4214 2249 4278 Qui
2274 4212 2452 4270 etiam
2480 4213 2627 4268 turri
2658 4211 2865 4269 similis
2888 4227 3020 4284 quae
3048 4215 3138 4267 est
3162 4209 3224 4267 in
3246 4210 3465 4266 Libano
3486 4208 3634 4265 dici-

1989 4306 2104 4371 tur,
2131 4303 2270 4373 quia
2298 4301 2550 4358 discreta
2570 4317 2769 4357 eorum
2794 4299 3157 4373 providentia
3184 4299 3264 4356 ita
3293 4299 3352 4355 in
3379 4298 3495 4355 alto
3525 4298 3636 4354 sita

1988 4395 2097 4462 est,
2122 4399 2177 4447 ut
2200 4391 2584 4447 tentationum
2617 4390 2937 4447 certamina
2958 4394 3014 4447 et
3037 4390 3375 4462 priusquam
3398 4388 3636 4444 veniant

1986 4482 2195 4548 videat,
2227 4488 2280 4535 et
2305 4486 2504 4536 contra
2534 4496 2599 4535 ea
2629 4481 2766 4535 dum
2801 4480 3063 4536 venerint
3082 4478 3304 4534 munita
3325 4477 3631 4534 subsistat.

208 4571 663 4629 t‘erbemverunt
692 4590 799 4641 me,
831 4576 925 4633 sed
957 4594 1068 4633 non
1087 4578 1269 4649 dolui;
1295 4581 1369 4651 (ε)
1390 4584 1803 4649 traxeruntme,
1823 4588 1874 4636 et

2005 4573 2127 4638 )uae
2155 4569 2309 4625 enim
2344 4568 2532 4624 futura
2562 4569 2968 4640 prmvidentur,
3003 4584 3133 4625 cum
3175 4565 3479 4638 prasentia
3504 4567 3633 4620 fue-

197 4677 304 4732 ego
322 4676 440 4716 non
458 4664 624 4718 sensi.
656 4665 895 4737 Quando
918 4668 1207 4739 evigilabo,
1236 4677 1287 4726 et
1312 4687 1536 4726 rursum
1556 4671 1689 4726 vina
1713 4686 1870 4741 repe-

199 4753 364 4805 riam
382 4750 571 4819 (Prov.
595 4768 794 4824 xxvm,
818 4755 952 4827 35)?
968 4756 1131 4814 Mens
1144 4758 1406 4831 quippea
1425 4775 1563 4815 cura
1582 4776 1698 4815 suae
1720 4758 1872 4815 solli-

280 4904 369 4975 (α)
400 4905 607 4971 Land.,
639 4908 892 4965 innoxia.

278 4980 370 5054 (ὁ)
396 4977 649 5054 _Gern_et.,
679 4980 861 5054 plagis
892 4984 1173 5054 vapulabit
1205 4984 1409 5041 multis.

276 5050 363 5125 (ρ)
396 5048 603 5125 haud“
632 5048 984 5125 scientesque.

276 5120 627 5246 ﬁgis-ent
670 5120 892 5196 antiqui
925 5126 1064 5186 Mss.
1107 5128 1296 5195 Trec.,
1338 5128 1577 5197 Bellov.,
1625 5129 1865 5197 Gemet.,

200 5208 526 5264 providere.

277 5265 353 5333 (ε)
366 5262 541 5318 Corb.
554 5266 976 5335 ,transﬁzerunt
992 5270 1327 5328 me.Indicia
1340 5277 1477 5328 sunt
1497 5270 1868 5328 correctionis

402 5340 462 5418 in
482 5340 668 5418 Tres”
693 5339 791 5418 u_bi
813 5341 1040 5418 videtur
1059 5342 1303 5418 olimita
1323 5344 1557 5418 lectum.
1583 5349 1864 5418 Caeterum

202 5406 493 5490 lectionis
516 5407 695 5490 hujgs
712 5409 1100 5490 fundamenta
1123 5415 1308 5490 nulla,
1335 5415 1495 5490 nulla
1516 5415 1758 5487 vestigia
1779 5432 1870 5490 ex-

204 5484 373 5558 stant
396 5480 594 5558 autin
628 5480 796 5558 Hebr.
830 5488 1018 5558 textu1
1036 5491 1137 5540 aut
1165 5487 1227 5541 in
1257 5480 1432 5544 variis
1461 5490 1588 5558 ejus
1619 5480 1866 5543 transla-

204 5552 499 5631 tionibus.
517 5552 810 5631 Neque-sic
830 5553 1310 5631 legitGregorius,
1327 5576 1463 5617 cum
1481 5552 1865 5631 posteadieat,

206 5622 463 5703 locum}
471 5637 584 5703 unc
597 5639 662 5703 ει
670 5622 859 5703 plicau
867 5622 1245 5703 {ostra/titur,
1260 5622 1310 5687 el
1320 5622 1667 5703 nequaquam
1678 5622 1866 5703 sentit.

284 5696 349 5765 tn
378 5694 583 5761 Corb.,
605 5693 863 5767 ϐίαιοι,
886 5698 1065 5771 Belv.,
1098 5693 1295 5775 Laud.,
1318 5693 1731 5776 Longip.,'Val.
1754 5701 1866 5769 Cl.,

1982 4662 2117 4729 rint,
2134 4660 2193 4730 (ἰ)
2216 4657 2863 4714 minorisvirtutisiiunt
2883 4676 2896 4725 ;
2920 4658 3056 4730 quia
3076 4659 3208 4712 dum
3225 4660 3427 4712 contra
3449 4654 3629 4709 ictum

1981 4752 2227 4823 quisque
2255 4749 2507 4820 paratior
2524 4748 2808 4817 redditur,
2834 4747 3015 4804 hostis
3044 4748 3143 4818 qui
3175 4762 3237 4802 se
3268 4744 3632 4816 inepinatum

1976 4908 2220 4978 Theod.,
2243 4908 2399 4965 modo
2431 4909 2623 4965 undas
2648 4924 2920 4981 superans
2942 4907 3134 4975 calcat,
3166 4905 3324 4963 modo
3354 4906 3469 4981 alia
3496 4922 3627 4977 pro-

1978 4983 2164 5037 videns
2192 4982 2455 5045 declinat,
2476 4981 2630 5036 modo
2654 4978 2934 5036 ventorum
2964 4981 3196 5048 impetus
3223 4994 3321 5051 per
3343 4978 3623 5050 obliquum

1977 5052 2159 5179 ﬁtndlit.
2192 5052 2291 5108 ita.
2324 5054 2563 5108 Excusis
2603 5053 3000 5124 suti‘ragantur
3036 5051 3356 5118 Trecensis,
3400 5051 3624 5106 Gemet.

1977 5140 2007 5179 e
2057 5141 2087 5179 a
2118 5165 2134 5179 .

1976 5128 2033 5180 et
2057 5128 2134 5182 al.

2051 5197 2131 5266 (g)
2154 5195 2389 5251 Recent.
2414 5195 2493 5250 Ed
2505 5236 2541 5261 .,
2566 5196 2910 5264 vigilantem.
2936 5198 3277 5266 Repugnani
3301 5195 3433 5250 Mss.
3458 5193 3626 5249 Obesi

1981 5283 2186 5323 sensus
2215 5284 2249 5322 a
2280 5274 2480 5322 sancto
2513 5266 2754 5323 Doctore
2787 5269 3134 5337 propositus.

2053 5339 2137 5409 (h)
2162 5341 2221 5394 in
2256 5338 2549 5409 plerisque
2576 5339 2700 5406 Ed.,
2733 5349 2951 5409 propter
2973 5340 3301 5396 tentationes
3320 5339 3432 5395 sive
3458 5338 3625 5394 limo~

1980 5427 2065 5467 res
2094 5415 2410 5465 nocturnos.
2436 5412 2739 5466 Glossema
2767 5416 2878 5467 est.
3006 5430 3011 5433 ·

2053 5480 2267 5559 (i)__l]oc
2296 5481 2634 5559 est,_m_inori
2668 5484 2721 5537 vi
2755 5482 3037 5554 pulsant;
3064 5482 3213 5559 quod
3248 5481 3490 5559 fortasse
3519 5494 3628 5559 non

1980 5552 2694 5625 intelligentesEditores,
2723 5552 3036 5625 mutarunt
3062 5552 3285 5619 virtutis
3318 5553 3377 5609 in
3413 5552 3630 5606 timoris

1980 5624 2514 5683 contradicentibus
2547 5629 2834 5698 quotquot
2863 5624 3127 5701 legimus
3158 5625 3296 5684 Mss.
