4136 6178
524 302 638 361 115

1725 293 2011 357 SANCTI
2057 290 2430 353 GBEGORU
2480 291 2730 352 MAGNI
3784 289 3881 350 H6

530 438 628 492 οι
665 434 929 505 credidit,
961 450 1028 490 eo
1058 434 1187 505 ipso
1228 447 1342 503 quo
1388 429 1665 501 pmvisus
1703 437 1807 496 est,
1846 433 2170 486 enervatur.
2206 440 2261 508 Α
2290 426 2443 483 enim
2478 442 2575 482 sua
2605 424 2655 481 si
2688 424 3016 495 despiciunt
3047 424 3247 480 timere
3276 438 3406 479 cum
3429 425 3693 494 pensant,
3713 420 3892 477 debent

604 530 679 581 At
708 530 911 581 contra
936 523 1289 579 admonendi
1316 528 1450 575 sunt
1482 519 1579 589 qui
1614 518 1674 575 in
1704 520 1877 590 culpa
1897 535 1964 575 ex
1994 519 2182 574 consi-

526 616 610 672 lio
641 615 923 688 ligantur,
956 619 1247 684 quatenus
1278 610 1518 681 provida
1554 608 2017 664 consideratione
2049 624 2180 677 per-

531 703 954 778 pendant,quia
973 702 1005 755 d
1018 717 1113 755 um
1131 699 1286 755 mala
1301 698 1598 768 exjudicio
1614 696 2180 764 faciunt,districtius

533 798 739 850 contra
768 808 828 846 se
852 790 1139 860 judicium
1177 787 1541 855 accendunt;
1577 796 1635 841 ut
1669 792 1823 843 tanto
1855 803 1953 842 eos
1982 785 2183 841 durior

535 880 825 938 sententia
848 880 1261 949 feriat,quanto
1286 877 1416 932 illos
1438 876 1495 930 in
1515 877 1689 943 culpa
1708 875 1928 932 arctius
1949 874 2184 930 vincula

533 967 964 1026 deliberationis
985 966 1192 1037 ligant.
1207 966 1390 1020 Citius
1410 966 1659 1021 fortasse
1680 964 1891 1020 delicta
1906 962 2183 1033 poeniten-

529 1059 602 1113 do
616 1059 945 1126 abluerent,
960 1055 1008 1110 si
1024 1056 1080 1110 in
1104 1054 1195 1110 his
1211 1052 1335 1110 sola
1348 1052 1799 1125 praecipitatione
1815 1052 2180 1108 cecidissent.

524 1147 675 1203 Nam
716 1146 943 1202 tardius
975 1151 1277 1217 peccatum
1310 1142 1555 1201 solvitur
1582 1141 1742 1214 quod
1773 1146 1829 1197 et
1862 1158 1960 1211 per
1987 1139 2184 1197 consi-

524 1236 668 1293 lium
703 1236 1017 1293 solidatur.
1044 1235 1167 1293 Nisi
1195 1234 1351 1290 enim
1378 1251 1544 1290 mens
1574 1234 1733 1289 omni
1766 1234 1938 1289 modo
1968 1238 2185 1287 aeterna

534 1328 879 1400 despiceret,
901 1327 958 1380 in
990 1325 1161 1397 culpa
1189 1341 1255 1380 ex
1284 1325 1512 1394 judicio
1544 1340 1660 1379 non
1695 1324 1901 1395 periret
1930 1322 2029 1393 (η).
2066 1320 2184 1377 Hoc

530 1430 670 1486 ergo
703 1414 1158 1486 precipitatione
1185 1412 1364 1484 lapsis
1396 1429 1498 1484 per
1524 1412 1839 1469 consilium
1881 1420 2184 1483 pereuntes

534 1505 827 1570 differunt,
843 1504 998 1575 quod
1015 1519 1145 1558 cum
1173 1502 1285 1557 hia
1304 1507 1457 1558 statu
1473 1502 1720 1573 justitiaa
1743 1500 2033 1572 peccando
2054 1517 2185 1556 cun-

534 1594 757 1660 cidunt,
774 1593 1115 1663 plerumque
1131 1591 1239 1647 sim
1252 1590 1310 1646 ul
1327 1598 1385 1647 et
1403 1592 1459 1646 in
1479 1591 1685 1662 laqueu
1698 1608 1750 1645 m
1767 1589 2185 1662 desperationis

533 1682 772 1738 cadunt.
803 1680 949 1737 Hinc
969 1690 1055 1736 est
1081 1680 1239 1751 quod
1266 1696 1366 1751 per
1395 1681 1734 1751 prophetam
1764 1679 2046 1735 Dominus
2069 1695 2183 1735 non

532 1775 653 1826 tam
688 1770 1207 1843 precipitationum
1233 1785 1610 1841 prava,quam
1633 1768 2185 1825 delictorumstudia

533 1859 929 1929 reprehendit,
953 1860 1189 1914 dicens:
1218 1858 1296 1913 Ne
1320 1861 1462 1929 forte
1487 1858 1802 1929 egrediatur
1830 1864 1888 1912 ut
1922 1859 2074 1930 ignis
2098 1860 2183 1913 in-

534 1952 794 2021 dignatio
816 1965 958 2013 mea,
974 1960 1027 2005 et
1044 1948 1427 2016 succendatur,
1451 1960 1503 2004 et
1520 1965 1631 2003 non
1645 1950 1717 2002 sit
1740 1950 1835 2020 qui
1850 1948 2186 2019 exstinguat,

525 2049 750 2109 prapter
791 2038 1073 2093 malitiam
1130 2037 1442 2093 studiorum
1489 2042 1792 2093 vestrorum
1835 2038 1967 2107 (λον.
2003 2054 2072 2101 iv,
2106 2037 2182 2107 Is).

526 2126 671 2182 Hinc
716 2127 928 2182 iterum
974 2126 1155 2182 iratus
1185 2128 1321 2181 dicit
1368 2143 1381 2181 :
1424 2126 1659 2181 Visitabo
1686 2142 1849 2193 super
1893 2142 1982 2181 vos
2017 2127 2183 2197 juxta

528 2219 778 2287 fructum
818 2216 1126 2270 studiorum
1178 2220 1477 2270 vestrorum
1506 2215 1665 2284 (Ibid.
1716 2231 1876 2281 xxiii,
1910 2215 1986 2284 2).
2038 2216 2184 2281 Quia

527 2321 665 2377 ergo
690 2306 943 2377 peccatis
973 2305 1107 2360 aliis
1128 2306 1401 2361 dill‘erunt
1433 2315 1665 2377 peccata
1696 2322 1821 2375 quae
1854 2322 1954 2376 per
1991 2304 2182 2361 consi-

525 2392 669 2447 lium
724 2399 1148 2463 perpetrantur.
1195 2410 1309 2447 non
1354 2399 1470 2447 tam
1515 2409 1686 2463 prave
1719 2396 1869 2447 facta
1902 2397 2180 2447 Dominus

486 2530 491 2533 _
530 2498 706 2552 quam
732 2483 925 2537 studia
941 2482 1243 2553 pravitatis
1265 2481 1687 2552 insequitur.In
1716 2481 1883 2535 factis
1904 2482 2057 2536 enim
2079 2498 2180 2536 sai-

2296 519 2608 574 formidare
2631 533 2757 573 cum
2783 521 3109 572 numerant.
3133 515 3293 571 Altos
3314 514 3527 587 quippe
3548 512 3785 586 gurgites
3803 512 3895 570 llu-

2294 607 2540 673 minum,
2561 623 2749 678 parve
2782 607 2883 662 sed
2913 606 3232 661 innumerae
3265 603 3491 676 replent
3518 608 3689 676 guttas.
3712 602 3899 673 pluvia-

2295 713 2445 752 rum.
2469 697 2538 751 Et
2568 696 2676 752 hoc
2706 696 2829 766 agit
2859 694 3091 749 sentina
3122 694 3367 749 latenter
3399 708 3746 758 excrescens,
3770 691 3896 763 quod

2293 792 2561 857 patenter
2579 785 2830 854 procella
2849 784 3111 839 saeviens.
3132 783 3195 837 Et
3213 781 3434 837 minuta
3456 786 3592 837 sunt
3610 797 3727 853 qua:
3744 796 3900 836 erum-

2292 882 2438 946 punt
2462 876 2737 931 membris
2768 890 2871 946 per
2891 874 3145 929 scabiem
3178 871 3432 942 vulnera,
3459 871 3558 927 sed
3588 887 3710 927 curn
3732 870 3899 926 multi-

2296 965 2433 1020 tudo
2462 980 2659 1020 eorum
2680 960 3186 1018 innumerabiliter
3207 966 3471 1030 occupat,
3493 960 3576 1015 sic
3605 959 3770 1015 vitam
3792 976 3901 1015 cor-

2295 1052 2451 1124 poris
2477 1052 2627 1107 sicut
2658 1068 2833 1107 unum
2858 1067 3031 1123 grave
3057 1049 3339 1105 inﬂictum
3367 1049 3469 1106 92
3493 1048 3705 1122 pectori
3722 1049 3903 1107 vulnus

2294 1145 2482 1197 necat.
2516 1141 2659 1195 Hinc
2690 1138 2957 1195 videlicet
2984 1139 3262 1210 scriptum
3290 1143 3379 1194 est
3407 1154 3422 1194 :

2367 1230 2474 1297 Qui
2520 1229 2734 1285 modica
2772 1227 3006 1300 spernit,
3037 1226 3315 1298 paulatim
3354 1226 3567 1283 decidit
3605 1227 3778 1298 (Eccli.
3805 1242 3905 1297 nx,

2300 1320 2375 1390 1).
2401 1319 2505 1384 Qui
2531 1320 2684 1375 enim
2708 1324 2943 1390 peccata
2964 1318 3204 1374 minima
3226 1317 3363 1374 ﬂere
3387 1334 3454 1373 ac
3484 1315 3731 1372 devitarc
3750 1317 3913 1389 negli-

2292 1408 2397 1479 git,
2436 1408 2902 1480 astatujustitiaa
2934 1425 3049 1463 non
3082 1407 3319 1478 quidem
3353 1412 3608 1477 repente,
3632 1406 3726 1462 sed
3757 1405 3913 1477 parti-

2297 1497 2405 1553 bus
2427 1504 2585 1554 totus
2615 1496 3160 1553 cadit.Admonendi
3184 1500 3321 1551 sunt
3340 1496 3435 1567 qui
3460 1496 3520 1550 in
3552 1495 3797 1550 minimis
3815 1495 3914 1551 fre-

2304 1594 2547 1655 quenter
2574 1588 2876 1656 excedunt,
2901 1592 2964 1641 ut
2984 1585 3235 1642 sollicite
3254 1585 3623 1641 considerent
3643 1584 3768 1655 quia
3790 1600 3917 1641 non-

2294 1692 2589 1747 nunquam
2622 1676 2680 1730 in
2715 1693 2895 1747 parva
2923 1674 3203 1739 deterius,
3236 1690 3411 1745 quam
3443 1674 3504 1730 in
3536 1672 3735 1742 majori
3763 1673 3916 1745 culpa

2215 1814 2263 1879 Β
2298 1771 2589 1837 peccatur.
2609 1765 2795 1835 Major
2816 1765 2969 1820 enim
2994 1780 3106 1835 quo
3128 1764 3301 1819 citius
3324 1763 3458 1834 quia
3479 1764 3556 1819 sit
3570 1763 3737 1834 culpa
3755 1779 3913 1833 agno-

2294 1855 2479 1879 -_:s.-_
2508 1871 2568 1879 -_
2592 1854 2755 1879 -.ιη-,η
2782 1853 3027 1879 --l-_:.._
3048 1854 3417 1879 -M-_.I..a.._.
3444 1852 3910 1879 mi--_..-_-.l..m

2293 1855 2571 1924 scitur,eo
2588 1854 2757 1911 etiam
2780 1853 3029 1910 celerius
3046 1854 3420 1921 emendatur;
3444 1852 3769 1908 minorvero
3785 1852 3914 1909 dum

2290 1943 2460 2015 quasi
2492 1944 2651 1999 nulla
2674 1943 2952 2009 creditur,
2975 1960 3040 1999 eo
3065 1942 3231 2014 pejus
3252 1958 3365 2013 quo
3386 1947 3445 1997 et
3463 1942 3722 1998 securius
3742 1942 3795 1997 in
3816 1956 3914 1998 usu

2290 2033 2591 2088 retinetur.
2618 2031 2782 2088 Unde
2813 2032 2879 2086 fit
2912 2032 3255 2103 plerumque
3288 2037 3352 2086 ut
3381 2047 3542 2087 mens
3566 2037 3792 2087 assueta
3813 2048 3919 2087 mao

2288 2120 2361 2176 lis
2386 2122 2605 2177 levibus
2630 2138 2735 2176 nec
2764 2120 2965 2193 gravia
2989 2121 3414 2192 perhorrescat,
3438 2128 3612 2192 atque
3642 2121 3710 2175 ad
3733 2136 3921 2192 quam-

2286 2211 2420 2265 dam
2445 2212 2853 2267 auctoritatem
2881 2211 3147 2282 nequitim
3172 2210 3488 2283 perculpas
3514 2212 3727 2266 nutrita
3743 2228 3920 2282 perve-

2287 2301 2437 2369 niat;
2463 2306 2518 2357 et
2539 2307 2699 2357 tanto
2724 2302 2780 2357 in
2806 2302 3128 2372 majoribus
3147 2307 3481 2357 contemnat
3507 2302 3919 2373 pertimescere,

2286 2400 2498 2461 quanio
2531 2390 2587 2445 in
2619 2390 2882 2446 minimis
2907 2391 3113 2446 didicit
3136 2408 3249 2446 non
3282 2392 3542 2446 timendo
3569 2406 3817 2462 peccare.

2355 2486 2428 2535 At
2457 2486 2661 2536 contra
2691 2480 3045 2536 admonendi
3068 2485 3207 2536 sunt
3237 2481 3334 2551 qui
3360 2496 3423 2535 se
3452 2497 3485 2535 a
3516 2480 3708 2551 parvis
3737 2489 3921 2537 custo-

535 2586 605 2640 pe
624 2570 1140 2639 intirmitate,sa3pe
1158 2568 1597 2639 negligentia,in
1622 2571 1834 2625 studiis
1855 2587 1987 2625 vero
2011 2570 2178 2624 mali-

530 2658 681 2714 tiosa
712 2675 944 2730 semper
965 2657 1289 2713 intentione
1321 2671 1608 2730 peccatur.
1646 2660 1767 2724 Quo
1798 2665 1992 2713 contra
2028 2664 2179 2714 recte

531 2746 685 2802 beati
707 2748 813 2801 viri
843 2747 1212 2817 expressione
1244 2763 1342 2817 per
1374 2748 1718 2816 Prophetam
1753 2748 2005 2803 dicitur:
2033 2750 2095 2801 Et
2115 2748 2178 2803 in

533 2836 792 2892 cathedra
834 2837 1169 2907 pestilentiae
1216 2852 1328 2889 non
1371 2835 1511 2890 sedit
1558 2837 1668 2905 (Ps.
1701 2853 1741 2904 ι,
1790 2836 1860 2906 1).
1893 2836 2178 2892 Cathedra

2283 2567 2472 2631 diunt,
2505 2570 2605 2623 sed
2642 2570 2957 2640 aliquando
2993 2569 3051 2623 in
3092 2568 3366 2640 gravibus
3396 2569 3827 2641 demerguntur,
3861 2574 3922 2625 ut

2282 2656 2529 2713 sollicite
2551 2658 2776 2729 seipsos
2799 2658 3259 2729 deprehendant,
3282 2658 3419 2729 quia
3441 2657 3579 2714 dum
3604 2675 3702 2713 cor
3724 2674 3919 2715 eorum

2282 2745 2353 2799 de
2374 2746 2682 2801 custoditis
2706 2746 2961 2801 minimis
2977 2746 3289 2813 extollitur,
3306 2747 3372 2801 ad
3400 2749 3776 2819 perpetranda
3793 2763 3921 2818 gra-

2278 2836 2437 2892 viora
2452 2838 2576 2909 ipso
2590 2838 2855 2893 elationis
2868 2855 2986 2893 sua:
3002 2840 3232 2894 baratro
3245 2838 3315 2910 (c)
3330 2839 3694 2903 devorantur;
3710 2844 3764 2894 et
3777 2840 3912 2895 dum

532 2925 978 2998 quippejudicis
999 2942 1129 2982 esse
1152 2925 1234 2981 vel
1254 2924 1612 2995 praesidentis
1632 2925 1799 2982 solet.
1820 2928 1882 2982 In
1906 2927 2179 2984 cathedra
2281 2926 2421 2981 loris
2448 2926 2559 2981 sibi
2584 2944 2754 2998 parva
2776 2927 3120 2997 subjiciunt,
3146 2931 3244 2984 sed
3280 2944 3381 3000 per
3412 2928 3637 2984 inanem
3672 2928 3917 3000 gloriam

527 3023 721 3071 autem
748 3015 1089 3087 pestilentia:
1120 3016 1341 3084 sedere,
1366 3024 1452 3070 est
1482 3030 1547 3071 ex
1574 3016 1790 3085 judicio
1814 3033 1989 3088 prava
2019 3034 2173 3073 com-
2279 3014 3459 3088 intusiutumescunt,languoresuperhias
3482 3017 3926 3073 intrinsecusvi-

524 3106 751 3160 mittere
786 3121 799 3160 :
844 3105 903 3159 in
945 3104 1221 3160 cathedra
1255 3104 1594 3176 pestilentia
1634 3108 1857 3171 sedere,
1890 3114 1978 3162 est
2006 3112 2062 3162 et
2106 3125 2175 3163 ex
2210 3175 2235 3179 ᾗ
2284 3109 2431 3159 ctam
2464 3111 2721 3161 mentem
2753 3106 2923 3162 etiam
2950 3108 3102 3162 foras
3127 3124 3226 3177 per
3256 3106 3406 3163 mala
3429 3108 3651 3176 majora
3674 3114 3929 3179 proster—

518 3195 744 3250 ratione
778 3191 931 3248 mala
960 3194 1313 3259 discernere,
1336 3201 1394 3250 et
1424 3199 1614 3249 tamen
1646 3212 1715 3249 ex
1745 3195 2163 3253 deliberatione
2196 3175 2239 3243 (ἶ
2278 3175 3928 3267 nunt.Admonendiergasui.tquiseaparviScustodiunt,

516 3292 869 3355 perpetrare.
890 3283 1067 3349 Quasi
1089 3284 1144 3339 in
1163 3284 1410 3354 perversi
1437 3284 1663 3340 consilii
1688 3285 1961 3341 cathedra
1983 3288 2167 3357 sedet,
2280 3282 2379 3336 sed
2414 3281 2728 3354 aliquando
2762 3285 2819 3339 in
2852 3284 3132 3355 gravibus
3163 3286 3602 3354 demerguntur,
3634 3302 3705 3341 ne
3736 3285 3831 3342 ubi
3866 3302 3931 3343 se

513 3374 611 3447 qui
635 3378 801 3429 tanta
820 3372 1148 3445 iniquitatis
1171 3374 1421 3429 elatione
1441 3374 1744 3440 attollitur,
1768 3382 1831 3429 ut
1850 3375 2168 3447 adimplere
2277 3374 2429 3426 stare
2449 3372 2809 3428 extrinsecus
2831 3372 3144 3433 aestimant,
3160 3372 3238 3427 ibi
3261 3372 3613 3429 intrinsecus
3626 3377 3857 3439 cadant,
3873 3378 3933 3430 et

512 3464 737 3519 malum
761 3462 937 3518 etiam
960 3478 1059 3532 per
1080 3462 1323 3518 consilia
1343 3469 1604 3519 conetur.
1626 3463 1695 3518 Et
1723 3464 1877 3518 sicut
1896 3464 2171 3520 assisten-
2268 3465 2439 3535 juxta
2453 3461 2938 3533 discrictijudicis
2952 3462 3387 3519 retributionem
3402 3463 3574 3519 elatio
3589 3463 3860 3535 mincrisj
3873 3481 3934 3517 u-

512 3551 675 3605 tibus
701 3551 893 3605 turbis
922 3551 1143 3620 praelati
1176 3558 1318 3604 sunt
1353 3551 1450 3621 qui
1483 3552 1770 3606 cathedras
1806 3552 2022 3607 honore
2053 3553 2165 3608 lul-
2278 3553 2449 3609 stitias
2473 3553 2563 3606 via
2594 3553 2698 3607 {lat
2728 3552 2800 3607 ad
2832 3553 3052 3607 foveam
3086 3552 3367 3623 gravioris
3393 3552 3594 3623 culpa.
3627 3551 3730 3616 Qui
3762 3554 3930 3609 enim

516 3639 774 3705 ciuntur,
807 3638 891 3693 ita
930 3637 1143 3693 delicta
1170 3654 1371 3694 eorum
1419 3641 1519 3710 qui
1552 3640 2005 3711 priecipitatione
2030 3658 2164 3698 cor-
2274 3657 2421 3697 vane
2442 3640 2601 3705 elati,
2619 3639 2750 3695 boni
2773 3638 2993 3695 minimi
3018 3640 3416 3710 (d)custodiam
3436 3641 3554 3697 suis
3580 3642 3802 3697 viribus
3820 3640 3933 3697 tri-

518 3726 1011 3800 ruunt,exquisita
1042 3744 1143 3799 per
1164 3728 1424 3784 studium
1457 3739 1690 3800 peccata
1718 3733 2163 3788 transcendunt.
2276 3731 2646 3799 buunt,juste
2667 3728 2929 3784 derelicti
2952 3730 3143 3800 culpis
3166 3730 3482 3801 majoribus
3504 3730 3858 3798 obruuntur;
3874 3735 3936 3785 et

518 3817 887 3874 Admonendi
908 3833 1047 3889 ergo
1069 3822 1228 3885 sunt,
1256 3823 1317 3872 ut
1336 3817 1471 3873 hinc
1493 3818 1764 3889 colligant
1790 3820 1891 3891 qui
1914 3824 1971 3877 in
1994 3822 2167 3894 culpa
2275 3820 2536 3876 cadendo
2556 3819 2794 3874 discunt
2814 3835 2929 3874 non
2946 3819 3435 3891 fuissqproprium
3450 3821 3601 3891 quod
3622 3824 3937 3886 steterunt,

517 3909 699 3965 etiam
723 3925 786 3963 se
804 3908 2166 3983 perconsiliumligant,quaquandoqueultiona
2277 3913 2340 3964 ut
2370 3908 2523 3963 mala
2545 3910 2834 3964 immensa
2863 3924 2963 3963 cor
2985 3907 3322 3979 reprimant,
3344 3910 3492 3979 quod
3520 3910 3753 3965 minima
3777 3911 3944 3966 bona

521 3997 766 4052 feriendi
809 4002 971 4065 sunt,
1002 3996 1104 4067 qui
1146 4014 1300 4053 nunc
1347 4015 1652 4070 pravorum
1697 4016 1812 4055 non
1860 4003 2024 4069 socii,
2065 4003 2164 4058 sed
2277 3997 2932 4054 exaltant.Admonendi
2959 4002 3179 4052 suntut
3208 3997 3579 4053 considerent
3600 3998 3758 4069 quod
3785 4006 3845 4055 et
3880 3998 3946 4055 in

519 4085 600 4157 (b)
631 4084 930 4157 principes
964 4086 1134 4143 ﬁunt.
2276 4088 2467 4160 culpis
2499 4087 2857 4159 gravioribus
2893 4086 3010 4141 alto
3047 4091 3205 4141 reatu
3240 4102 3302 4142 se
3328 4086 3605 4159 obligant,
3638 4099 3692 4142 et
3731 4095 3947 4143 tamen

906 4190 1144 4249 CAPUT
1182 4192 1417 4250 xxx”;
1452 4195 1558 4266 [AL
1591 4197 1768 4269 LVII].
2275 4178 2621 4249 plerumque
2649 4175 2707 4269 in
2736 4175 3103 4269 parvis-quae
3128 4175 3488 4269 custodiunt,
3514 4178 3771 4269 deterius
3795 4193 3947 4269 pec-

517 4281 791 4359 Quomodo
818 4282 1151 4359 admonendi
1194 4285 1292 4352 qui
1318 4264 1590 4359 minim“,
1622 4264 1950 4342 ,ια’σνεὺνί,
1979 4292 2161 4359 ,κοπίδ’
2275 4264 2715 4359 cant,quiaetin
2734 4265 2848 4359 illis
2874 4264 3513 4359 iniqualaciu‘ntﬁtper
3534 4268 3718 4323 istase
3737 4267 3945 4322 homi-

588 4364 640 4410 et
662 4356 759 4424 qui
776 4353 1041 4410 minimas
1065 4364 1309 4411 caventes
1329 4358 1595 4425 gravibus
1616 4358 1922 4428 aliquando
1944 4353 2162 4416 immer$
2275 4357 2619 4429 nibusquod
2637 4356 2821 4428 iniqui
2843 4362 3213 4427 sunttegunt.
3231 4356 3395 4412 Unde
3410 4358 3548 4413 {itut
3564 4375 3693 4413 cum
3712 4359 3952 4428 majora

590 4436 821 4495 91mm"-
2276 4446 2432 4503 mala
2455 4451 2990 4517 perpetrantcoram
3012 4445 3449 4517 Deo,apertaa(e)
3471 4447 3800 4518 iniquitatis
3825 4448 3949 4515 sit;

588 4530 925 4624 (Admonitio
951 4532 1064 4603 34).
1102 4530 1286 4624 Aliter
1311 4533 1661 4624 admonendi
1694 4541 1833 4591 sunt
1880 4537 1999 4610 qui,
2034 4538 2169 4593 licet
2200 4559 2244 4624 υ
2275 4547 2330 4595 et
2361 4555 2489 4593 cum
2518 4554 2691 4609 parva
2714 4538 2863 4592 bona
2884 4538 3224 4593 custodiunt
3247 4554 3444 4593 coram
3471 4537 3836 4606 hominibus,
3859 4538 3954 4592 si-

520 4623 784 4688 minima,
816 4622 1017 4679 crebro
1048 4627 1239 4677 tamen
1274 4621 1475 4678 illicita
1507 4626 1767 4696 faciunt;
1799 4638 1973 4695 atque
2003 4626 2173 4684 aliter

525 4713 624 4783 qui
643 4728 749 4768 sea
772 4712 964 4783 parvis
977 4711 1329 4779 custodiunt,
1353 4715 1457 4769 sed
1479 4713 1793 4786 aliquando
1818 4716 1876 4771 in
1898 4718 2175 4789 gravibus

530 4802 965 4873 demerguntur.
987 4804 1067 4857 Ad
1080 4802 1353 4859 monendi
1372 4808 1512 4859 sunt
1530 4805 1630 4877 qui
1649 4806 1914 4877 quamvis
1933 4808 1990 4862 in
2012 4808 2178 4864 mini-

531 4889 667 4957 mis,
687 4891 788 4944 sed
811 4895 1005 4947 tamen
1030 4893 1367 4965 frequenter
1395 4895 1701 4959 excedunt,
1727 4900 1789 4950 ut
1810 4911 2175 4968 nequaquam

530 4976 901 5035 considerent
931 4980 1146 5051 qualia,
1181 4982 1281 5038 sed
1328 4987 1547 5055 quanta
1587 4985 1977 5043 committunt.
2009 4985 2179 5045 Facta

610 5139 692 5209 (α)
708 5138 856 5194 Editi
867 5182 880 5218 ,
895 5139 997 5218 hac
1013 5158 1140 5210 ergo
1152 5145 1598 5218 Apraecipitatione
1610 5147 1751 5218 lapsi
1770 5166 1869 5217 per
1885 5150 2180 5206 consilium

540 5212 1131 5285 pereuntesdiﬂ'rrunt,
1148 5216 1203 5269 in
1224 5212 1437 5285 quibus
1458 5212 2064 5280 sensus'desitleratur.
2082 5224 2184 5279 Le-

541 5286 791 5363 gendum
817 5284 1010 5363 igitur:
1032 5295 1089 5338 ut
1117 5284 1532 5363 habeiitTrec..
1556 5290 1749 5357 Corb.,
1774 5294 2008 5358 Theod.,
2036 5296 2179 5363 Val.,

541 5352 651 5416 C|.,
703 5354 910 5429 Laud.,
959 5354 1130 5429 Nrurm
1162 5396 1177 5409 .
1231 5366 1339 5413 etc.
1375 5362 1479 5415 lloc
1525 5378 1675 5429 ergo.
1726 5352 1778 5417 id
1826 5371 1935 5426 est,
1988 5352 2045 5420 in
2086 5352 2183 5421 Imc

542 5428 978 5505 precipitutione
994 5428 1184 5497 lapsis,
1206 5428 1257 5482 id
1284 5440 1388 5505 est.
1410 5432 1477 5485 ab
1506 5428 1605 5487 his,
1623 5437 1721 5503 qui
1745 5451 1843 5503 per
1864 5442 2185 5505 praecipita-

542 5500 744 5554 tionem
758 5497 1048 5577 labuntur,
1077 5502 1517 5577 perfamiliam,
1537 5497 1644 5559 seu'
1672 5497 2181 5577 ex'deliberut'ione,

539 5573 829 5650 pereuntes
858 5569 1141 5650 cli/lerunt.
1182 5570 1305 5628 νει.
1341 5569 1726 5650 Μεεςὴξλὺεοι
1758 5578 1925 5635 labris
1970 5597 2069 5650 pro
2100 5569 2184 5636 la;

538 5641 746 5721 psian
770 5641 981 5700 Theod.
1007 5642 1237 5717 legitur,
1266 5661 1301 5702 a
1326 5647 1773 5719 precipitatione
1796 5641 1983 5725 lapsis:
2006 5651 2181 5727 Infra,

2286 4628 2515 4684 mulatae
2538 4626 2885 4682 sanctitatis.
2904 4625 3046 4681 Hinc
3068 4634 3154 4681 est
3174 4626 3325 4681 enim
3345 4628 3490 4697 quod
3518 4627 3835 4683 Pbarisasis
3862 4627 3963 4681 di-

2287 4718 2436 4773 citur
2468 4733 2482 4771 :
2514 4717 2816 4787 Liquantcs
2845 4716 3095 4785 culicem,
3124 4716 3391 4772 camelum
3424 4720 3606 4772 autem
3635 4718 3965 4787 glutientes

2289 4806 2495 4880 (Matth.
2538 4822 2697 4873 xxiii,
2734 4805 2847 4877 24).
2889 4807 2968 4860 Ac
3000 4805 3048 4860 si
3097 4814 3293 4875 aperte
3323 4806 3614 4861 diceretur
3644 4823 3657 4861 :
3693 4806 3969 4863 Minima

2291 4895 2444 4952 mala
2476 4894 2829 4959 discernitis,
2864 4895 3084 4965 majora
3123 4895 3435 4952 devoratis.
3475 4895 3623 4951 Hinc
3650 4901 3741 4953 est
3778 4896 3968 4968 quod

2289 5000 2517 5041 rursum
2540 5001 2637 5040 ore
2658 4984 2932 5039 Veritatis
2955 4986 3348 5056 increpantur,
3372 5002 3505 5042 cum
3528 4986 3781 5043 audiunt
3809 5004 3825 5041 :
3853 4988 3976 5043 De-

2290 5145 2529 5218 peccatis
2559 5147 2689 5201 aliis
2716 5146 2980 5217 differunt
3009 5152 3255 5214 peccata.

2362 5222 2440 5295 (li)
2489 5218 2568 5273 ita
2616 5218 2823 5273 melius
2864 5218 3001 5274 Mss.
3056 5236 3232 5291 quam
3286 5219 3515 5289 Excusi,
3550 5221 3641 5277 ubi
3692 5220 3972 5295 legitur,

2285 5292 2561 5363 princrpes
2576 5299 2724 5344 sunt.

2360 5363 2431 5433 (c)
2464 5363 2651 5425 Trec.,
2686 5360 2775 5415 cui
2808 5363 3179 5419 consentiunt
3202 5363 3353 5420 Editi
3384 5365 3757 5436 recentiores,
3783 5366 3984 5423 devo-

2293 5443 2466 5488 ratur.
2503 5450 2605 5491 με..
2634 5449 2746 5488 cor.

2364 5508 2434 5575 (Δ)
2464 5505 2638 5560 Curru
2652 5511 2741 5572 pte
2763 5504 2820 5561 in
2844 5504 3039 5574 Guss.,
3061 5508 3355 5563 custodiam
3380 5525 3537 5565 suam
3569 5509 3844 5567 viribus..

2363 5581 2447 5657 (ei
2465 5580 2603 5657 Tres
2630 5577 2853 5657 (iamet.
2877 5585 2934 5636 et
2953 5580 3077 5657 duo
3106 5586 3326 5657 poster.
3345 5581 3603 5657 Carnot_.,
3634 5582 3775 5657 iniq.
3807 5583 3984 5642 sint.

2292 5648 2527 5723 Legitur
2547 5650 2620 5709 sit
2649 5648 2710 5709 in
2726 5650 2891 5709 Trec.
2913 5656 2970 5709 et
2997 5650 3059 5708 in
3088 5648 3190 5724 aL,
3207 5651 3429 5726 optimo
3461 5653 3701 5727 quidem
3729 5648 3983 5716 Ben-ci.
