4136 6178
302 345 401 406 117

1044 350 1391 413 REGULAZ
1435 353 1924 417 PASTORALIS
1969 346 2225 419 LIBER.
2274 390 2350 402 --
2397 358 2594 417 PARS
2637 356 2951 418 TERTIA.

3585 361 3702 421 118

293 486 1649 561 rimatismentitam,etanethum,etcyminum;et
1671 492 1939 566 reiinqui—
1967 495 2023 561 Α
2050 494 2189 549 sicut
2222 511 2309 551 vos
2337 495 2527 551 scitis:
2562 494 2709 550 hunc
2745 491 2967 563 deﬁnito
2997 492 3225 549 consitio
3265 497 3317 549 et
3344 494 3701 564 praescientia

299 578 363 630 tis
377 577 763 645 quaegmviora
783 581 912 630 sunt
926 578 1082 647 tegis.
1096 578 1391 649 judicium,
1410 589 1464 636 et
1481 584 1937 653 miscricordiam,

2052 586 2155 640 Dei
2183 584 2468 652 traditum,
2498 601 2597 651 per
2616 599 2812 638 manus
2844 584 3157 653 iniquorum
3183 582 3255 653 (ἀ)
3278 584 3563 653 afﬁgentes
3595 586 3697 639 in-

300 670 347 719 et
384 665 560 732 ﬁdem.
601 664 801 735 Neque
842 666 995 722 enim
1040 669 1401 740 negligenter
1446 672 1799 726 audiendum
1850 678 1941 727 est
2049 676 2360 741 teremistis,
2393 690 2549 746 quem
2583 675 2719 727 Deus
2748 674 3032 727 suscitavit
3069 672 3261 726 solutis
3297 672 3574 728 doloribus
3607 676 3694 729 in-

296 754 445 823 quod
460 771 588 807 cum
607 754 885 809 decimari
913 754 1155 811 minima
1170 758 1411 822 diceret,
1426 766 1680 816 extrema
1703 762 1937 831 quidem

293 843 357 898 de
384 843 642 898 oleribus
677 844 903 908 maluit,
937 846 1036 899 sed
1072 852 1265 902 tamen
1292 848 1436 903 bene
1467 848 1684 905 olentia
1708 867 1937 906 memo-

292 948 438 997 rare;
477 938 542 986 ut
576 933 835 1003 profecto
867 935 1201 990 ostenderet
1230 937 1370 1007 quia
1401 937 1773 994 simulatores
1804 956 1936 994 cum

288 1038 455 1093 parva
477 1022 1091 1085 custodiunt,odorem
1116 1024 1190 1093 (a)
1214 1025 1285 1080 de
1306 1042 1367 1081 se
1398 1028 1707 1082 extendere
1729 1034 1936 1083 sanctae

287 1109 578 1181 opinionis
627 1116 929 1181 quierunt;
982 1116 1039 1167 et
1078 1115 1342 1183 quamvis
1391 1114 1634 1186 implere
1684 1117 1938 1172 maxima

285 1199 761 1270 pretermittant,
808 1216 876 1255 ea
915 1206 1111 1257 tamen
1149 1202 1397 1259 minima
1431 1204 1760 1275 observant,
1813 1223 1936 1277 qua:

283 1287 544 1345 humano
569 1289 795 1360 judicio
818 1290 986 1361 longe
1012 1288 1238 1360 lateque
1262 1292 1580 1350 redoleant.

664 1397 899 1454 CAPUT
937 1398 1168 1454 XXXIV
1209 1399 1321 1471 [Αι.
1355 1402 1557 1472 LVIII].

282 1488 579 1559 Quomodo
611 1487 951 1563 admonendi
970 1490 1068 1558 qui
1088 1493 1228 1563 bona
1250 1506 1347 1563 nec
1370 1490 1635 1547 inchoant
1656 1500 1706 1548 et
1728 1494 1823 1563 qui
1842 1493 1932 1548 in-

775 1559 971 1613 dicata
1001 1576 1108 1615 non
1140 1561 1450 1617 absolvunt.

345 1648 692 1721 (Admonitio
722 1649 835 1718 35.)
866 1648 1047 1703 Aliter
1084 1649 1439 1706 admonendi
1472 1656 1611 1707 sunt
1648 1653 1747 1724 qui
1780 1653 1933 1709 bona

281 1754 383 1794 nec
412 1738 717 1800 inchoant,
739 1737 842 1792 98
866 1742 1040 1808 atque
1062 1737 1229 1793 aliter
1256 1740 1355 1810 qui
1388 1739 1655 1796 inchoata
1689 1742 1930 1798 minime

2045 764 2195 834 terni
2217 765 2353 835 (Act.
2382 780 2441 831 ιι,
2466 764 2686 832 23-24)ε
2714 768 2777 817 ut
2797 762 3065 817 videlicet
3086 760 3446 817 crudelitatis
3466 780 3582 818 sua:
3605 780 3696 821 co-

2047 856 2307 927 gnitione
2327 852 2628 916 destructi,
2647 851 3090 907 aedificationem
3110 857 3322 906 sanctis
3343 852 3693 923 pradicatio-

2048 943 2140 997 nis
2163 948 2377 1014 quanto
2399 942 2566 997 anxie
2588 945 2935 1011 quaererent,
2958 944 3123 995 tanto
3146 940 3365 996 utiliter
3393 940 3687 995 audirent.

2048 1031 2209 1087 Unde
2226 1037 2281 1086 et
2304 1032 2456 1086 illico
2474 1030 2813 1101 respondet:
2841 1029 2982 1097 Quid
3002 1044 3126 1099 ergo
3145 1028 3433 1099 facimus,
3452 1028 3563 1084 viri
3575 1034 3691 1098 [ra-

2048 1125 2156 1175 tres
2171 1120 2199 1174 ‘t
2220 1120 2443 1184 Quibus
2467 1135 2597 1173 mox
2618 1118 2863 1172 dicitur:
2898 1117 3048 1186 Agite
3066 1118 3463 1187 paenitentiam,
3484 1124 3535 1172 et
3556 1120 3690 1188 bap-

2048 1208 2251 1265 tizetur
2270 1210 2650 1278 unusquisque
2671 1205 3109 1277 vestrum(1bid.,
3143 1206 3231 1273 37,
3256 1205 3370 1273 38).
3394 1206 3531 1271 Quae
3558 1205 3693 1262 adi-

2046 1298 2334 1355 ﬁcationis
2356 1299 2527 1355 verba
2540 1296 2795 1368 profecto
2818 1301 3273 1364 contemnerent,
3290 1294 3399 1350 nisi
3417 1294 3579 1366 prius
3597 1311 3694 1350 sa-

2042 1389 2101 1444 lu
2114 1390 2288 1444 briter
2313 1388 2540 1443 ruinam
2564 1404 2684 1442 sua:
2708 1384 3122 1442 destructionis
3144 1384 3525 1440 invenissent.
3549 1384 3692 1439 Hinc

2043 1482 2128 1532 est
2158 1477 2309 1547 quod
2344 1474 2547 1531 Saulus
2570 1491 2699 1529 cum
2739 1490 2914 1545 super
2933 1490 3065 1529 eum
3099 1473 3329 1528 caelitus
3358 1471 3455 1527 lux
3482 1471 3694 1526 emissa

2044 1566 2422 1636 resplenduit,
2456 1581 2568 1619 non
2589 1564 2713 1634 jam
2746 1564 2887 1635 quid
2914 1567 3064 1617 recte
3087 1563 3323 1618 deberet
3350 1562 3557 1625 facere,
3590 1560 3688 1615 sed

2041 1656 2180 1726 quid
2215 1671 2384 1723 prave
2417 1654 2668 1717 fecisset,
2692 1652 2934 1707 audivit.
2959 1655 3103 1706 Nam
3128 1667 3262 1707 cum
3292 1655 3588 1721 prostatus
3610 1665 3691 1705 re-

2040 1746 2315 1817 quireret,
2336 1743 2564 1799 dicens:
2593 1741 2721 1809 Quis
2743 1758 2821 1805 es,
2841 1742 3070 1797 Domine
3087 1739 3114 1794 ‘t
3138 1739 3541 1812 Respondetur
3564 1753 3692 1809 pro-

280 1836 714 1883 consummanl.
736 1826 843 1890 Qui
868 1826 1021 1881 enim
1047 1826 1198 1881 bona
1217 1844 1318 1883 nec
1338 1828 1639 1896 inchoant,
1660 1847 1770 1885 non
1791 1836 1929 1885 sunt
1959 1864 2007 1930 Β
2042 1835 2228 1889 tinus:
2258 1835 2364 1903 Ego
2384 1849 2502 1886 sum
2524 1833 2675 1887 Jesus
2696 1833 3047 1897 Nazarenus,
3066 1846 3228 1900 quem
3253 1839 3313 1885 tu
3341 1828 3688 1899 persequeris

282 1920 366 1973 eis
390 1917 548 1989 prius
572 1916 915 1971 a-diﬁcanda
939 1933 1065 1988 quas
1089 1917 1404 1973 salubriter
1425 1919 1691 1990 diligant,
1715 1920 1815 1974 sed
1839 1922 1931 1975 de-

279 2007 560 2062 struenda
590 2022 662 2062 ea
690 2006 748 2061 in
786 2006 1001 2078 quibus
1022 2006 1357 2078 semetipsos
1380 2009 1647 2079 nequiter
1676 2020 1929 2065 versant.

274 2096 471 2168 Neque
502 2096 665 2151 enim
689 2101 1024 2166 sequuntur
1044 2112 1167 2166 qua:
1200 2094 1499 2167 inexperta
1521 2099 1788 2165 audiunt,
1816 2099 1929 2154 nisi

270 2187 430 2255 prius
446 2202 629 2257 quam
654 2184 981 2255 perniciosa
1002 2186 1119 2240 sint
1141 2201 1207 2242 ea
1230 2203 1352 2255 quae
1378 2186 1487 2242 sibi
1514 2196 1649 2243 sunt
1672 2193 1928 2257 experta,

269 2274 737 2344 deprehendant.
757 2274 897 2345 quia
920 2289 1023 2330 nec
1044 2273 1221 2329 levari
1246 2275 1488 2345 appetit,
1511 2275 1609 2347 qui
1634 2276 1819 2332 ethoc
1843 2276 1928 2346 ip-

267 2382 392 2419 sum
415 2363 561 2435 quia
582 2362 793 2418 cecidit
814 2362 1031 2431 nescit;
1056 2369 1113 2418 et
1134 2362 1235 2435 qui
1255 2364 1509 2420 dolorem
1536 2365 1794 2421 vulneris
1814 2382 1929 2420 non

268 2454 463 2518 sentit,
480 2453 696 2508 salutis
719 2452 972 2508 remedia
997 2469 1106 2508 non
1124 2451 1570 2524 requirit.Prius
1589 2470 1726 2527 ergo
1744 2460 1930 2510 osten-

270 2542 463 2597 denda
494 2547 662 2607 sunt,
690 2557 867 2612 quam
903 2540 1025 2596 sint
1056 2557 1204 2596 vana
1234 2558 1358 2612 qua
1398 2541 1673 2613 diligunt,
1705 2547 1763 2597 et
1792 2548 1927 2598 tunc

271 2633 516 2688 demum
551 2630 861 2699 vigilanter
888 2628 1219 2686 intimanda
1241 2647 1413 2700 quam
1446 2632 1569 2687 sint
1600 2630 1767 2687 utilia
1798 2649 1926 2704 quae

268 2719 937 2793 pratermittuntfrius
957 2718 1185 2775 videant
1204 2719 1476 2791 fugienda
1492 2736 1620 2791 qua:
1638 2727 1855 2787 amant,
1869 2725 1928 2776 et

268 2812 397 2867 sine
428 2808 779 2865 dilﬁcultate
813 2810 1179 2879 postmodum
1204 2809 1279 2881 (ὁ)
1304 2820 1653 2881 cognoscant
1675 2813 1928 2881 amanda

265 2917 543 2971 esseque
560 2900 814 2972 fugiunt.
834 2897 1043 2953 Melius
1062 2899 1217 2953 enim
1235 2899 1535 2970 inexperta
1549 2900 1859 2970 recipiunt,
1876 2900 1926 2955 si

262 2991 332 3045 de
354 2989 618 3061 expertis
643 2989 922 3059 quidquid
940 2987 1634 3059 disputationisaudiunt,
1650 2991 1926 3046 veraciter

262 3084 657 3150 cognoscunt.
679 3077 841 3132 Tunc
865 3077 1044 3149 igitur
1068 3076 1233 3147 pleno
1257 3082 1387 3133 voto
1411 3077 1643 3134 discunt
1663 3095 1796 3133 vera
1821 3080 1921 3135 bo-

263 3186 341 3225 na
364 3183 648 3237 quaerere,
673 3183 809 3221 cum
834 3174 985 3221 certo
1003 3166 1222 3235 judicio
1254 3166 1745 3238 deprehenderint
1779 3168 1923 3223 falsa

263 3275 330 3314 se
349 3274 530 3313 vacue
548 3255 827 3312 tenuisse.
848 3258 1100 3310 Audiant
1115 3271 1252 3328 ergo
1273 3256 1425 3327 quod
1451 3258 1595 3311 bona
1618 3258 1926 3327 praesentia

262 3354 319 3401 et
340 3364 376 3402 a
398 3347 792 3401 delectatione
813 3343 983 3399 citius
1005 3346 1319 3400 transitura
1352 3351 1511 3414 sunt,
1536 3351 1592 3400 et
1613 3353 1807 3401 tamen
1831 3363 1929 3401 eo-

263 3454 396 3492 rum
432 3453 616 3492 causa
644 3434 714 3489 ad
751 3434 1034 3489 ultionem
1068 3434 1194 3489 sine
1227 3435 1470 3489 transitu
1509 3451 1923 3505 permansura;

261 3527 408 3598 quia
427 3532 485 3581 et
520 3541 680 3580 nunc
712 3524 862 3595 quod
897 3522 1036 3577 libet
1068 3522 1265 3578 invitis
1296 3522 1683 3592 subtrahitur,
1703 3530 1758 3580 et
1790 3533 1927 3581 tunc

260 3620 419 3689 quod
436 3618 597 3670 dolet
612 3613 812 3669 invitis
827 3612 883 3667 in
899 3612 1252 3683 supplicium
1272 3619 1617 3669 reservatur.
1638 3614 1837 3685 Itaque
1850 3614 1927 3669 ei-

260 3706 431 3759 edem
458 3704 642 3759 rebus
665 3705 992 3757 terreantur
1022 3699 1355 3769 salubriter,
1381 3700 1594 3772 quibus
1627 3704 1793 3756 noxie
1824 3702 1926 3757 de-

256 3792 585 3860 lectantur;
605 3792 812 3847 utdum
827 3790 1087 3863 perculsa
1099 3791 1382 3846 mensalta
1394 3791 1575 3845 ruinas
1589 3808 1705 3846 suae
1719 3792 1927 3849 damna

258 3884 664 3957 conspiciens,
699 3898 827 3937 sese
855 3882 926 3952 (c)
960 3882 1018 3935 in
1054 3880 1433 3951 praecipitium
1470 3882 1790 3950 pervenisse
1822 3884 1922 3939 de-

257 3973 604 4046 prehendit,
628 3987 889 4044 gressum
924 3976 1049 4038 post
1082 3980 1237 4043 terga
1268 3977 1515 4036 revocet,
1539 3975 1596 4025 et
1620 3972 1921 4041 pertimes-

256 4081 402 4119 cens
426 4080 559 4135 quae
573 4065 887 4130 amaverat,
904 4058 1338 4129 discatdiligere
1352 4076 1477 4130 quae
1492 4067 1715 4115 contem
1728 4061 1916 4119 nebat.

331 4153 487 4209 Ilinc
507 4156 599 4207 est
618 4150 773 4206 enim
799 4150 948 4221 quod
974 4148 1243 4205 Jeremite
1267 4148 1440 4203 misso
1463 4147 1534 4204 ad
1558 4150 1916 4221 predicatio-

254 4259 391 4299 nem
434 4241 662 4297 dicitur
690 4257 704 4296 :
744 4244 876 4296 Ecce
907 4240 1175 4295 constitui
1204 4244 1253 4293 te
1282 4237 1439 4294 hodie
1466 4254 1631 4310 super
1653 4244 1839 4310 gentes
1867 4243 1919 4295 et

255 4350 427 4403 super
448 4348 652 4405 regna,
676 4335 733 4385 ut
758 4330 958 4386 evellas
978 4334 1027 4385 et
1057 4329 1327 4396 destruas,
1349 4333 1399 4383 et
1427 4328 1716 4400 disperdas
1734 4339 1783 4385 et
1803 4331 1916 4386 dis-

258 4422 427 4494 sipes,
452 4429 504 4479 et
524 4420 760 4489 aediﬁces
781 4424 834 4475 et
853 4420 1074 4491 plantes
1095 4418 1223 4491 (Jer.
1250 4435 1286 4486 ι,
1312 4418 1420 4490 10).
1448 4419 1595 4485 Quia
1616 4419 1729 4475 nisi
1753 4421 1915 4492 prius

259 4529 539 4584 perversa
560 4511 904 4577 destrueret,
927 4508 1212 4565 aedificare
1235 4508 1455 4563 utiliter
1476 4514 1626 4564 recta
1649 4526 1763 4565 non
1789 4526 1915 4581 pos-

2038 1926 2179 1991 {Act.
2209 1939 2285 1991 ix,
2318 1921 2373 1985 4,
2404 1936 2515 1991 seq.
2536 1963 2549 1989 ,
2580 1936 2716 1983 xxii,
2749 1928 2801 1986 8,
2833 1920 2991 1991 seq.).
3027 1922 3093 1972 Et
3122 1934 3255 1973 cum
3288 1927 3519 1988 repente
3548 1915 3687 1971 sub-

2029 2014 2344 2085 jungeret:
2380 2010 2630 2075 Domine,
2662 2010 2733 2081 (e)
2765 2009 2902 2081 quid
2941 2025 3027 2065 me
3047 2009 3207 2081 jubes
3234 2010 3422 2078 facere
3452 2008 3635 2079 (Ibid).
3658 2005 3686 2060 ?

2040 2102 2197 2159 Illico
2227 2104 2295 2158 ad
2302 2101 2597 2172 jungitur:
2631 2101 2701 2170 (τ’)
2732 2099 2971 2171 Surgens
3002 2098 3291 2168 ingredere
3318 2098 3613 2165 civitatem,
3634 2103 3688 2154 et

2036 2193 2118 2249 ibi
2146 2192 2361 2247 dicetur
2382 2190 2484 2247 tibi
2503 2189 2640 2261 quid
2662 2194 2711 2246 te
2730 2196 2987 2259 oporteat
3004 2192 3193 2257 facere
3216 2186 3427 2257 (tbid.).
3453 2186 3593 2242 Ecce
3615 2185 3687 2244 de

2036 2282 2178 2338 coelo
2212 2279 2494 2337 Dominus
2524 2279 2766 2347 loquens
2791 2276 3179 2349 persecutoris
3208 2274 3297 2330 sui
3330 2276 3478 2330 facta
3506 2274 3685 2330 corri-

2037 2373 2185 2444 puit,
2212 2387 2313 2426 nec
2350 2376 2544 2425 tamen
2576 2366 2729 2424 illico
2752 2384 2879 2440 quis
2902 2374 3094 2422 essent
3119 2365 3386 2421 facienda
3406 2368 3689 2419 monstra-

2036 2465 2133 2515 vit.
2158 2460 2300 2515 Ecce
2317 2458 2592 2515 elationis
2616 2458 2743 2529 eius
2764 2456 2981 2512 fabrica
2995 2456 3118 2526 jam
3144 2460 3265 2511 tota
3286 2458 3605 2521 corruerat,
3628 2456 3687 2508 et

2034 2550 2138 2605 94
2164 2557 2286 2620 post
2310 2549 2537 2605 ruinam
2564 2564 2727 2603 suam
2756 2544 2996 2601 humilis
3016 2543 3291 2599 aedificari
3316 2542 3684 2613 requirebat;

2034 2647 2092 2697 et
2137 2655 2269 2695 cum
2320 2638 2593 2710 superbia
2641 2635 2983 2702 destruitur,
3037 2631 3438 2689 aedificationis
3484 2637 3685 2687 tamen

2034 2728 2207 2785 verba
2240 2728 2599 2792 retinentur;
2636 2728 2700 2779 ut
2728 2722 2995 2779 videlicet
3034 2731 3366 2794 persecutor
3401 2719 3681 2776 immanis

2035 2818 2133 2873 diu
2157 2815 2739 2886 destructusjaceret,
2763 2818 2819 2868 et
2840 2818 3001 2867 tanto
3038 2818 3164 2881 post
3192 2810 3248 2865 in
3274 2808 3411 2865 boni
3435 2808 3678 2865 solidius

2033 2912 2319 2980 surgeret,
2353 2910 2568 2978 quanto
2611 2904 2771 2975 prius
2802 2902 3067 2957 funditus
3098 2916 3332 2956 eversus
3362 2917 3392 2952 a
3426 2897 3674 2970 pristino

2034 3013 2223 3054 errore
2255 2996 2580 3051 cecidisset.
2613 2993 2720 3058 Qui
2751 3008 2887 3063 ergo
2920 2989 3077 3045 nulla
3107 2988 3296 3044 adhuc
3325 3003 3492 3058 agere
3524 2987 3671 3043 bona

2033 3090 2353 3158 coeperunt,
2376 3101 2409 3139 a
2440 3083 2729 3155 rigiditate
2749 3087 2917 3135 antea
2948 3096 3068 3135 suae
3100 3077 3422 3149 pravitatis,
3448 3093 3679 3134 correc—

2036 3175 2211 3230 tionis
2240 3190 2415 3229 manu
2451 3169 2741 3226 evertendi
2767 3174 2924 3236 sunt,
2960 3172 3022 3222 ut
3058 3167 3131 3221 ad
3163 3171 3380 3221 statum
3416 3172 3678 3238 postmo-

2038 3264 2178 3319 dum
2220 3270 2385 3318 rectte
2427 3258 2780 3332 operationis
2819 3258 3138 3328 erigantur,
3185 3255 3318 3324 quia
3361 3260 3417 3309 et
3461 3254 3678 3309 idcirco

2036 3354 2215 3410 altum
2251 3351 2408 3407 silvae
2440 3350 2662 3421 lignum
2696 3344 3078 3410 succidimus,
3113 3348 3177 3398 ut
3206 3342 3315 3399 hoc
3349 3342 3408 3397 in
3451 3342 3682 3397 aedificii

2035 3442 2289 3509 tegmine
2320 3441 2688 3497 sublevemus
2714 3456 2729 3505 ;
2766 3435 2869 3492 sed
2900 3442 3095 3490 tamen
3128 3449 3243 3488 non
3268 3438 3499 3502 repente
3522 3433 3581 3487 in
3609 3431 3690 3487 fa-

2034 3533 2195 3589 brica
2228 3532 2482 3601 ponitur,
2518 3534 2581 3583 ut
2622 3526 2901 3582 nimirum
2945 3524 3105 3594 prius
3132 3522 3343 3578 vitiosa
3373 3521 3499 3592 ejus
3538 3519 3683 3575 viri-

2033 3623 2184 3678 ditas
2214 3620 2560 3685 exsiccetur,
2592 3618 2766 3687 cujus
2798 3630 2912 3686 quo
2946 3614 3078 3685 plus
3123 3612 3181 3668 in
3215 3610 3438 3668 infimis
3478 3609 3689 3666 humor

2032 3713 2405 3782 excoquitur,
2438 3724 2504 3763 eo
2534 3707 2603 3761 ad
2636 3721 2873 3761 summa
2902 3702 3148 3759 solidius
3177 3700 3421 3759 levatur.

2102 3802 2171 3856 At
2194 3804 2395 3854 contra
2413 3793 2758 3851 admonendi
2776 3798 2913 3848 sunt
2933 3792 3033 3862 qui
3051 3790 3317 3845 inchoata
3340 3790 3492 3844 bona
3512 3788 3682 3845 mini-

2033 3905 2124 3945 me
2145 3890 2579 3950 consummant,
2601 3888 2664 3940 ut
2680 3889 2843 3939 cauta
2867 3878 3385 3950 circumspectione
3406 3877 3675 3934 conside-

2030 3986 2161 4037 rent
2190 3979 2328 4051 quia
2350 3979 2487 4031 dum
2522 3974 2813 4047 proposita
2837 3988 2953 4028 non
2986 3970 3314 4043 perﬁciunt,
3337 3969 3513 4025 etiam
3545 3983 3671 4042 qua

2028 4071 2258 4127 fuerant
2284 4071 2474 4135 coepta
2502 4063 2855 4121 convellunt.
2877 4062 2937 4117 Si
2970 4062 3124 4117 enim
3150 4060 3302 4132 quod
3326 4059 3549 4115 videtur
3569 4074 3669 4130 ge-

2030 4160 2275 4215 rendum
2304 4156 2555 4213 sollicita
2578 4152 2900 4209 intentione
2924 4167 3039 4207 non
3065 4148 3294 4219 crescit,
3318 4148 3494 4205 etiam
3516 4148 3673 4220 quod

2029 4249 2215 4305 fuerat
2241 4248 2386 4302 bene
2408 4251 2630 4317 gestum
2656 4240 2953 4297 decrescit.
2976 4242 3040 4296 In
3074 4238 3183 4295 hoc
3204 4238 3421 4311 quippe
3454 4238 3670 4293 mundo

2027 4338 2298 4393 humana
2328 4335 2525 4390 anima
2556 4331 2725 4405 quasi
2758 4347 2918 4387 more
2949 4330 3115 4386 navis
3145 4333 3235 4384 est
3261 4333 3465 4384 contra
3492 4326 3674 4383 ictum

2028 4425 2289 4482 fluminis
2311 4424 2383 4496 (g)
2406 4420 2851 4480 conscendentis
2875 4436 2890 4476 :
2924 4435 3041 4475 uno
3064 4418 3123 4474 in
3145 4416 3269 4474 loco
3302 4430 3672 4488 nequaquam

2028 4523 2182 4574 stare
2198 4514 2578 4589 permittitur,
2592 4512 2732 4585 quia
2744 4512 2813 4567 ad
2827 4510 2948 4566 ima
2965 4507 3264 4575 relabitur,
3278 4505 3394 4562 nisi
3418 4508 3486 4561 ad
3502 4520 3669 4563 sum-

260 4610 383 4670 set;
410 4604 525 4659 nisi
552 4603 627 4657 ab
649 4602 982 4657 auditorum
1005 4615 1245 4656 suorum
1271 4599 1543 4657 cordibus
1565 4600 1764 4672 spinas
1786 4600 1913 4656 vani

2037 4624 2122 4663 :na
2144 4586 2405 4663 conetur.
2439 4602 2501 4660 Si
2524 4617 2661 4674 ergo
2694 4600 2967 4657 incohata
2996 4598 3146 4653 bona
3175 4595 3343 4652 fortis
3372 4593 3666 4665 operantis

262 4694 487 4748 amoris
506 4690 799 4755 evelleret,
818 4688 1096 4745 nimirum
1120 4688 1333 4744 frustra
1350 4688 1409 4745 in
1429 4689 1514 4745 eis
1534 4696 1751 4746 sanctis
1774 4707 1913 4759 prte-

262 4781 580 4837 dicationis
622 4780 799 4836 verba
837 4776 1143 4851 plantaret.
1186 4776 1328 4833 Hinc
1369 4783 1455 4833 est
1501 4778 1654 4851 quod
1708 4782 1910 4834 Petrus

259 4876 432 4943 prius
460 4870 687 4937 evertit,
712 4875 776 4925 ut
808 4868 1177 4939 postmodum
1202 4871 1519 4936 construct,
1545 4884 1677 4922 cum
1701 4883 1913 4939 nequa-

260 4976 445 5032 quam
467 4960 701 5015 Judaeos
724 4958 997 5014 monebat
1015 4957 1151 5027 quid
1168 4956 1290 5027 jam
1316 4956 1589 5021 facerent,
1609 4955 1708 5011 sed
1729 4957 1800 5012 de
1824 4958 1911 5012 his

259 5067 394 5122 que
430 5050 706 5113 fecerant,
730 5046 1069 5118 increpabat
1089 5046 1320 5102 dicens:
1342 5047 1527 5102 Iesum
1557 5047 1907 5102 Nazarenam

258 5144 452 5195 virum
482 5137 844 5207 approbatum
866 5154 900 5191 a
935 5142 1040 5192 Deo
1068 5137 1132 5191 in
1154 5136 1320 5200 vobis,
1346 5136 1641 5191 virtutibus
1661 5141 1707 5192 et
1729 5137 1909 5207 prodi-

256 5234 366 5301 giis
390 5237 444 5285 et
465 5229 643 5299 signis
662 5240 793 5297 qua
813 5241 912 5298 per
942 5226 1103 5281 illum
1123 5226 1249 5295 fecit
1272 5226 1412 5281 Deus
1433 5227 1491 5281 in
1523 5225 1699 5281 medio
1720 5226 1907 5292 vestri,

337 5414 418 5485 (a)
446 5408 705 5485 vulgati,
728 5407 793 5485 de
812 5424 869 5464 se
892 5409 1199 5485 ostendere.
1224 5408 1391 5464 Stant
1408 5416 1606 5465 contra
1626 5407 1765 5464 Mss.
1787 5424 1910 5465 om-

264 5480 645 5553 nes,'quibus
676 5480 1075 5536 inhaerendum
1108 5496 1433 5539 censemus.

333 5556 415 5623 (ὸ)
444 5556 616 5610 Caro.
650 5553 965 5623 secundus.
996 5557 1340 5619 cognoscent.

333 5622 413 5697 (e)
443 5623 849 5698 Trec.,_Belv.,
880 5622 1122 5698 Theod.,
1145 5631 1204 5682 et
1226 5625 1448 5698 primus
1481 5625 1675 5695 Carm,
1708 5639 1821 5681 sese
1850 5624 1912 5680 in

258 5695 572 5776 pra'cipiti.
604 5695 742 5765 Alii,
765 5697 1110 5771 precipitio.

2025 4712 2236 4751 manus
2258 4693 2332 4749 ad
2353 4691 2759 4764 perfectionem
2783 4704 2899 4745 non
2930 4686 3207 4754 sublevat,
3228 4684 3359 4757 ipsa
3386 4680 3666 4754 operandi

2022 4783 2287 4841 remissio
2301 4786 2503 4839 contra
2518 4782 2621 4836 hoc
2636 4778 2789 4852 quod
2804 4785 3104 4848 cperalum
3127 4777 3236 4842 est,
3262 4775 3498 4845 pugnat.
3513 4771 3660 4828 Hinc

2022 4872 2276 4931 estenim
2297 4870 2454 4944 quod
2475 4887 2571 4941 per
2588 4868 2957 4925 Salomonem
2980 4863 3219 4919 dicitur:
3245 4862 3378 4927 Quis
3404 4860 3589 4918 multis
3607 4869 3661 4917 et

2020 4963 2315 5019 dissolutus
2336 4962 2485 5017 estin
2503 4974 2661 5031 opere
2679 4972 2797 5024 suo,
2810 4958 2984 5025 frater
2994 4956 3076 5009 est
3095 4968 3190 5008 sua
3202 4968 3369 5025 opera
3383 4950 3658 5023 dissipan-

2022 5054 2094 5108 tis
2132 5052 2314 5125 (Prov.
2354 5065 2515 5113 xviii,
2556 5048 2631 5118 9).
2672 5045 2817 5111 Quia
2854 5042 3121 5101 videlicet
3159 5045 3259 5114 qui
3290 5046 3480 5113 ccepta
3508 5041 3660 5096 bona

2022 5143 2283 5198 districts
2314 5157 2428 5195 non
2472 5138 2831 5207 exsequitur,
2874 5131 3258 5189 dissolutione
3297 5128 3663 5203 negligentia

2026 5248 2265 5289 manum
2280 5226 2923 5286 destruentisimitatur.
2942 5223 3086 5279 Hinc
3100 5221 3304 5280 Sardis
3320 5218 3666 5277 Ecclesiieah

2095 5412 2171 5483 (ά)
2202 5413 2396 5483 Guss.,
2420 5408 2725 5483 mendose,
2757 5408 3079 5483 a/ﬂigentes.

2097 5475 2174 5555 (e)
2205 5475 2430 5555 Vulgati
2465 5475 2717 5547 recent.,
2745 5475 2886 5551 quid
2913 5496 2999 5536 me
3027 5480 3107 5536 vis
3133 5475 3363 5551 facere?

2118 5552 2165 5634 ν)
2196 5552 2439 5634 Excusi,
2455 5568 2623 5634 surge
2659 5562 2716 5634 ρέ
2742 5559 2889 5634 inpr.

2115 5614 2170 5699 if)
2201 5614 2657 5699 Corrup'tissi'me
2678 5614 2833 5699 Editi
2861 5628 2996 5699 ante
3017 5624 3208 5699 Guss.,
3228 5614 3669 5699 condemnatiqu-

2023 5687 2543 5756 tislvﬁmenda'ntur
2560 5699 2678 5751 tam
2700 5711 2769 5751 ex
2791 5697 2927 5752 Mss.
2945 5697 3114 5771 Augl.
3133 5687 3309 5767 quam
3333 5707 3401 5746 ex
3422 5687 3667 5749 nostris.
