4136 6178
468 319 588 382 119

1671 315 1951 379 SANGTI
1994 316 2371 378 GREGORII
2418 315 2660 378 MAGNI

3744 310 3845 372 120

465 449 674 524 angelo
697 449 910 508 dicitur
929 467 942 506 :
965 452 1096 507 Esto
1114 449 1372 520 vigilans,
1395 456 1446 506 et
1461 447 1734 518 conﬁrma
1754 455 1963 506 caetera
1984 462 2110 519 quae
2141 452 2193 517 Α
2228 449 2364 504 bata
2381 448 2649 520 speciosa
2661 445 2935 514 exterius,
2951 445 3048 502 sed
3065 446 3427 501 mortuorum
3451 441 3682 498 ossibus
3695 439 3844 512 plena

464 540 744 598 moritura
773 549 951 608 erant,
976 556 1083 597 non
1116 541 1264 596 enim
1286 538 1363 610 (a)
1395 536 1614 594 invenio
1644 553 1805 610 opera
1834 542 1930 594 tua
1946 537 2112 608 plena

465 647 648 689 coram
671 635 778 690 Deo
801 648 918 689 meo
939 633 1118 704 (Apoc.
1147 647 1227 700 ιιι,
1251 631 1328 700 2).
1352 629 1498 694 Quia
1519 629 1696 702 igitur
1725 629 1894 702 plena
1915 645 2110 684 coram

468 722 585 780 Deo
615 725 744 795 ejus
774 739 945 794 opera
975 722 1211 778 inventa
1241 737 1356 776 non
1391 721 1640 787 fuerant,
1674 719 1954 776 moritura
1985 718 2112 775 reli-

467 829 585 885 qua
601 813 774 869 etiam
801 829 927 884 quae
951 815 1118 867 erant
1140 814 1304 882 gesta
1323 809 1690 882 praedicebat.
1707 809 1765 866 Si
1783 809 1940 866 enim
1959 808 2110 880 quod

467 905 762 958 mortuum
784 900 843 956 in
879 899 1046 956 nobis
1067 904 1153 956 est
1175 900 1244 954 ad
1271 899 1448 954 vitam
1473 915 1590 954 non
1618 899 1978 964 accenditur,
2002 896 2112 953 hoc

465 990 640 1046 etiam
656 988 1063 1060 exstinguitur,
1079 988 1233 1060 quod
1249 988 1414 1060 quasi
1439 987 1630 1044 adhuc
1647 987 1833 1043 vivum
1857 990 2107 1042 tenetur.

469 1077 552 1133 Ad
566 1077 834 1134 monendi
849 1081 1063 1133 suntut
1076 1077 1432 1149 perpendant
1447 1077 1602 1149 quod
1617 1075 1976 1132 tolerabilius
1989 1088 2113 1130 esse

468 1165 758 1239 potuisset
779 1167 916 1224 recti
933 1167 1085 1222 viam
1109 1183 1218 1222 non
1241 1165 1514 1238 arripere,
1533 1182 1707 1238 quam
1728 1169 1962 1237 arrepta
1981 1165 2115 1236 post

462 1262 692 1329 tergum
713 1256 920 1313 redire.
940 1255 1060 1311 Nisi
1082 1256 1237 1312 enim
1255 1258 1406 1311 retro
1423 1257 1797 1328 aspiscerent,
1818 1271 1952 1327 erga
1968 1270 2116 1326 ccep-

464 1351 594 1403 tum
613 1345 872 1401 studium
898 1344 1058 1401 nullo
1076 1348 1303 1416 torpore
1322 1343 1685 1417 languerent.
1706 1344 1959 1399 Audiant
1976 1359 2113 1414 ergo

470 1435 625 1507 quod
657 1433 939 1504 scriptum
981 1437 1108 1490 est:
1149 1432 1344 1489 Melius
1379 1439 1499 1489 erat
1527 1436 1606 1490 eis
1647 1449 1753 1490 non
1796 1449 2116 1502 cognoscere

469 1523 618 1580 viam
631 1521 887 1592 iustitiae,
903 1539 1069 1594 quam
1079 1529 1195 1594 post
1205 1539 1315 1592 agn
1325 1524 1547 1579 itionem
1560 1527 1862 1579 retrorsum
1879 1523 2118 1579 converti

467 1612 540 1684 (ll
563 1614 708 1668 Petr.
737 1626 803 1681 ιι,
823 1611 938 1684 21).
962 1611 1220 1667 Audiant
1241 1611 1396 1683 quod
1429 1611 1711 1683 scriptum
1736 1619 1825 1668 est
1851 1628 1864 1667 :
1893 1613 2118 1670 Utinam

469 1700 712 1772 [rigidus
741 1715 902 1767 esses,
927 1707 1024 1755 aut
1054 1700 1316 1768 calidus;
1343 1699 1432 1756 sed
1453 1699 1583 1774 quia
1613 1701 1826 1773 tepidus
1847 1718 1920 1768 es,
1943 1710 1994 1756 et
2021 1717 2120 1757 nec

2221 536 2443 592 Veritas
2472 543 2632 591 vocat
2651 533 2865 607 (Matth.
2899 549 3060 600 χχιιι,
3089 533 3201 604 27),
3240 531 3382 604 quia
3409 529 3678 586 vitiorum
3713 528 3844 586 mala

2218 627 2380 681 intus
2412 629 2752 698 contegunt,
2789 623 3059 679 humanis
3088 638 3221 678 vero
3251 621 3437 678 oculis
3469 620 3841 692 quorumdam

2217 719 2713 774 demonstratione
2733 730 2994 788 operum,
3019 715 3090 770 de
3114 713 3239 770 solo
3261 710 3655 782 forisjustitias
3675 710 3845 766 colore

2220 807 2619 862 blandiuntur.
2645 803 3010 861 Admonendi
3034 803 3228 871 itaque
3249 805 3407 871 sunt,
3439 818 3510 856 ne
3533 816 3660 872 quae
3684 802 3847 871 agunt

2221 900 2378 951 recta
2422 893 2770 967 despiciant,
2811 894 2908 950 sed
2951 910 3018 950 ea
3059 891 3250 949 meriti
3291 890 3552 948 melioris
3598 889 3843 946 credant.

2220 983 2394 1041 Valde
2425 999 2677 1056 namque
2716 983 2865 1039 bona
2903 999 3012 1039 sua
3040 981 3387 1055 dijudicant,
3416 981 3512 1053 qui
3545 979 3614 1035 ad
3648 995 3835 1035 eorum

2222 1075 2547 1131 mercedem
2579 1071 2848 1130 sufficere
2888 1072 3173 1128 humanos
3204 1072 3429 1128 favores
3460 1072 3688 1142 putant.
3722 1066 3850 1124 Cum

2221 1163 2378 1220 enim
2429 1179 2530 1236 pro
2581 1168 2735 1220 recto
2781 1178 2953 1235 opere
3002 1163 3130 1218 laus
3178 1160 3514 1218 transitoria
3561 1157 3848 1233 quaeritur,

2223 1258 2436 1309 aeterna
2450 1251 2825 1309 retributione
2847 1268 2938 1308 res
2962 1250 3139 1324 digna
3159 1249 3256 1305 vili
3282 1249 3465 1322 pretio
3480 1248 3851 1304 venundatur.

2223 1347 2302 1399 De
2324 1360 2437 1415 quo
2457 1341 2726 1398 videlicet
2746 1342 2929 1414 pretio
2954 1345 3220 1411 percepto
3243 1339 3473 1394 Veritas
3494 1337 3672 1393 dicit:
3698 1339 3850 1392 Amen

2223 1433 2350 1488 dico
2373 1433 2541 1498 vobis,
2565 1435 2880 1503 receperunt
2900 1429 3198 1486 mercedem
3214 1445 3376 1484 suam
3391 1427 3597 1498 (Matth.
3620 1443 3697 1496 vr,
3712 1427 3764 1492 2,
3779 1427 3851 1495 5).

2227 1520 2594 1576 Admonendi
2618 1523 2757 1576 sunt
2788 1523 2848 1574 ut
2871 1518 3240 1576 considerent
3261 1517 3396 1588 quia
3417 1517 3558 1572 dum
3582 1533 3778 1589 pravos
3797 1533 3852 1572 se

2225 1609 2284 1664 in
2321 1608 2560 1665 occultis
2591 1608 2880 1674 exhibent,
2919 1607 3022 1662 sed
3055 1614 3247 1662 tamen
3275 1605 3539 1678 exempla
3568 1605 3638 1662 de
3669 1621 3727 1661 se
3756 1621 3854 1677 pu-

2228 1697 2376 1754 blice
2423 1697 2480 1752 in
2542 1698 2711 1753 bonis
2769 1697 3043 1768 operibus
3087 1696 3369 1767 praebent,
3415 1695 3732 1751 ostendunt
3774 1710 3854 1751 se-

462 1789 700 1860 ]rigidus
728 1804 829 1845 nec
853 1788 1087 1854 calidus,
1109 1789 1377 1862 incipiam
1407 1798 1458 1846 te
1497 1806 1746 1846 evomere
1773 1807 1844 1847 ex
1873 1806 1969 1847 ore
2001 1804 2115 1845 meo
2153 1825 2198 1888 Β
2230 1787 2462 1860 quenda
2507 1804 2630 1856 quas
2681 1785 2928 1857 fugiunt,
2978 1784 3225 1841 clamant
3270 1785 3520 1841 amanda
3567 1801 3694 1856 quas
3733 1783 3853 1840 ode-

468 1877 650 1950 (Apoc.
665 1893 754 1946 ιιι,
772 1878 879 1950 15).
899 1875 1136 1933 Calidas
1150 1879 1368 1951 quippe
1380 1884 1466 1934 est
1482 1878 1581 1949 qui
1602 1879 1748 1935 bona
1761 1879 1952 1935 studia
1963 1884 2118 1935 etar-

467 1969 514 2023 ri
523 1967 609 2040 pit
621 1971 678 2023 et
695 1972 1048 2024 consummat
1065 1984 1078 2034 ;
1095 1967 1345 2040 frigidus
1362 1985 1496 2025 vero
1510 1973 1594 2024 est
1607 1969 1707 2040 qui
1723 1985 2120 2024 consumman-

474 2057 548 2112 da
570 2072 672 2112 nec
693 2055 948 2112 inchoat.
966 2056 1029 2112 Et
1053 2056 1204 2113 sicut
1226 2074 1259 2112 a
1275 2056 1488 2130 frigore
1509 2074 1610 2130 per
1631 2064 1888 2130 teporem
1912 2058 2121 2114 transi-

473 2150 568 2202 tur
589 2145 661 2201 ad
683 2145 958 2214 calorem,
981 2147 1065 2202 ita
1095 2162 1129 2201 a
1149 2145 1340 2202 colore
1373 2162 1476 2218 per
1505 2151 1763 2218 teporem
1797 2147 2016 2202 reditur
2045 2147 2118 2202 ad

482 2232 688 2305 frigus.
719 2231 994 2306 Quisquis
1016 2249 1154 2306 ergo
1185 2235 1264 2307 (b)
1289 2235 1502 2291 amisso
1524 2234 1888 2291 inﬁdelitatis
1913 2235 2123 2308 frigore

480 2320 643 2388 vivit,
675 2323 776 2378 sed
807 2323 1184 2395 nequaquam
1216 2327 1414 2396 tepore
1448 2332 1718 2395 superato
1753 2325 2030 2381 excrescit
2061 2331 2122 2379 ut

480 2410 713 2479 ferveat,
739 2411 938 2483 procul
962 2413 1137 2468 dubio
1155 2411 1344 2469 calore
1361 2413 1690 2484 desperato,
1714 2417 1850 2469 dum
1873 2415 2043 2470 noxio
2062 2415 2122 2467 in

481 2503 680 2571 tepore
709 2501 1065 2567 demoratur,
1102 2501 1224 2573 agit
1259 2509 1318 2556 ut
1351 2502 1636 2572 frigescat.
1659 2502 1773 2558 Sed
1809 2502 1960 2558 sicut
1991 2512 2125 2558 ante

477 2592 738 2658 teporem
765 2588 944 2654 frigus
977 2590 1088 2645 sub
1120 2606 1218 2661 spe
1249 2595 1360 2656 est,
1383 2591 1465 2647 ita
1494 2598 1626 2664 post
1657 2593 1842 2664 trigus
1871 2597 2036 2663 tepor
2063 2591 2123 2648 in

481 2675 904 2749 desperatione.
929 2677 1036 2746 Qui
1069 2681 1225 2735 enim
1257 2679 1448 2736 adhuc
1477 2679 1534 2735 in
1572 2680 1824 2750 peccatis
1853 2685 1962 2748 est,
1985 2697 2126 2736 con-

481 2767 766 2822 versionis
797 2765 1066 2824 fiduciam
1104 2785 1216 2825 non
1249 2768 1483 2825 amittit.
1517 2768 1623 2834 Qui
1654 2786 1789 2826 vero
1831 2774 1960 2841 post
1988 2785 2130 2825 con-

481 2857 805 2914 versionem
828 2857 1036 2930 tepuit,
1061 2863 1117 2914 et
1137 2875 1299 2930 spem
1325 2876 1449 2930 quas
1471 2875 1598 2915 esse
1623 2862 1810 2931 potuit
1830 2860 1902 2915 de
1927 2875 2129 2931 pecca-

485 2951 611 3002 tore
627 2945 934 3003 subtraxit.
955 2951 1066 3004 Aut
1089 2947 1311 3004 calidus
1333 2964 1467 3021 ergo
1485 2948 1730 3021 quisque
1747 2965 1896 3017 esse,
1917 2954 2018 3004 aut
2041 2947 2134 3004 fri-

488 3034 660 3108 gidus
690 3036 990 3108 quaeritur,
1032 3054 1103 3094 ne
1138 3038 1367 3110 tepidus
1402 3042 1743 3108 evomatur;
1777 3043 1842 3094 ut
1870 3037 2137 3094 videlicet

492 3127 594 3180 aut
624 3126 874 3182 necdum
905 3141 1243 3195 conversus,
1267 3127 1459 3183 adhuc
1492 3128 1561 3183 de
1593 3145 1655 3184 se
1685 3143 1849 3200 spem
1873 3127 1969 3184 95
1997 3142 2136 3182 con—

2231 1881 2388 1945 runt,
2416 1875 2617 1932 vivunt
2647 1884 2928 1947 postremo
2961 1874 3112 1945 aliis,
3145 1878 3202 1930 et
3230 1874 3339 1930 sibi
3372 1873 3722 1930 moriuntur.

2298 1969 2371 2021 At
2408 1969 2610 2021 contra
2640 1962 2993 2020 admonendi
3033 1968 3169 2019 sunt
3205 1963 3306 2034 qui
3339 1963 3493 2019 bona
3532 1962 3752 2019 occulte
3781 1961 3853 2018 fa-

2229 2056 2411 2123 ciunt,
2433 2059 2489 2111 et
2509 2058 2702 2110 tamen
2726 2053 3075 2124 quibusdam
3101 2053 3267 2109 factis
3289 2053 3520 2126 publice
3535 2053 3606 2109 de
3627 2067 3687 2108 se
3707 2051 3848 2108 mala

2230 2143 2456 2216 opinari
2476 2143 2836 2216 permittunt,
2853 2159 2922 2198 ne
2941 2159 3073 2199 cum
3093 2143 3244 2198 bona
3259 2142 3608 2214 semetipsos
3623 2141 3857 2198 actionis

2231 2242 2401 2290 rectae
2438 2234 2652 2289 virtute
2685 2232 2998 2301 vivificant,
3035 2234 3093 2288 in
3130 2249 3193 2288 se
3229 2231 3374 2289 alios
3405 2248 3506 2304 per
3535 2231 3855 2304 exemplum

2233 2341 2421 2397 pravae
2436 2322 2838 2379 aestimationis
2855 2322 3148 2392 occidant;
3170 2339 3240 2378 ne
3259 2321 3455 2377 minus
3475 2337 3646 2393 quam
3667 2337 3727 2376 se
3745 2338 3860 2392 pro-

2233 2414 2421 2469 ximos
2443 2412 2710 2483 diligant,
2733 2417 2790 2468 et
2819 2428 2952 2467 cum
2975 2410 3088 2483 ipsi
3111 2412 3182 2483 (c)
3204 2410 3495 2467 salubrem
3527 2416 3724 2482 potum
3752 2410 3863 2467 vini

2235 2501 2774 2570 sorbeant,intentis
2791 2501 2850 2556 in
2865 2504 2956 2556 sui
2969 2500 3432 2557 consideratione
3445 2499 3734 2556 mentibus
3749 2516 3870 2572 pes-

2235 2593 2473 2650 tiferum
2498 2591 2698 2648 veneni
2716 2589 2984 2664 poculum
3009 2591 3277 2646 fundant.
3295 2589 3650 2646 Hinimirum
3679 2590 3734 2644 in
3761 2606 3871 2646 uno

2239 2684 2635 2756 proximorum
2654 2683 2834 2737 vitam
2859 2681 3054 2737 minus
3085 2681 3385 2752 adjuvant,
3414 2679 3472 2735 in
3509 2679 3688 2736 altero
3724 2679 3873 2735 mul-

2241 2781 2360 2829 tum
2386 2777 2647 2844 gravant,
2673 2770 2810 2826 dum
2832 2771 3068 2826 student
3096 2775 3153 2826 et
3182 2777 3340 2827 recta
3360 2769 3584 2826 occulte
3615 2786 3802 2842 agere,
3821 2773 3877 2825 et

2241 2863 2588 2934 quibusdam
2605 2861 2787 2927 factis,
2804 2861 2872 2915 ad
2889 2860 3218 2932 exemplum
3236 2861 3306 2916 de
3317 2876 3380 2917 se
3393 2877 3566 2932 prava
3579 2863 3875 2916 seminare.

2241 2950 2509 3022 Quisquis
2529 2950 2686 3008 enim
2719 2948 2910 3005 laudis
2941 2949 3472 3021 concupiscentiam
3505 2949 3729 3005 calcare
3752 2949 3876 3019 jam

2242 3040 2480 3111 sufficit,
2495 3039 2896 3096 aadificationis
2912 3038 3170 3096 fraudem
3187 3042 3499 3111 perpetrat,
3515 3038 3565 3094 si
3584 3039 3733 3093 bona
3751 3053 3876 3109 quas

2243 3131 2382 3203 agit,
2416 3127 2706 3195 occultat;
2744 3132 2799 3182 et
2829 3126 2992 3198 quasi
3017 3127 3232 3198 jactato
3262 3129 3484 3184 semine
3509 3125 3879 3198 germinandi

491 3213 778 3271 versionis
808 3215 1079 3288 praebeat,
1111 3220 1213 3272 aut
1231 3217 1357 3287 jam
1389 3195 1790 3274 conversus-in
1820 3215 2133 3272 virtutibus
2165 3195 2208 3263 (ἶ
2246 3195 2907 3290 radiccssubtrahit,qui
2929 3195 3071 3289 Opus
3097 3218 3254 3290 quod
3278 3195 3626 3274 imitandum
3644 3220 3749 3283 est,
3766 3232 3883 3274 non

494 3304 860 3374 inardescat;
883 3322 955 3362 ne
979 3310 1281 3362 evomatur
1301 3305 1552 3378 tepidus,
1576 3306 1671 3378 qui
1696 3323 1729 3362 a
1750 3305 1938 3364 calore
1962 3321 2137 3378 quem

495 3393 797 3467 pr0posuit
827 3398 1056 3468 torpore
1089 3395 1159 3452 ad
1195 3397 1430 3454 noxium
1467 3398 1651 3468 frigus
1679 3397 1852 3453 redit.

909 3501 1140 3559 CAPUT
1181 3501 1381 3558 xxxv
1418 3501 1532 3574 [AL
1566 3503 1716 3574 LIX}.

498 3587 734 3657 Qomodo
773 3588 1117 3646 admonendi
1158 3593 1254 3662 qui
1295 3591 1445 3646 mala
1487 3595 1629 3646 clam
1675 3600 1726 3647 et
1773 3591 1911 3646 bona
1953 3590 2138 3662 palam

907 3662 1160 3731 faciunt;
1189 3678 1253 3716 ac
1282 3663 1378 3732 qui
1400 3677 1550 3717 versa
1585 3662 1719 3717 vice.

568 3749 898 3822 ((Admonio.
915 3750 1028 3821 36.)
1044 3749 1226 3806 Aliter
1241 3751 1591 3806 admonendi
1610 3755 1750 3807 sunt
1765 3751 1862 3824 qui
1883 3750 2036 3808 mala
2053 3767 2144 3806 oc-

501 3838 656 3896 culte
684 3843 887 3909 agunt,
910 3846 964 3896 et
989 3839 1143 3896 bona
1174 3839 1438 3912 publice;
1471 3846 1648 3913 atque
1672 3840 1844 3897 aliter
1867 3842 1967 3913 qui
1991 3842 2144 3896 bona

502 3945 628 4000 quae
653 3929 876 3985 faciunt
895 3929 1284 3998 abscondunt,
1307 3936 1364 3987 et
1384 3936 1578 3988 tamen
1602 3931 1952 4003 quibusdam
1979 3929 2144 3986 factis

505 4017 734 4088 publice
768 4017 918 4073 mala
949 4021 1019 4075 de
1049 4036 1111 4075 se
1139 4022 1360 4089 Opinari
1385 4020 1749 4092 permittunt.
1777 4019 2141 4076 Admonendi

505 4105 658 4162 enim
691 4112 831 4162 sunt
858 4108 954 4179 qui
989 4107 1142 4165 mala
1163 4109 1386 4167 occulte
1409 4115 1608 4182 agunt,
1632 4116 1690 4166 et
1717 4111 1866 4166 bona
1889 4109 2139 4182 publice,

507 4203 562 4252 ut
584 4197 1329 4270 pensenthumanajudicia
1350 4200 1885 4273 quantavelocitate
1897 4199 2142 4268 evolant,

505 4283 703 4340 divina
715 4290 908 4341 autem
925 4288 1570 4359 quantaimmobilitate
1588 4291 1922 4362 perdurant.
1937 4289 2148 4345 Admo-

508 4374 684 4430 nendi
715 4379 851 4431 sunt
881 4378 943 4431 ut
974 4377 1032 4432 in
1074 4375 1190 4434 ﬁne
1227 4395 1417 4435 rerum
1459 4380 1672 4436 mentis
1713 4379 1910 4436 oculos
1942 4379 2146 4451 ﬁgant,

508 4462 710 4534 quiaet
724 4462 992 4520 humanos
1007 4465 1198 4523 laudis
1216 4469 1511 4526 attestatie
1527 4469 1798 4541 praeterit,
1812 4473 1870 4525 et
1893 4483 2150 4541 superna

2244 3308 2519 3364 ostendit.
2554 3307 2699 3362 Hinc
2731 3322 2983 3378 namque
3014 3305 3073 3362 in
3104 3306 3413 3379 Evangelia
3445 3306 3666 3362 Veritas
3696 3305 3878 3360 dixit:

2250 3397 2474 3454 Videant
2505 3411 2668 3462 Opera
2700 3403 2872 3450 vestra
2916 3395 3073 3460 bona,
3114 3400 3165 3450 et
3201 3395 3513 3468 gloriﬁcent
3544 3401 3764 3453 Patrem
3805 3409 3888 3450 ve-

2243 3498 2424 3543 strum
2451 3485 2550 3558 qui
2578 3483 2638 3540 in
2667 3483 2816 3540 ca’tis
2836 3488 2913 3539 est
2945 3483 3151 3556 (Matth.
3185 3501 3238 3540 v.
3265 3485 3371 3554 16).
3398 3484 3501 3541 Ubi
3538 3485 3637 3541 illa
3659 3501 3890 3558 quoque

2245 3575 2615 3646 sententia(d)
2633 3575 3036 3646 promitur,96
3051 3591 3176 3646 quo:
3192 3573 3360 3646 longe
3375 3573 3529 3630 aliud
3547 3575 3893 3647 praecepisse

2243 3667 2494 3733 videtur,
2517 3665 2748 3719 dicens:
2774 3663 3045 3720 Attendite
3083 3681 3150 3719 ne
3161 3665 3442 3736 justitiam
3467 3671 3702 3721 vestram
3721 3663 3901 3735 [acia-

2248 3758 2318 3812 tis
2335 3772 2518 3812 coram
2546 3753 2880 3822 hominibus,
2907 3763 2962 3810 ut
2983 3754 3289 3811 videamini
3309 3755 3377 3811 ab
3397 3757 3475 3811 eis
3493 3756 3696 3826 (Matth.
3716 3772 3797 3819 v1,
3819 3755 3898 3823 1).

2318 3845 2464 3909 Quid
2480 3848 2710 3914 estergo
2729 3844 2883 3916 quod
2899 3861 3046 3915 opus
3081 3848 3339 3901 nostrum
3367 3850 3425 3901 et
3453 3845 3529 3900 ita
3560 3845 3898 3900 faciendum

2247 3940 2336 3993 est
2362 3951 2432 3990 ne
2445 3935 2724 4004 videatur,
2740 3937 2793 3990 et
2824 3939 3020 3990 tamen
3038 3937 3100 3990 ut
3121 3933 3520 3991 debeatvideri
3542 3933 3900 4006 praecipitur,

2247 4025 2360 4081 nisi
2387 4023 2543 4096 quod
2563 4040 2626 4078 ea
2643 4038 2766 4094 quas
2789 4024 3038 4095 agimus,
3053 4029 3110 4080 et
3125 4022 3471 4080 occultanda
3491 4028 3651 4090 sunt,
3677 4039 3746 4078 ne
3779 4021 3904 4094 ipsi

2249 4116 2640 4181 laudemur,et
2654 4120 2830 4170 tamen
2845 4114 3202 4170 ostendenda
3215 4119 3443 4180 sunt,ut
3456 4112 3684 4169 laudem
3699 4111 3910 4168 caeles-

2249 4205 2324 4260 tis
2342 4203 2528 4260 Patris
2544 4203 3046 4276 augeamus‘lNam
3061 4219 3190 4258 cum
3213 4204 3617 4273 nosjustitiam
3633 4205 3906 4258 nostram

2251 4311 2447 4350 coram
2484 4292 2826 4348 hominibus
2856 4293 3040 4348 facere
3063 4291 3341 4348 Dominus
3373 4291 3722 4364 prohiberet,
3749 4289 3914 4345 illico

2251 4383 2548 4455 adjunxit:
2577 4383 2640 4440 Ut
2657 4381 3046 4437 videaminiab
3066 4383 3166 4437 eis.
3187 4385 3406 4436 Etcum
3429 4397 3632 4436 rursus
3653 4379 3918 4435 videnda

2255 4474 2327 4529 ab
2343 4472 2680 4529 hominibus
2695 4472 2842 4528 bona
2856 4488 3030 4543 opera
3044 4475 3244 4527 nostra
3259 4472 3617 4544 praeciperet,
3636 4469 3916 4541 protinus

509 4551 818 4620 sententia,
843 4569 970 4625 quas
991 4560 1048 4611 et
1069 4556 1409 4613 abscondita
1428 4562 1710 4630 penetrat,
1729 4557 1799 4612 ad
1821 4556 2149 4613 retributio-
2182 4572 2228 4638 Ι)
2260 4563 2558 4620 subdidit:
2590 4563 2652 4620 Ut
2678 4562 2985 4633 gloriﬁcent
3013 4563 3238 4617 Patrem
3268 4565 3504 4616 vestrum
3536 4561 3632 4630 qui
3662 4559 3719 4615 in
3750 4557 3920 4614 caelis

512 4658 644 4699 nem
667 4647 1006 4716 perpetuam
1021 4645 1390 4702 convalescit.
1405 4646 1552 4703 Dum
1569 4647 1749 4721 igitur
1761 4646 1987 4704 occulta
2003 4645 2155 4703 mala

514 4750 623 4789 sua
652 4733 1140 4806 divinisjudiciis,
1164 4739 1320 4792 recta
1342 4741 1535 4793 autem
1557 4753 1661 4793 sua
1683 4735 1954 4792 humanis
1971 4735 2155 4792 oculis

515 4825 897 4895 anteponunt,
915 4829 973 4880 et
994 4824 1119 4881 sine
1140 4830 1283 4882 teste
1305 4831 1394 4882 est
1417 4827 1630 4883 bonum
1651 4828 1798 4897 quod
1825 4825 2050 4898 publice
2073 4827 2154 4881 fa-

517 4909 775 4979 ciunt,et
805 4929 920 4970 non
954 4914 1079 4972 sine
1109 4920 1319 4972 aeterno
1344 4920 1486 4972 teste
1507 4920 1593 4973 est
1616 4916 1769 4988 quod
1793 4915 2036 4972 latenter
2057 4915 2154 4970 de-

515 4998 810 5070 linquunt.
831 5002 1047 5076 Culpas
1070 5008 1266 5078 itaque
1288 5022 1425 5062 suas
1447 5006 1792 5062 occultando
1815 5004 2156 5076 hominibus,

517 5089 877 5163 virtutesque
907 5096 1233 5166 pandendo,
1258 5101 1315 5153 et
1348 5096 1500 5152 unde
1526 5095 1719 5168 puniri
1750 5095 1998 5151 debeant
2024 5097 2159 5151 abs-

519 5181 831 5238 condentes
863 5183 1161 5255 detegunt,
1194 5191 1250 5241 et
1281 5186 1435 5242 unde
1467 5185 1823 5242 remunerari
1867 5190 2157 5257 poterant,

517 5269 848 5341 detegentes
895 5272 1286 5330 abscondunt.
1337 5277 1490 5342 Quos
1520 5281 1671 5332 recte
1702 5274 1963 5348 sepulcra
2002 5273 2159 5330 deal-

589 5441 668 5521 (ᾳ)
698 5442 893 5521 Corb._,
924 5445 1262 5521 inveni._$ic
1292 5447 1454 5521 prius
1485 5447 1792 5521 lectumiin
1822 5445 1985 5521 Trec.

591 5513 668 5599 (b)
689 5515 1032 5599 Adjecimus
1047 5534 1116 5574 ex
1141 5513 1804 5599 Mss.'Angl..et_Q_a_llic.,
1828 5520 1985 5599 vivit,
2009 5519 2157 5588 post.

519 5587 862 5669 frigore;_e_t
885 5591 1173 5669 mavimus
1202 5587 1508 5649 exardehit
1538 5587 1836 5669 Editorum
1867 5590 1926 5646 in
1947 5587 2161 5648 excres-

521 5659 621 5728 cit,
650 5659 805 5734 quod
838 5659 1058 5720 habent
1086 5662 1224 5722 Mss.
1257 5680 1502 5735 omnes;
1535 5662 1622 5720 vel
1652 5662 1864 5719 crescit.

2263 4657 2341 4710 est
2372 4653 2580 4724 (litat-th.
2605 4668 2660 4708 ν.
2694 4651 2804 4721 16).
2829 4650 3088 4715 Qualiter
3110 4651 3291 4724 igitur
3311 4649 3560 4706 videnda
3580 4653 3799 4714 essent,
3819 4647 3919 4703 vel

2263 4739 2511 4813 qualiter
2527 4757 2642 4796 non
2659 4739 2930 4807 videnda,
2947 4756 3015 4795 ex
3032 4738 3456 4796 sententiarum
3481 4738 3594 4793 fine
3616 4741 3923 4792 monstra-

2263 4830 2368 4898 vit,
2391 4834 2685 4902 quatenus
2706 4830 2996 4900 operantis
3019 4844 3185 4885 mens
3215 4844 3359 4899 opus
3381 4843 3550 4882 suum
3582 4831 3641 4882 et
3671 4828 3926 4898 prOpter

2264 4937 2327 4976 se
2357 4919 2533 4976 videri
2567 4937 2680 4976 non
2723 4925 3018 4992 quaereret,
3053 4924 3107 4974 et
3143 4921 3340 4973 tamen
3381 4916 3491 4972 hoc
3528 4923 3758 4988 propter
3790 4930 3925 4969 cos-

2265 5009 2429 5066 lestis
2453 5009 2634 5066 Patris
2648 5009 2888 5082 gloriam
2905 5025 3017 5063 non
3043 5007 3276 5064 celaret.
3294 5006 3455 5062 Unde
3477 5005 3540 5061 ﬁt
3563 5005 3930 5078 plerumque

2269 5108 2329 5155 ut
2360 5099 2577 5155 bonum
2603 5116 2747 5169 opus
2778 5105 2833 5155 et
2862 5098 2921 5154 in
2945 5096 3170 5154 occulto
3194 5097 3289 5165 sit,
3317 5113 3451 5153 cum
3485 5096 3545 5152 ﬁt
3568 5094 3835 5168 publice;
3866 5096 3936 5149 et

2269 5206 2474 5246 rursus
2508 5189 2564 5244 in
2600 5187 2849 5258 publico,
2882 5203 3007 5244 cum
3030 5187 3222 5259 agitur
3252 5186 3497 5243 occulte.
3524 5183 3633 5249 Qui
3665 5183 3829 5239 enim
3861 5183 3932 5238 in

2269 5278 2500 5351 publico
2533 5278 2684 5334 bono
2716 5294 2886 5350 opere
2927 5294 3041 5334 non
3081 5294 3273 5344 suam,
3315 5277 3412 5333 sed
3453 5273 3692 5348 superni
3727 5272 3940 5330 Patris

2337 5439 2409 5510 (c)
2443 5439 2589 5512 Trec
2619 5441 2675 5495 et
2703 5438 2897 5502 Corb.,
2926 5439 3148 5495 salubre
3173 5440 3382 5512 potum.

2340 5511 2628 5638 (gilBelvq
2650 5513 3078 5583 repromittitur.
3099 5509 3224 5569 Duo
3245 5511 3468 5585 priores
3488 5509 3746 5577 Carnot.,
3766 5519 3943 5582 pra-

2340 5600 2346 5638 ι
2406 5599 2543 5638 iur.

2269 5599 2543 5640 νηηιιιιιν.
