4136 6178
264 324 373 385 121

1018 317 1364 383 REGULIE
1409 321 1503 382 PA
1513 317 1896 384 STORALIS

2038 323 2198 385 BER.
2253 354 2324 368 --
2367 323 2568 384 PARS
2610 322 2921 384 TERTM.

3555 323 3671 383 122

268 455 515 528 gloriam
565 455 794 527 quaerit,
826 454 974 526 quod
1011 455 1146 510 fecit
1191 455 1525 525 abscondit;
1561 456 1696 529 quia
1729 456 1918 513 solum
1950 459 2005 526 Α
2031 461 2314 532 augeatur
2343 459 2610 515 actionis.
2637 457 2728 514 Sic
2763 456 3035 530 inquietis
3064 459 3312 530 ponatur
3343 455 3576 528 modus,
3607 462 3671 514 ut

272 545 449 601 illum
494 549 697 601 testem
747 541 973 613 habuit,
1015 544 1111 600 cui
1151 543 1379 616 placere
1427 545 1670 600 curavit.
1712 548 1779 600 Et
1823 545 1920 616 qui

277 633 338 688 in
390 637 604 688 secreto
658 647 768 687 suo
825 632 981 687 bono
1039 647 1210 703 opere
1268 632 1620 704 deprehendi
1677 649 1742 688 ac
1791 633 1920 688 lau-

277 721 405 777 dari
473 720 862 792 concupiscit;
909 725 966 776 et
1016 719 1215 776 nullus
1281 720 1523 776 fortasse
1569 721 1718 777 vidit
1764 721 1918 792 quod

267 809 553 879 exhibuit,
577 814 631 864 et
661 814 854 864 tamen
883 808 988 865 hoc
1014 826 1204 865 coram
1237 809 1575 866 horninibus
1604 810 1758 877 fecit,
1783 811 1921 882 quia

263 902 343 952 tot
377 903 556 954 testes
603 897 663 952 in
700 897 848 953 bono
880 913 1054 969 opere
1083 913 1284 953 secum
1318 898 1504 968 duxit,
1537 903 1679 969 quot
1716 897 1918 953 huma-

270 1002 374 1042 nas
428 987 632 1042 laudes
693 987 753 1041 in
803 985 978 1043 corde
1027 985 1343 1058 requisivit.
1377 986 1519 1042 Cum
1563 1003 1698 1045 vero
1745 1003 1921 1059 prava

267 1075 600 1144 estimatio,
645 1077 706 1131 in
748 1082 1030 1148 quantum
1072 1075 1198 1132 sine
1250 1081 1482 1146 peccato
1525 1074 1698 1146 valet,
1730 1076 1799 1131 ab
1830 1076 1919 1131 in-

267 1166 565 1220 tuentium
591 1165 882 1236 mente(a)
916 1179 1030 1220 non
1063 1165 1331 1236 tergitur,
1360 1165 1589 1222 cunctis
1612 1166 1768 1221 mala
1796 1182 1918 1221 cre-

266 1255 544 1311 dentibus
565 1271 670 1327 per
707 1253 1038 1326 exemplum
1062 1255 1248 1329 ,culpa
1279 1255 1644 1328 propinatur.
1681 1254 1842 1311 Unde
1865 1259 1920 1311 et

264 1345 614 1417 plerumque
646 1345 954 1416 contingit,
989 1344 1172 1415 utqui
1199 1346 1556 1416 negligenter
1585 1346 1655 1402 de
1685 1361 1745 1402 se
1767 1344 1921 1401 mala

263 1433 485 1505 cpinari
537 1433 911 1505 permittunt,
945 1449 1046 1504 per
1086 1435 1432 1506 semetipsos
1482 1435 1715 1506 quidem
1757 1433 1920 1490 nulla

261 1523 462 1593 iniqua
478 1522 732 1591 faciant;
767 1523 863 1578 sed
887 1527 1078 1580 tamen
1111 1539 1210 1595 per
1227 1539 1322 1580 eos
1344 1523 1438 1594 qui
1473 1540 1534 1580 se
1566 1524 1778 1578 imitati
1804 1525 1918 1580 fue-

264 1612 810 1685 rint,multiplicius
853 1612 1223 1686 delinquant.
1247 1613 1388 1670 llinc
1422 1619 1512 1670 est
1531 1616 1681 1685 quod
1707 1614 1920 1670 Paulus

263 1703 577 1758 immunda
591 1702 859 1775 quadam
875 1702 1001 1759 sine
1015 1702 1330 1776 pollutione
1344 1703 1803 1771 comedentibus,
1818 1703 1916 1759 scd

261 1792 619 1864 imperfectis
636 1791 972 1849 tentationis
984 1791 1322 1849 scandalum
1337 1807 1439 1848 sua
1451 1793 1560 1848 hac
1573 1793 1920 1849 comestione

265 1883 636 1938 moventibus
655 1882 801 1938 dicit
827 1899 840 1937 :
880 1881 1065 1938 Videte
1092 1897 1162 1938 ne
1189 1883 1332 1953 forte
1361 1882 1472 1938 hac
1494 1882 1718 1938 licentia
1738 1886 1921 1938 vestra

271 1972 668 2042 oﬂendiculum
701 1973 800 2042 ﬁat
834 1971 1074 2043 inﬁrmis
1104 1973 1150 2044 (1
1185 1971 1306 2030 Cor.
1329 1989 1452 2041 vm,
1479 1972 1555 2042 9).
1581 1972 1648 2027 Et
1679 1988 1916 2028 rursus:

268 2062 336 2117 Et
357 2061 568 2134 peribit
598 2063 856 2133 inﬁrmus
886 2061 948 2116 in
977 2067 1074 2118 tua
1104 2061 1438 2119 conscientia
1467 2063 1668 2133 frater,
1699 2065 1922 2134 propter

267 2166 426 2221 quem
443 2150 702 2208 Christus
717 2155 968 2208 mortuus
995 2154 1090 2208 est.
1113 2151 1206 2208 Sic
1225 2162 1405 2208 autem
1425 2159 1705 2224 peccantes
1729 2151 1786 2206 in
1807 2153 1922 2221 fra-

266 2245 394 2309 tres,
430 2245 484 2296 et
512 2240 882 2312 percutientes
896 2239 1290 2297 conscientiam
1319 2256 1507 2298 eorum
1535 2241 1840 2311 inﬁrmam,
1858 2239 1920 2296 in

273 2331 556 2387 Christum
567 2333 811 2403 peccatis
824 2333 1020 2404 (lbid.,
1039 2337 1061 2386 1
1076 2333 1124 2398 1,
1143 2333 1251 2404 12).
1269 2333 1413 2388 Hinc
1425 2336 1512 2388 est
1526 2332 1678 2404 quod
1696 2333 1920 2405 Moyses

273 2435 406 2474 cum
443 2419 672 2476 diceret
696 2436 712 2474 :
743 2423 864 2477 Non
899 2419 1203 2476 maledices
1222 2420 1410 2488 surdo,
1436 2419 1700 2492 protinus
1719 2420 1923 2491 adjun-

259 2509 345 2564 xit
371 2526 387 2565 :
423 2509 534 2564 Nec
565 2525 752 2565 coram
790 2525 930 2566 caeco
959 2525 1124 2581 pones
1154 2509 1547 2581 oﬂendiculum
1578 2509 1768 2580 (Levit.
1802 2525 1917 2577 nx,

261 2598 589 2670 li).Surdo
638 2598 859 2671 quippe
911 2597 1283 2669 maledicere,
1313 2604 1403 2656 est
1448 2598 1672 2655 absenti
1715 2606 1769 2655 et
1801 2614 1921 2655 non

257 2686 529 2743 audienti
563 2688 840 2758 derogare
873 2704 886 2743 :
921 2703 1114 2744 coram
1149 2704 1296 2744 caeco
1350 2705 1480 2744 vero
1511 2686 1921 2744 oll‘endiculum

260 2780 611 2847 ponere,est
635 2775 950 2832 discretam
974 2777 1210 2850 quidem
1237 2793 1357 2833 rem
1381 2793 1572 2849 agere,
1594 2778 1692 2832 sed
1728 2784 1922 2832 tamen

259 2867 309 2921 ei
340 2867 448 2938 qui
485 2868 690 2922 lumen
721 2865 1091 2924 discretionis
1117 2883 1229 2923 non
1253 2866 1452 2940 habet,
1477 2867 1739 2924 scandali
1759 2883 1925 2924 occa-

263 2957 496 3014 sionem
535 2957 815 3029 praebere.

709 3066 945 3124 CAPUT
974 3067 1206 3124 xxxv1
1237 3067 1344 3140 [Αι.
1368 3068 1493 3139 LX].

2030 555 2219 604 tamen
2252 547 2452 604 otiosis
2485 564 2596 604 non
2628 547 2731 603 fiat
2759 551 2958 618 torpor
2986 561 3245 603 securus.
3270 545 3364 603 Sic
3385 545 3454 602 ab
3483 545 3670 618 impa-

2028 636 2307 692 tientibus
2329 637 2729 708 exstinguatur
2761 635 2868 700 ira,
2895 640 2957 691 ut
2981 639 3174 691 tamen
3213 635 3478 692 remissis
3503 636 3574 706 (ε)
3603 651 3668 690 ac

2025 725 2250 781 lenibus
2271 743 2384 781 non
2411 729 2629 782 crescat
2659 723 3028 796 negligentia.
3051 724 3142 779 Sic
3164 723 3326 780 lenes
3349 728 3666 780 accendan-

2025 817 2198 870 turad
2213 815 2425 881 zelum,
2450 819 2513 869 ut
2530 824 2721 870 tamen
2742 814 3039 869 iracundis
3059 829 3171 868 non
3195 814 3447 869 addatur
3466 815 3664 870 incen-

2027 903 2211 960 dium.
2245 904 2335 960 Sic
2364 905 2669 960 tenacibus
2699 903 3042 959 infundatur
3074 901 3362 959 tribuendi
3408 901 3662 974 largitas,

2027 1001 2091 1052 ut
2111 1005 2296 1053 tamen
2319 995 2578 1069 prodigis
2595 994 2897 1051 effusionis
2923 996 3083 1051 frena
3105 995 3350 1050 minime
3372 993 3662 1050 laxentur.

2023 1086 2116 1142 Sic
2144 1085 2405 1158 prodigis
2437 1085 2786 1156 praedicetur
2834 1084 3108 1156 parcitas,
3141 1089 3207 1139 ut
3252 1087 3447 1139 tamen
3500 1086 3665 1139 tena-

2025 1173 2192 1230 cibus
2213 1173 2594 1242 periturarum
2623 1187 2816 1227 rerum
2838 1171 3102 1227 custodia
3124 1187 3236 1227 non
3255 1169 3666 1243 augeatur.8ic

2025 1261 2526 1318 incontinentibus
2556 1260 2829 1317 laudetur
2849 1259 3212 1333 conjugium,
3237 1263 3301 1316 ut
3331 1259 3664 1330 tamenjam

2025 1351 2385 1408 continentes
2403 1368 2517 1407 non
2535 1358 2868 1406 revocentur
2899 1350 2969 1406 ad
3003 1349 3223 1405 luxum.
3247 1349 3339 1406 Sic
3362 1348 3667 1405 continen-

2023 1441 2179 1496 tibus
2206 1440 2472 1496 laudetur
2503 1439 2808 1511 virginitas
2837 1437 3118 1511 corporis,
3143 1442 3207 1494 ut
3224 1441 3420 1494 tamen
3445 1437 3503 1492 in
3526 1453 3668 1492 con-

2018 1529 2264 1602 jugibus
2310 1530 2581 1600 despecta
2636 1545 2752 1584 non
2804 1528 2902 1583 fiat
2951 1527 3280 1584 fecunditas
3328 1527 3536 1584 carnis.
3571 1525 3666 1582 Sic

2025 1618 2395 1691 praedicanda
2433 1622 2573 1674 sunt
2604 1617 2776 1688 bona,
2802 1632 2873 1673 ne
2912 1634 2980 1674 ex
3012 1615 3184 1673 latere
3207 1615 3571 1687 (njuventur
3609 1618 3668 1671 et

2026 1708 2198 1764 mala.
2231 1709 2324 1765 Sic
2354 1709 2651 1765 laudanda
2691 1713 2827 1764 sunt
2859 1708 3009 1764 bona
3039 1723 3289 1774 summa,
3321 1707 3395 1779 (g)
3436 1722 3506 1762 ne
3536 1706 3669 1761 des-

2027 1803 2296 1870 perentur
2329 1797 2555 1854 ultima.
2582 1798 2674 1853 Sic
2697 1797 3005 1854 nutrienda
3025 1801 3160 1852 sunt
3182 1795 3409 1863 ultima,
3432 1813 3504 1852 ne
3524 1795 3666 1851 dum

2029 1888 2296 1946 sufﬁcere
2310 1889 2648 1954 creduntur,
2665 1904 3030 1961 nequaquam
3048 1887 3396 1944 tendaturad
3413 1901 3646 1943 summa

2421 2038 2651 2095 CAPUT
2681 2038 2924 2094 XXXVII
2957 2038 3066 2109 ΙΑι.
3103 2037 3274 2108 LXI].

2031 2150 2101 2206 De
2121 2147 2497 2206 exhortatione
2517 2161 2640 2218 quae
2655 2147 2758 2200 uni
2776 2145 3111 2218 adhibenda_
3124 2149 3201 2201 est
3218 2143 3519 2200 contrariis
3547 2159 3669 2215 pas-

2551 2218 2799 2274 sionibus
2829 2215 3129 2272 laboranti.

2099 2337 2168 2392 Et
2199 2336 2390 2409 gravis
2422 2334 2658 2407 quidem
2693 2331 3049 2406 praedicatori
3083 2329 3245 2386 labor
3273 2333 3377 2398 est,
3413 2328 3469 2384 in
3504 2345 3664 2384 com-

2029 2427 2228 2482 munis
2259 2423 2683 2498 praadicationis
2714 2438 2872 2488 voce,
2900 2421 2970 2476 ad
3000 2421 3260 2476 occultos
3289 2418 3667 2491 singulorum

2029 2523 2220 2571 motus
2260 2529 2583 2585 causasque
2613 2509 2868 2582 vigilare,
2901 2514 2958 2566 et
2987 2508 3390 2582 palaestrarum
3425 2524 3586 2564 more
3608 2507 3668 2562 in

2030 2605 2238 2661 diversi
2273 2604 2466 2660 lateris
2494 2607 2617 2659 arte
2648 2619 2708 2658 se
2737 2614 2984 2668 vertere;
3021 2599 3207 2655 multo
3239 2604 3434 2654 tamen
3459 2596 3670 2654 acriori

2031 2695 2231 2751 labore
2249 2695 2534 2766 fatigatur,
2568 2693 2801 2765 quando
2835 2692 2936 2747 uni
2967 2707 2997 2747 e
3021 2689 3332 2746 contrariis
3361 2688 3518 2743 vitiis
3553 2704 3673 2743 ser-

2030 2783 2206 2842 vienti
2231 2784 2540 2855 praedicare
2569 2781 2958 2854 compellitur.
2985 2779 3329 2850 Plerumque
3359 2777 3512 2834 enim
3535 2776 3669 2847 quis

2032 2875 2173 2930 laetae
2206 2872 2465 2945 nimis(h)
2499 2869 2929 2943 conspersionis
2951 2868 3288 2938 existit;sed
3314 2871 3506 2922 tamen
3537 2881 3670 2921 eum

2033 2968 2270 3036 repente
2292 2961 2530 3018 tristitia
2542 2961 2743 3017 oborta
2766 2959 3107 3016 immaniter
3129 2957 3420 3030 deprimit.
3451 2955 3672 3011 Curan-

2034 3056 2174 3112 dum
2207 3057 2297 3110 est
2327 3054 2524 3124 itaque
2567 3049 2927 3124 praedicatori
2959 3059 3248 3121 quatenus
3297 3049 3383 3104 sic
3426 3050 3680 3118 tergatur

263 3160 341 3215 De
367 3157 761 3214 exhortatione
787 3157 984 3213 multis
1014 3133 1351 3224 exhibenda,
1385 3133 1552 3214 ut-sic
1578 3157 1924 3228 singulorum

2038 3142 2272 3199 tristitia
2294 3159 2422 3214 quae
2439 3140 2601 3196 venit
2618 3157 2683 3196 ex
2711 3145 2991 3211 tempore,
3012 3143 3076 3194 ut
3098 3155 3210 3195 non
3232 3146 3515 3209 augeatur
3537 3133 3678 3190 lasti-

334 3233 572 3303 cirtutes
601 3230 850 3303 adjuvet,
882 3238 1148 3301 quatenus
1177 3246 1276 3301 per
1317 3205 1460 3286 lianc
1488 3205 1778 3285 contraaria
1806 3231 1921 3285 vir-
1957 3205 1999 3272 (ἶ
2037 3233 2118 3288 tia
2149 3248 2276 3303 quas
2307 3205 2565 3301 suppetit
2601 3244 2669 3284 ex
2717 3227 3162 3299 conspersione;
3210 3229 3265 3281 et
3293 3224 3375 3280 sic
3421 3224 3681 3278 frenatur

341 3302 558 3358 tatibus
587 3302 727 3356 uitia
750 3317 862 3357 non
891 3311 1223 3357 exarescant.

279 3405 284 3408 ’
337 3412 415 3483 (b)
434 3415 568 3466 nec
589 3414 730 3466 sunt
753 3427 879 3482 quze
898 3409 1112 3484 praesul
1135 3410 1463 3466 animarum
1481 3410 1539 3465 in
1566 3408 1928 3483 praedicatio-

264 3501 355 3556 nis
383 3500 730 3556 diversitate
743 3499 1054 3566 custodiat,
1072 3498 1436 3556 utaollicitus
1456 3515 1713 3571 congrua
1731 3497 1930 3568 singu-

263 3588 457 3646 lorum
491 3589 843 3646 vulneribus
875 3589 1346 3658 medicamina(e)
1369 3592 1642 3660 opponat.
1665 3588 1774 3643 Sed
1795 3601 1930 3642 cum

264 3680 466 3752 magni
492 3679 574 3734 sit
603 3677 788 3734 studii
807 3681 871 3733 ut
889 3677 1269 3734 exhortandis
1291 3675 1540 3749 singulis
1561 3675 1844 3732 serviatur
1859 3674 1928 3730 ad

264 3768 530 3841 singula,
551 3784 690 3825 cum
706 3765 1243 3825 valdelaboriosum
1268 3767 1344 3822 sit
1365 3781 1841 3838 unumquemque
1863 3765 1933 3822 de

265 3859 528 3930 propriis
549 3858 657 3914 sub
685 3855 1117 3929 dispensatione
1130 3855 1337 3912 debita:
1351 3855 1778 3912 consideration
1791 3856 1838 3909 is
1852 3854 1936 3910 in-

263 3958 524 4015 struere,
546 3943 1294 4018 longe_tamenlaboriosius
1316 3949 1406 4000 est
1428 3942 1810 4014 auditores(d)
1833 3941 1932 3998 in-

270 4052 562 4092 numeros
616 4051 682 4091 ac
729 4035 977 4091 diversis
1025 4033 1397 4105 passionibus
1432 4033 1782 4100 laborantes,
1816 4047 1933 4088 uno

270 4127 606 4196 eodemque
641 4133 897 4196 tempore
919 4139 1056 4180 voce
1080 4122 1252 4178 unius
1283 4123 1456 4178 et!"
1496 4126 1658 4177 tanta
1689 4124 1811 4177 arte
1828 4137 1934 4177 vox

271 4217 662 4287 temperanda
676 4221 785 4284 est,
801 4218 865 4270 ut
884 4230 1016 4270 cum
1040 4214 1266 4270 diversa
1287 4213 1406 4268 sint
1423 4211 1753 4268 auditorum
1777 4213 1932 4282 vitia,

268 4313 324 4360 et
349 4303 611 4377 singulis
635 4304 966 4359 inveniatur
986 4318 1265 4374 congrua,
1291 4306 1347 4357 et
1367 4307 1563 4357 tamen
1587 4301 1934 4372 sibimetipsi

269 4411 394 4449 non
426 4395 510 4448 sit
539 4394 800 4459 diversa;
834 4398 898 4447 ut
925 4395 1076 4448 inter
1098 4391 1398 4464 passiones
1426 4389 1651 4445 medias
1671 4406 1788 4446 uno
1811 4390 1937 4460 qui-

273 4485 413 4539 dem
428 4485 616 4540 ductu
632 4488 908 4552 transeat,
933 4483 1028 4537 scd
1046 4499 1204 4537 more
1219 4480 1473 4553 bicipitis
1485 4479 1662 4552 gladii
1682 4485 1742 4536 tu
1753 4497 1936 4537 mores

2039 3321 2240 3377 laetitia
2272 3335 2396 3392 qua:
2422 3336 2489 3374 ex
2511 3319 2922 3390 conspersione
2944 3321 3052 3383 est,
3087 3320 3149 3370 ut
3177 3319 3372 3370 tamen
3407 3328 3523 3367 non
3555 3327 3681 3367 cre-

2038 3415 2165 3468 scat
2187 3408 2420 3466 tristitia
2435 3425 2561 3480 quae
2583 3407 2816 3463 venitex
2842 3410 3120 3478 tempore.
3144 3405 3258 3459 Iste
3272 3405 3545 3474 gravatur
3570 3414 3680 3456 usu

2039 3500 2431 3556 immoderata!
2456 3495 2954 3570 praecipitationis,
2979 3499 3036 3550 et
3057 3491 3373 3566 aliquando
3392 3494 3586 3546 tamen
3609 3487 3680 3542 ab

2039 3608 2104 3648 eo
2131 3591 2286 3664 quod
2320 3589 2528 3645 festiue
2560 3587 2852 3662 agendum
2881 3589 2989 3654 est,
3011 3601 3144 3642 eum
3175 3583 3261 3640 vis
3284 3579 3563 3655 praepedit
3583 3595 3680 3636 su-

2040 3681 2163 3736 bito
2189 3685 2334 3736 nata:
2358 3678 2708 3735 formidinis.
2733 3677 2836 3733 Ille
2852 3683 3126 3749 gravatur
3148 3691 3257 3730 usu
3284 3669 3683 3728 immoderatos

2043 3759 2394 3836 formidinis,
2425 3773 2483 3824 et
2513 3767 2830 3840 aliquando
2860 3764 3137 3821 tamenin
3170 3779 3236 3820 eo
3269 3761 3422 3834 quod
3445 3758 3682 3832 appetit,

2043 3857 2367 3915 temeritate
2397 3855 2717 3928 impellitur
2747 3851 3239 3928 praecipitationis.
3273 3850 3367 3906 Sic
3395 3849 3590 3920 itaque
3621 3849 3684 3904 in

2042 3946 2152 4004 isto
2186 3947 2533 4019 reprimatur
2553 3944 2747 4001 subito
2769 3944 2969 4000 oborta
2988 3942 3249 4006 formido,
3272 3947 3334 3995 ut
3355 3943 3550 3994 tamen
3569 3952 3686 3993 non

2043 4045 2333 4093 excrescat
2362 4035 2617 4092 enutrita
2663 4035 2760 4089 diu
2810 4031 3216 4106 praecipitatio.
3247 4029 3340 4085 Sic
3372 4028 3430 4084 in
3463 4027 3564 4083 illo
3605 4041 3689 4082 re-

2045 4127 2334 4198 primatur
2357 4133 2588 4196 repente
2617 4123 2815 4180 oborta
2843 4121 3245 4195 praecipitatio,
3278 4123 3551 4174 uttamen
3571 4132 3688 4171 non

2044 4214 2409 4272 convalescat
2427 4214 2712 4286 impressa
2727 4229 2795 4268 ex
2813 4211 3228 4283 conspersione
3251 4207 3519 4264 formido.
3540 4204 3689 4270 Quid

2046 4309 2240 4360 autem
2288 4303 2504 4359 mirum
2545 4303 2593 4358 si
2627 4302 2909 4358 mentium
2943 4297 3152 4355 medici
3184 4297 3294 4354 ista
3325 4293 3689 4360 custodiunt,

2047 4395 2186 4450 dum
2219 4398 2376 4449 tanta
2407 4390 2774 4448 discretionis
2807 4395 2932 4446 arte
2962 4405 3020 4445 se
3057 4390 3405 4460 temperant,
3437 4383 3536 4456 qui
3573 4397 3690 4438 non

2047 4484 2221 4540 corda
2251 4482 2355 4539 sed
2387 4499 2625 4554 corpora
2657 4479 3007 4537 medentur?
3039 4477 3385 4548 Plerumque
3406 4474 3560 4530 enim
3593 4471 3690 4526 de-

274 4574 706 4646 cogitationum
737 4571 1063 4628 carnalium
1095 4587 1161 4626 ex
1214 4572 1440 4627 diverso
1472 4570 1648 4627 latere
1695 4571 1932 4641 incidat,
1971 4567 2012 4633 D
2046 4573 2158 4628 bile
2180 4589 2392 4644 corpus
2425 4565 3281 4645 opprimltlanguorimmanis,
3306 4564 3399 4620 cui
3426 4558 3691 4632 languori

276 4668 570 4734 quatenus
585 4661 670 4718 sic
683 4661 947 4732 superbis
966 4659 1648 4733 praediceturhumilitas,
1664 4664 1728 4715 ut
1749 4665 1938 4716 tamen

277 4750 509 4806 timidis
537 4766 657 4807 non
689 4755 973 4822 augeatur
991 4753 1197 4818 metus,
1229 4749 1312 4805 sic
1342 4748 1563 4804 timidis
1594 4747 1940 4804 infundatur

279 4840 622 4905 auctoritas,
650 4846 715 4894 ut
736 4844 931 4895 tamen
952 4839 1217 4910 superbis
1238 4854 1351 4894 non
1377 4841 1592 4894 crescat
1614 4837 1935 4896 effrenatio.

283 4930 381 4985 Sic
405 4928 612 4985 otiosis
631 4945 696 4985 ac
712 4929 1077 5000 torpentibus
1101 4925 1780 4999 praedicetursollicitudo
1799 4926 1936 4982 boni

285 5019 504 5091 operis,
528 5023 596 5075 ut
627 5022 820 5075 tamen
843 5017 1120 5090 inquietis
1140 5015 1535 5074 immoderata:
1559 5015 1794 5072 licentia
1819 5032 1935 5072 non

357 5144 440 5212 (α)
467 5143 555 5199 Ita
576 5159 712 5200 cum
735 5147 920 5211 Trec.,
942 5141 1389 5212 Theod.,Corb.,
1410 5141 1589 5198 Laud.
1613 5145 1672 5197 et
1686 5141 1933 5208 Gemet.,

278 5227 510 5272 veteres
534 5216 665 5280 Ed.,
697 5232 828 5271 cum
862 5218 920 5270 in
955 5221 1170 5272 recent.
1203 5215 1449 5284 legatur,
1479 5228 1590 5270 non
1614 5213 1840 5283 tegitur.

357 5288 432 5358 (b)
470 5287 534 5342 In
567 5287 738 5342 Corb.
771 5291 858 5343 est
888 5303 1015 5357 cap.
1047 5287 1137 5342 37.
1162 5287 1235 5358 Ain
1268 5285 1509 5357 Longip.
1536 5285 1627 5342 57.

417 5436 434 5501 )

457 5358 521 5414 In
554 5358 824 5441 Excusis,_
847 5356 1111 5430 apponat.
1145 5356 1538 5441 Obsequi’mu'r
1561 5358 1691 5412 Mss.
1730 5429 1739 5440 _

417 5436 434 5499 )
473 5431 628 5485 Belv.
655 5439 708 5486 et
740 5446 969 5499 primus
999 5432 1192 5498 Carn.,
1225 5446 1536 5485 innumeris
1568 5444 1633 5483 ac
1679 5427 1736 5482 dt

473 5431 628 5485 Belv.
655 5439 708 5486 et
740 5427 969 5502 primus
999 5432 1192 5498 Carn.,
1225 5427 1536 5485 innumeris
1568 5444 1633 5483 ac
1662 5427 1932 5502 diversis.

281 5499 632 5558 Retinemus
664 5499 790 5572 jam
833 5501 1124 5574 vulgatam
1170 5504 1328 5568 lect.,
1378 5517 1502 5572 qum
1541 5506 1630 5556 est
1660 5499 1848 5569 Trec.,
1879 5503 1938 5556 et

283 5579 420 5629 cat.

358 5645 436 5792 εἰ
469 5649 598 5701 Duo
628 5643 852 5717 prium
880 5645 1126 5712 Gemet.,
1151 5643 1379 5714 levibus,
1409 5651 1467 5701 et
1485 5643 1637 5700 infra
1666 5644 1826 5700 leves.

465 5715 555 5774 Ita
580 5718 892 5788 tegendum
937 5733 1006 5776 ex
1027 5716 1167 5775 Mss.
1201 5715 1423 5786 Gsrm.,
1458 5715 1708 5788 Belvac.,
1745 5714 1826 5770 Tn

465 5715 555 5774 Ita
580 5714 892 5788 tegendum
937 5733 1006 5776 ex
1027 5716 1167 5775 Mss.
1201 5715 1423 5786 Gsrm.,
1458 5715 1708 5788 Belvac.,
1745 5714 1934 5787 Trec.,

2048 4663 2147 4718 98
2180 4661 2398 4718 scilicet
2427 4661 2642 4718 obviari
2664 4659 2969 4731 adjutoriis
2992 4656 3241 4712 fortibus
3273 4654 3463 4719 debet,
3483 4650 3582 4705 sed
3609 4653 3692 4703 ta-

2050 4769 2181 4808 men
2213 4767 2422 4822 corpus
2455 4750 2663 4820 debile,
2705 4747 3063 4820 adjutorium
3094 4745 3240 4800 forte
3271 4759 3384 4798 non
3416 4737 3685 4795 sustinet.

2047 4842 2245 4898 Studet
2259 4839 2549 4912 igiturzqui
2563 4839 2847 4906 medetur,
2863 4840 3146 4908 quatenus
3161 4833 3244 4888 sic
3257 4827 3690 4903 superexisten-

2047 4929 2464 4999 temjmorbum
2507 4927 2830 4994 subtrahat,
2862 4931 2926 4981 ut
2967 4937 3343 4994 nequaquam
3391 4917 3692 4991 supposita

2047 5018 2306 5092 corporis
2336 5016 2608 5075 debilitas
2639 5019 2884 5084 crescat,
2918 5030 2990 5070 ne
3019 5014 3259 5068 fortasse
3288 5011 3538 5083 languor
3552 5023 3684 5062 cum

2046 5143 2270 5211 Norm.,
2303 5147 2440 5216 etc.,
2471 5159 2586 5198 non
2620 5147 2682 5216 ut
2703 5141 2923 5216 habent
2954 5138 3128 5206 Editi,
3151 5134 3689 5216 jubeantur._0cca-

2048 5209 2272 5273 sionem
2297 5209 2737 5270 hallucinationi
2760 5213 3138 5285 praebuerunt
3156 5209 3275 5285 vet.
3302 5209 3547 5285 Mss.,.in
3569 5209 3691 5274 qui-

2048 5289 2159 5344 bus
2179 5289 2487 5358 scriptum,
2511 5279 2791 5360 iubentur,
2816 5300 2918 5356 pro
2932 5285 3222 5355 juventur,
3247 5283 3442 5360 littera
3535 5293 3687 5360 prov

2047 5354 2348 5427 usurpata.
2397 5362 2604 5414 Postea
2645 5354 2908 5412 Editores
2935 5354 3265 5413 ’mutarunt
3302 5354 3594 5425 jubentur,
3627 5354 3689 5406 in

2053 5433 2359 5487 iubeantur.

2036 5448 2486 5572 ﬂagicium
2519 5501 2870 5574 conjectura.
2906 5499 3120 5571 relecto
3150 5499 3520 5570 desperentur,
3553 5489 3696 5550 Edi-

2047 5571 2204 5650 tores
2227 5571 3057 5650 praetuleruntZdespiciantur.
3145 5646 3157 5650 _
3275 5640 3291 5650 _
3441 5636 3455 5650 ,

2119 5645 2212 5773 (h)c
2227 5631 2306 5702 De
2328 5644 2436 5774 h3ac
2455 5662 2596 5704 voce
2626 5631 2989 5715 iam-dictum
3022 5631 3120 5713 ἀει
3142 5646 3206 5703 in
3227 5633 3621 5696 admonitione
3642 5631 3697 5695 4,

2119 5733 2151 5773 ιι
2217 5733 2307 5774 an.
2391 5759 2404 5774 .

2046 5733 2151 5773 seu
2183 5732 2307 5790 cap.
2349 5732 2404 5774 δ.
