4136 6178
456 368 573 430 123

456 501 570 557 vita
622 503 871 559 deficiat.
907 501 1096 558 Tanta
1152 514 1288 571 ergo
1338 497 1697 568 adjutorium
1746 498 2094 557 discretione
2124 508 2177 575 Α

458 594 777 665 componit.
806 599 867 649 ut
888 610 1000 649 uno
1020 591 1337 661 eodemque
1362 593 1617 660 tempore
1639 593 1693 645 et
1714 587 1975 661 languori
2002 590 2104 645 ob-

456 684 575 739 viet
604 682 973 740 etdebilitati.
999 678 1825 751 Siigiturmedicinacorporis
1851 678 2102 734 indivise

461 772 719 828 adhibita
738 771 951 826 servire
983 768 1356 824 divisibiliter
1374 773 1564 839 potest
1596 768 1758 838 (tunc
1781 768 1936 822 enim
1971 782 2103 822 vers

462 862 751 917 medicina
795 866 903 925 est,
930 859 1158 929 quando
1208 858 1291 914 sic
1338 874 1437 928 per
1478 874 1606 913 eam
1642 858 1777 913 vitio
1810 857 2106 929 superexi-

461 951 629 1006 stent?
649 950 721 1019 (ιι)
736 965 908 1004 succu
921 949 994 1003 rri
1007 954 1119 1018 tur,
1145 947 1396 1003 utetiam
1421 964 1485 1002 su
1497 946 1730 1019 ppositaz
1746 947 2105 1016 conspersio-

461 1038 522 1095 ni
552 1038 882 1110 serviatur),
916 1054 1021 1093 cur
1052 1036 1339 1093 medicina
1366 1037 1581 1092 mentis
1626 1053 1744 1092 una
1781 1038 2104 1107 eademque

461 1128 953 1200 praedicationem)
973 1127 1253 1198 apposita,
1274 1143 1501 1182 morum
1519 1126 1738 1183 morbis
1756 1125 1985 1182 diverso
2009 1143 2102 1182 or-

461 1218 597 1274 dine
626 1218 860 1274 obviare
882 1235 997 1273 non
1022 1215 1229 1284 valeat,
1254 1234 1381 1288 quae
1414 1222 1579 1272 tanto
1601 1216 1871 1273 subtilior
1892 1216 2102 1287 agitur,

462 1313 676 1381 quanto
699 1309 768 1365 de
799 1307 1187 1364 invisibilibus
1219 1308 1545 1364 tractatur?

826 1467 1052 1527 CAPUT
1092 1468 1371 1526 XXXVIII
1406 1469 1516 1541 [Αι.
1543 1467 1731 1539 LXII.)

461 1576 617 1644 Quod
636 1577 935 1649 aliquando
958 1575 1169 1633 leviora
1188 1576 1326 1632 vitia
1347 1575 1715 1646 relinquenda
1734 1577 1885 1644 sunt,
1903 1578 2106 1644 utpra-

1000 1651 1154 1705 viora
1182 1648 1600 1703 subtrahantur.

528 1756 637 1812 Sed
670 1756 808 1828 quia
830 1754 1177 1829 plerumque
1202 1756 1343 1811 dum
1381 1755 1634 1810 duorum
1666 1752 1942 1809 vitiorum
1977 1752 2101 1808 lan-

461 1862 609 1918 guor
638 1844 827 1913 irruit,
860 1844 969 1901 hac
1002 1844 1214 1911 levius,
1246 1844 1388 1899 illud
1424 1844 1668 1898 fortasse
1709 1843 1940 1914 gravius
1984 1856 2105 1911 [ιι-ο·

462 1935 601 2005 mit;
625 1936 675 1992 ei
700 1934 976 1991 nimirum
999 1933 1136 1990 vitio
1158 1936 1369 1989 rectius
1395 1933 1505 1989 sub
1518 1931 1809 1989 celeritate
1832 1929 2104 1986 subveni-

460 2030 580 2087 tur.
606 2042 707 2098 per
721 2025 872 2097 quod
900 2025 1108 2081 festiue
1126 2027 1193 2079 ad
1212 2024 1510 2079 interitum
1534 2022 1817 2079 tenditur.
1846 2026 1914 2077 Et
1934 2022 1981 2077 si
1998 2022 2106 2077 hoc

462 2130 496 2169 a
525 2114 716 2170 vicina
749 2119 933 2170 morte
955 2112 1223 2185 restringi
1254 2129 1368 2168 non
1391 2117 1598 2184 potest,
1624 2111 1736 2167 nisi
1761 2110 1903 2166 illud
1930 2109 2104 2166 etiam

462 2204 616 2275 quod
636 2202 838 2259 existit
862 2203 1219 2258 contrarium
1243 2208 1466 2259 crescat
1489 2202 1558 2273 (e)
1582 2199 1946 2257 tolerandum
1970 2216 2109 2270 pras-

461 2291 707 2347 dicatori
740 2299 849 2360 est,
884 2296 949 2346 ut
981 2306 1083 2363 per
1102 2290 1561 2346 exhortationem
1596 2306 1763 2345 suam
1795 2288 2104 2343 artificioso

462 2381 867 2437 moderamine
890 2397 1072 2436 unum
1106 2381 1652 2452 patiaturcrescere,
1676 2382 1966 2450 quatenus
1982 2392 2105 2444 pos-

461 2468 539 2524 sit
566 2468 725 2524 aliud
759 2486 793 2524 a
829 2469 1021 2524 vicina
1067 2475 1253 2524 morte.
1294 2468 1557 2524 retinere.
1600 2468 1759 2532 Quod
1801 2482 1935 2522 cum
1964 2465 2102 2537 agit,

459 2576 574 2616 non
611 2561 877 2616 morbum
910 2558 1352 2631 exaggerat,sed
1368 2556 1775 2624 vulneratisui,
1807 2556 1901 2613 cui
1921 2554 2105 2611 medi-

459 2653 793 2703 camentum
818 2646 1080 2711 adhibet,
1101 2647 1277 2702 vitam
1297 2655 1505 2713 servat,
1531 2651 1594 2700 ut
1622 2645 1989 2716 exquirendae
2013 2660 2105 2698 sa-

464 2736 602 2791 lutis
631 2752 956 2808 congruum
989 2741 1224 2807 tempus
1256 2735 1530 2792 inveniat.
1559 2735 1720 2805 Sapo
1736 2734 1887 2789 enim
1910 2734 2043 2804 quis
2074 2750 2108 2787 a

459 2824 720 2881 ciborum
750 2843 810 2881 se
829 2826 1085 2898 ingluvie
1107 2826 1353 2880 minime
1375 2834 1722 2896 temperans,
1741 2822 2108 2893 jamjamque

460 2931 607 2987 pene
631 2915 709 2987 (ά)
739 2915 1076 2988 superantis
1106 2914 1347 2970 luxuriae
1388 2912 1645 2970 stimulis
1675 2911 1980 2985 premitur,
2004 2908 2107 2981 qui

458 3004 639 3075 hujus
658 3020 866 3077 pugna:
884 3012 1040 3060 metu
1058 3004 1316 3072 territus,
1333 3004 1468 3058 dum
1484 3020 1545 3059 se
1560 3020 1660 3076 per
1690 3000 2106 3057 abstinentiam

460 3091 809 3164 restringere
824 3093 1046 3157 nititur,
1063 3093 1250 3148 inanis
1267 3092 1460 3165 glorias
1476 3091 1786 3149 tentatione
1801 3088 2104 3162 fatigatur:

458 3180 518 3235 in
536 3198 648 3250 quo
665 3181 940 3237 nimirum
961 3198 1144 3237 unum
1161 3182 1363 3237 vitium
1384 3179 2106 3251 nullatenusextinguitur,

1656 364 1932 428 SANCTI
1977 364 2344 435 GREGORII
2390 374 2641 437 MAGNI

3736 368 3835 429 124

2517 508 2617 563 es
2650 505 2879 564 CAPUT
2916 504 3131 563 XXXIX
3161 505 3269 577 [Αι.
3315 502 3542 574 LXIII].

2212 614 2360 681 Quod
2390 614 2629 687 inﬁrmis
2657 614 3179 740 mentibusdomnino
3202 628 3309 667 non
3340 610 3531 665 debent
3557 607 3674 663 alla
3696 620 3834 677 pra?-

2969 701 3131 739 lcal‘t.

2969 701 3131 739 scari.

2280 776 2824 846 {/)Sciendumvero
2840 780 2928 830 est
2960 771 3341 845 praedicatori,
3359 775 3422 826 ut
3446 767 3731 826 auditoris
3751 768 3853 833 sui

2207 864 2468 920 animum
2487 865 2638 920 ultra
2651 866 2803 920 vires
2836 880 2949 918 non
2970 862 3183 928 trahat,
3203 877 3290 927 ne,
3308 862 3459 915 utita
3482 858 3694 925 dicam,
3710 860 3839 911 dum

2210 952 2529 1024 plusquam
2547 953 2694 1008 valet
2726 952 3004 1018 tenditur,
3031 950 3241 1007 mentis
3273 951 3487 1006 chorda
3518 952 3831 1016 rumpatur.

2208 1044 2333 1101 Alta
2361 1046 2512 1101 enim
2540 1061 2789 1117 quicque
2821 1044 3035 1099 debent
3065 1041 3263 1099 multis
3303 1039 3677 1097 audientibus
3708 1053 3836 1092 con-

2205 1134 2344 1206 tegi,
2377 1140 2435 1190 et
2463 1135 2557 1189 vix
2580 1134 2778 1206 paucis
2807 1131 3040 1205 aperiri.
3069 1132 3210 1186 llinc
3237 1144 3491 1200 namque
3515 1143 3615 1195 per
3636 1133 3839 1182 semet-

2204 1223 2395 1294 ipsam
2427 1222 2654 1279 Veritas
2684 1222 2827 1278 dicit
2857 1238 2871 1277 :
2908 1221 3039 1289 Quis
3066 1226 3228 1292 putas
3245 1224 3323 1276 est
3352 1216 3530 1289 ﬁdelis
3562 1215 3838 1287 dispenso.

2209 1317 2296 1369 tor
2309 1322 2359 1369 et
2376 1313 2638 1384 prudens,
2652 1329 2814 1384 quem
2835 1308 3383 1368 ronstituitdominus
3394 1323 3557 1378 super
3571 1304 3840 1376 familiam

2209 1419 2388 1466 suam,
2417 1409 2474 1457 ut
2503 1402 2593 1457 det
2611 1401 2735 1457 illis
2756 1400 2817 1457 in
2848 1409 3085 1471 tempore
3108 1397 3284 1455 tritici
3303 1412 3617 1453 mensuram
3638 1390 3842 1464 (Matth.

2206 1509 2358 1559 xxiv,
2390 1492 2491 1557 45;
2522 1492 2648 1547 Luc.
2680 1508 2783 1558 an,
2818 1490 2951 1559 42)?
2984 1490 3086 1545 Per
3113 1502 3445 1545 mensuram
3481 1484 3695 1557 quippe
3732 1482 3839 1537 tri-

2207 1581 2308 1638 tici
2338 1580 2679 1651 exprimitur
2706 1580 2910 1636 modus
2936 1578 3117 1644 verbi,
3151 1593 3222 1633 ne
3242 1593 3376 1632 cum
3399 1580 3649 1646 angusto
3690 1570 3842 1629 cordi

2210 1667 2537 1739 incapabile
2567 1668 2786 1739 aliquid
2824 1666 3126 1731 tribuitur,
3159 1673 3319 1720 extra
3366 1663 3665 1718 fundatur.
3710 1658 3846 1715 Hinc

2213 1758 2423 1814 Paulus
2453 1757 2534 1813 ait
2559 1776 2572 1813 :
2606 1760 2727 1813 Non
2753 1758 2909 1828 potui
2939 1757 3085 1812 vobis
3116 1755 3267 1828 loqui
3293 1752 3455 1825 quasi
3480 1750 3844 1822 spiritalibus,

2209 1850 2310 1904 sed
2321 1848 2478 1919 quasi
2492 1847 2832 1902 carnalibus.
2862 1848 3139 1917 Tanquam
3159 1844 3408 1914 parvulis
3438 1842 3494 1896 in
3528 1839 3743 1895 Christo
3764 1838 3845 1893 lac

2212 1934 2363 1990 vobis
2380 1943 2564 2006 potum
2583 1932 2853 1999 dedi,non
2874 1948 3055 1988 escam
3076 1932 3120 2001 (1
3152 1930 3271 1985 Cor.
3308 1945 3394 1994 III,
3429 1929 3501 1997 i).
3528 1926 3670 1981 Hinc
3692 1924 3844 1996 Moy-

2215 2039 2304 2079 ses
2327 2042 2359 2079 a
2380 2028 2600 2079 secreto
2623 2021 2720 2077 Dei
2743 2022 2965 2087 exiens,
2989 2024 3392 2075 coruscantem
3412 2032 3603 2071 coram
3640 2013 3846 2085 p0pulo

2214 2112 2418 2168 faciem
2452 2110 2599 2167 velat
2628 2110 2821 2181 (Exod.
2857 2125 3045 2178 xxxIv,
3069 2108 3183 2180 33),
3207 2106 3340 2179 quia
3370 2104 3647 2160 nimirum
3669 2100 3849 2157 turbis

2214 2201 2496 2257 claritatis
2528 2200 2749 2255 intima:
2770 2215 2977 2254 arcana
3013 2214 3126 2252 non
3158 2197 3396 2251 indicat.
3421 2195 3565 2248 Hinc
3600 2208 3700 2263 per
3719 2204 3849 2245 eum

2215 2291 2412 2347 divina
2455 2306 2593 2345 voce
2634 2289 2964 2361 praecipitur
2988 2286 3149 2358 (Ibid.
3185 2302 3299 2348 χχι,
3330 2284 3443 2352 33),
3478 2290 3543 2337 ut
3573 2282 3622 2337 is
3654 2279 3749 2351 qui
3779 2278 3849 2334 ci-

2214 2385 2466 2435 sternam
2499 2377 2727 2446 foderit,
2761 2377 2809 2432 si
2841 2375 3065 2447 Operire
3097 2371 3436 2445 neglexerit,
3465 2374 3769 2425 corruente
3792 2367 3846 2423 in

2215 2486 2281 2525 ea
2326 2469 2467 2523 bove
2514 2467 2602 2523 vel
2650 2466 2840 2531 asino,
2874 2465 3123 2536 pretium
3162 2462 3395 2527 reddat;
3447 2459 3585 2531 quia
3617 2456 3690 2512 ad
3740 2455 3851 2511 alta

2215 2558 2471 2614 scientias
2511 2557 2733 2612 ﬂuenta
2774 2554 3137 2627 perveniens,
3170 2569 3305 2608 cum
3338 2551 3460 2606 haec
3492 2548 3645 2620 apud
3686 2549 3855 2604 bruta

2217 2646 2581 2704 audientium
2613 2646 2789 2701 corda
2821 2661 2934 2699 non
2959 2642 3234 2714 contegit,
3270 2657 3445 2713 pmnze
3475 2654 3607 2696 reus
3636 2634 3857 2692 addici-

2216 2742 2335 2805 tur,
2358 2736 2405 2791 si
2424 2751 2524 2805 per
2538 2735 2712 2790 verba
2726 2735 2851 2804 ejus
2876 2733 2933 2789 in
2958 2730 3324 2795 scandalum,
3355 2730 3475 2785 sive
3499 2729 3718 2785 munda
3738 2724 3853 2781 sive

2217 2824 2523 2880 immunda
2546 2839 2712 2878 mens
2744 2821 3029 2893 capiatur.
3066 2820 3209 2876 Hinc
3231 2820 3301 2874 ad
3329 2819 3563 2873 beatum
3586 2816 3693 2872 Job
3718 2814 3854 2869 dici-

2217 2913 2352 2969 tur?
2402 2913 2535 2982 Quis
2574 2911 2720 2967 dedit
2766 2910 2910 2983 gallo
2968 2909 3402 2978 intelligentiam
3442 2907 3580 2977 (Job.
3624 2918 3857 2971 xxxvi",

2217 3004 2350 3076 36)?
2379 3003 2724 3059 Praedicator
2744 3001 2956 3059 etenim
2980 3005 3222 3057 sanctus
3245 2999 3382 3053 dum
3408 2996 3725 3068 caliginoso
3748 2994 3858 3051 hoc

2217 3092 2433 3149 clamat
2457 3092 2513 3147 in
2538 3097 2651 3149 tem
2662 3107 2819 3163 pore,
2838 3090 3008 3162 quasi
3031 3089 3222 3161 gallus
3236 3093 3432 3144 cantat
3448 3089 3502 3143 in
3521 3092 3707 3152 nocte,
3723 3099 3857 3140 cum

2219 3182 2363 3237 dicit
2390 3200 2402 3237 :
2439 3183 2581 3237 Hora
2610 3182 2825 3252 estjam
2852 3196 2950 3235 nos
2981 3181 3045 3236 de
3068 3193 3254 3235 somno
3279 3192 3505 3245 surgere
3535 3175 3710 3245 (Rom.
3737 3187 3861 3239 XIII,

460 3270 572 3327 nisi
620 3271 779 3326 aliud
834 3272 1149 3327 nutriatur.
1182 3273 1317 3337 Quae
1364 3271 1541 3342 igitur
1590 3271 1770 3343 pestis
1810 3269 2109 3324 ardentius
2139 3254 2182 3321 C
2224 3273 2333 3343 tt).
2376 3272 2439 3327 Et
2489 3287 2719 3326 rursum
2760 3287 2773 3324 :
2815 3269 3080 3340 Evigilate
3122 3268 3277 3338 justi.
3327 3272 3378 3322 et
3423 3266 3594 3320 nolite
3630 3276 3856 3334 peccare

460 3360 825 3431 insequenda
846 3366 955 3425 est,
975 3361 1088 3416 nisi
1120 3377 1246 3433 quae
1271 3360 1655 3433 periculosius
1679 3358 1929 3432 premit?
1948 3359 2105 3414 Tole-

459 3451 706 3506 randum
733 3467 1035 3522 nunquam
1068 3456 1158 3505 est
1190 3456 1253 3504 ut
1286 3466 1387 3521 per
1416 3450 1689 3504 virtutem
1739 3448 2107 3503 abstinentia:

458 3538 691 3594 interim
726 3538 1064 3609 arrogantia
1085 3544 1287 3593 contra
1310 3538 1597 3593 viventem
1623 3544 1865 3601 crescat,
1883 3552 1953 3591 ne
1975 3552 2107 3591 eum

462 3641 565 3697 per
610 3626 927 3698 ingluviem
980 3644 1014 3681 ε.
1061 3628 1179 3681 vita
1224 3627 1487 3682 funditus
1518 3626 1749 3681 luxuria
1786 3627 2105 3697 extinguat.

462 3714 608 3771 Hinc
647 3722 736 3772 est
783 3719 933 3787 quod
986 3716 1221 3782 Paulus,
1260 3732 1394 3772 cum
1430 3717 1732 3772 inﬁrmum
1783 3716 2105 3771 auditorem

462 3822 633 3862 suum
661 3807 1060 3879 perpenderet,
1082 3811 1183 3862 aut
1208 3822 1381 3878 prava
1410 3807 1596 3862 adhuc
1617 3805 1763 3861 velle
1794 3822 1982 3878 agere,
2006 3810 2110 3862 aut

464 3895 535 3951 de
547 3895 770 3952 actione
785 3901 939 3952 recta
955 3896 1219 3953 humana:
1238 3896 1427 3951 laudis
1443 3896 1819 3952 retributione
1831 3897 2106 3968 gaudere,

465 3985 547 4039 ait
578 4002 592 4040 :
618 3986 702 4041 Vis
726 4000 833 4040 non
856 3989 1050 4042 timere
1060 3990 1383 4057 potestatem
1399 3984 1427 4040 ?
1445 3986 1645 4041 bonum
1673 3990 1792 4056 fac,
1815 3991 1865 4041 et
1885 3984 2109 4041 habebis

466 4072 683 4129 laudem
717 4089 785 4129 ea:
814 4074 927 4129 illa
952 4075 1126 4146 (Rom.
1148 4091 1274 4138 xIII.
1296 4074 1380 4141 3).
1403 4074 1602 4147 Neque
1624 4075 1777 4131 enim
1803 4074 1930 4131 ideo
1957 4075 2110 4130 bona

465 4161 688 4235 agenda
707 4167 849 4219 sunt
873 4170 935 4218 ut
953 4169 1202 4234 potestas
1217 4163 1395 4234 hujus
1411 4164 1613 4220 mundi
1631 4164 1791 4220 nulla
1808 4166 2107 4235 timeatur,

471 4257 575 4310 aut
607 4268 708 4325 per
733 4252 856 4309 ba’c
887 4252 1071 4325 gloria
1100 4254 1449 4309 transitoria
1482 4254 1968 4310 laudissumatur.
2000 4255 2107 4310 Sed

469 4356 604 4398 cum
636 4340 930 4398 infirmam
965 4351 1216 4399 mentem
1240 4344 1310 4399 ad
1344 4348 1571 4399 tantum
1607 4344 1783 4400 robur
1800 4346 2110 4401 ascendere

468 4447 585 4487 non
618 4447 790 4503 posse
822 4436 1111 4503 pensaret,
1144 4437 1209 4487 ut
1238 4437 1295 4488 et
1324 4434 1667 4505 pravitatem
1700 4434 1904 4489 vitaret
1933 4430 2109 4488 simul

467 4527 525 4578 et
554 4520 821 4587 laudem;
852 4521 1190 4594 praedicator
1218 4522 1483 4594 egregius
1504 4524 1577 4589 ei,
1601 4524 1969 4580 admonendo
2000 4521 2109 4578 ali-

2221 3364 2262 3433 (I
2298 3362 2423 3415 Cor.
2455 3376 2547 3426 xv,
2571 3360 2684 3431 34).
2726 3357 2927 3415 Gallus
2957 3364 3150 3414 autem
3192 3356 3337 3411 100
3358 3357 3434 3424 (ρ)
3468 3352 3865 3425 profundiori-

2221 3452 2332 3507 bus
2363 3450 2523 3506 horis
2555 3450 2741 3507 noctis
2764 3448 2909 3505 altos
2931 3449 3101 3504 edere
3121 3453 3328 3504 cantus
3352 3446 3498 3502 solet
3523 3470 3538 3512 ς
3562 3460 3693 3500 cum
3728 3458 3864 3497 vero

2222 3542 2576 3597 matutinum
2597 3543 2719 3611 jam
2747 3548 2977 3611 tempus
3009 3539 3067 3593 in
3091 3538 3353 3611 proximo
3373 3543 3480 3602 est,
3506 3537 3762 3590 minutas
3795 3546 3863 3585 ac

2221 3636 2427 3687 tenues
2457 3646 2625 3686 voces
2658 3631 2882 3697 format,
2917 3629 3053 3700 quia
3086 3627 3363 3682 nimirum
3398 3625 3497 3697 qui
3530 3629 3681 3680 recte
3713 3636 3863 3694 pras-

2220 3720 2395 3788 dicat,
2430 3719 2695 3776 obscuris
2728 3720 2919 3775 adhuc
2957 3718 3230 3774 cordibus
3274 3721 3475 3788 aperta
3511 3713 3744 3775 clamat,
3777 3708 3862 3763 nil

2222 3810 2293 3866 de
2350 3808 2593 3867 occultis
2638 3807 2930 3880 mysteriis
2979 3807 3221 3875 indicat,
3269 3810 3329 3861 ut
3380 3814 3515 3860 tunc
3556 3800 3869 3859 subtiliora

2221 3914 2466 3972 quaeque
2492 3899 2562 3954 de
2601 3898 2938 3954 cmlestihus
2970 3896 3231 3964 audiant,
3264 3910 3399 3953 cum
3436 3893 3552 3950 luci
3598 3888 3861 3948 veritatis

2222 3987 2720 4061 apprOpinquant.

2837 4103 3068 4161 CAPUT
3106 4104 3219 4160 XL.

2578 4213 2651 4268 De
2677 4226 2838 4284 apere
2865 4212 3274 4284 praedicationis
3302 4218 3354 4267 et
3386 4225 3523 4266 voce.

2296 4348 2403 4404 Sed
2437 4346 2587 4403 inter
2617 4345 2737 4402 haec
2767 4347 2837 4401 ad
2869 4362 2933 4402 ea
2972 4364 3100 4418 qua:
3124 4344 3248 4419 jam
3289 4344 3557 4418 superius
3587 4341 3872 4413 diximus,

2225 4434 2524 4493 cbaritatis
2540 4435 2731 4490 studio
2748 4440 3165 4505 retorquemur,
3183 4440 3245 4489 ut
3262 4434 3598 4506 praedicator
3612 4431 3872 4501 quisque

2226 4524 2357 4598 plus
2388 4525 2613 4581 actibus
2633 4539 2804 4594 quam
2828 4523 3068 4580 vocibus
3090 4523 3343 4590 insonet,
3368 4528 3427 4578 et
3448 4521 3595 4577 bene
3616 4518 3871 4573 vivendo

467 4610 608 4683 quid
629 4610 861 4677 obtulit,
882 4616 938 4667 et
958 4610 1175 4682 aliquid
1192 4612 1742 4669 tulit.Concedendo
1762 4611 2110 4682 enimlenia,
2142 4622 2193 4686 1)
2222 4612 2464 4685 vestigia
2494 4612 2846 4683 sequacibus
2874 4613 2951 4685 (h)
2995 4612 3295 4685 imprimat
3326 4610 3537 4683 potius,
3569 4624 3741 4680 quam
3774 4606 3873 4662 lo-

468 4702 757 4757 subtraxit
785 4702 1043 4770 acriora;
1080 4707 1143 4756 ut
1172 4701 1312 4773 quia
1344 4703 1411 4758 ad
1448 4704 1768 4759 deserenda
1798 4707 2009 4759 cuncta
2030 4702 2110 4756 si-

470 4791 594 4845 mul
627 4808 742 4847 non
774 4796 1125 4863 assurgeret,
1149 4791 1289 4846 dum
1324 4791 1382 4846 in
1406 4792 1654 4863 quodam
1676 4809 1780 4848 suo
1812 4793 1950 4849 vitio
1982 4790 2113 4848 ani-

470 4893 605 4934 mus
636 4880 1005 4938 familiariter
1026 4880 1394 4953 relinquitur,
1415 4899 1446 4937 a
1471 4884 1722 4954 quodam
1746 4900 1848 4941 suo
1881 4882 2005 4939 sine
2025 4882 2113 4938 la-

471 4962 609 5020 bore
640 4965 712 5037 (e)
744 4964 1063 5023 tolleretur.

544 5127 627 5197 (ιι)
657 5124 988 5214 Mallemu's‘,
1027 5130 1362 5214 occurritur,
1394 5133 1547 5214 quod
1586 5133 1884 5214 legitur_in
1927 5134 2114 5202 primo

473 5202 665 5264 Carn.,
695 5199 806 5281 nisi
837 5199 896 5253 in
928 5199 1094 5255 Trec.
1127 5207 1184 5256 et
1212 5205 1345 5259 aliis
1374 5199 1549 5259 etiam
1583 5199 1902 5275 potioribus
1930 5199 2111 5274 esset,

474 5280 844 5328 succurritur.

522 5342 621 5427 Lib)
651 5341 843 5406 Corb.,
878 5340 1087 5407 Laud.,
1118 5341 1360 5413 Theod.,
1392 5350 1449 5401 et
1478 5346 1699 5417 primus
1730 5347 1924 5415 Carn.,
1958 5364 2115 5419 oppo-

475 5424 619 5559 mzlc.)
649 5483 844 5559 Corb.,
879 5482 1031 5559 Belv.
1065 5488 1129 5559 et
1160 5485 1275 5541 duo
1307 5486 1527 5559 priores
1564 5490 1753 5559 Carn.,
1784 5489 2113 5547 curandum.

473 5556 635 5615 Trec.
660 5563 717 5613 et
744 5556 845 5625 al.,
882 5557 1244 5612 tolerandum.
1308 5556 1324 5559 “

549 5630 624 5699 td)
660 5628 888 5686 Primus
917 5632 1111 5695 Carn.,
1141 5631 1438 5695 superatis.

546 5705 622 5777 (e)
659 5702 739 5758 Ita
764 5702 953 5770 Gem.,
974 5700 1163 5769 Trec.,
1188 5699 1435 5767 Belvac.,
1454 5699 1649 5771 Corb.,
1671 5703 1894 5770 Norm.,
1913 5708 2023 5761 etc.
2050 5706 2116 5760 At

2224 4702 2458 4776 quando
2481 4718 2596 4775 quo
2609 4702 2951 4773 gradiantur
2973 4701 3263 4758 ostendat.
3280 4700 3420 4765 Quia
3443 4706 3499 4756 et
3520 4697 3707 4771 gallus
3728 4694 3873 4765 iste,

2224 4809 2395 4866 quem
2429 4809 2527 4863 pro
2559 4790 2937 4863 exprimenda
2970 4791 3107 4847 boni
3141 4791 3537 4863 praadicatoris
3583 4786 3777 4859 specie
3809 4784 3878 4841 in

2223 4881 2515 4939 locutione
2534 4899 2641 4937 sua
2655 4881 2938 4937 Dominus
2952 4881 3223 4947 assumit,
3239 4897 3371 4936 cum
3389 4880 3513 4951 jam
3537 4878 3704 4933 edere
3726 4891 3882 4931 can-

2222 4976 2319 5029 tus
2348 4974 2534 5042 parat,
2568 4969 2729 5041 prius
2755 4970 2879 5025 alas
2902 4970 3141 5040 excutit,
3168 4975 3227 5026 et
3247 4974 3630 5040 semetipsum
3657 4962 3883 5020 feriens

2223 5133 2423 5189 invitis
2457 5132 2593 5191 Mss.
2638 5137 3114 5204 repugnanteque
3156 5134 3338 5189 totius
3376 5130 3630 5204 oratonﬁis
3666 5144 3883 5204 sensu,

2225 5206 2574 5263 recentiores
2602 5201 2858 5261 Editores
2884 5201 3097 5260 habent
3122 5204 3542 5273 hic,loleretur.
3568 5203 3744 5258 Docet
3767 5201 3892 5273 Ita-

2225 5294 2338 5349 que
2362 5276 2673 5346 Gregorius
2690 5276 2886 5349 ﬁdeles
2909 5279 2965 5331 in
2999 5278 3323 5332 minoribus
3353 5278 3513 5349 vitiis
3528 5272 3890 5349 aliquandiu

2226 5346 2583 5413 tolerandos,
2609 5356 2668 5402 ut
2700 5348 2929 5403 facilius
2952 5365 2985 5403 a
3015 5349 3333 5419 majoribus
3354 5348 3632 5405 tollantur
3661 5354 3714 5401 et
3753 5346 3892 5400 exi-

2226 5426 2486 5477 mantur.

2297 5492 2367 5562 [f)
2401 5489 2694 5558 Rotbom.,
2730 5491 2883 5563 Lyr.,
2935 5496 2992 5547 et
3040 5492 3247 5549 tertius
3286 5492 3475 5562 Gem.,
3516 5488 3888 5546 studendum.

2297 5566 2377 5631 (ῃ)
2403 5563 2597 5624 Corb.,
2632 5566 2691 5617 in
2710 5564 3185 5633 pro/undiuribus.

2298 5630 2381 5705 (ἡ)
2400 5636 2461 5689 ln
2484 5633 2658 5690 Guss.
2683 5630 2902 5691 omissa
2922 5643 3044 5692 erat
3074 5636 3280 5692 vocula
3308 5635 3508 5707 potius.
3534 5634 3595 5707 In
3618 5631 3748 5688 aliis
3761 5630 3892 5707 ba-

2225 5704 2395 5766 betur
2431 5722 2445 5759 :
2481 5707 2789 5777 imprimat,
2821 5711 2884 5763 ut
2910 5710 3093 5779 potius
3124 5704 3339 5778 agendo
3378 5724 3548 5781 quam
3579 5704 3893 5780 loquendo.
