4136 6178
333 340 458 397 125

329 471 763 543 vigilantiorem
785 470 1000 539 reddit,
1021 470 1156 543 quia
1170 470 1450 528 nimirum
1477 488 1714 531 necesse
1733 480 1822 531 est
1847 480 1910 532 ut
1936 476 1993 532 hi

336 562 441 633 qui
463 562 630 618 verba
647 571 865 618 sanctis
879 559 1308 633 pradicationis
1322 560 1399 633 (τι)
1423 578 1550 619 mov
1561 570 1679 631 ent,
1701 564 1860 636 prius
1874 571 1994 621 stu-

341 650 444 705 dio
460 650 617 706 bona:
635 651 889 706 actionis
912 648 1211 721 evigilent,
1232 666 1305 705 ne
1326 650 1386 705 in
1408 652 1744 723 semetipsis
1759 658 1995 723 torpen-

344 746 430 796 tes
450 756 641 812 apere,
674 738 821 796 alios
849 739 1102 795 excitent
1122 755 1293 807 voce;
1329 740 1490 811 prius
1510 757 1572 796 se
1605 757 1705 812 per
1723 742 1998 799 sublimia

335 826 490 883 facta
517 828 843 892 excutiant,
861 835 915 883 et
940 834 1082 883 tunc
1113 828 1184 883 ad
1218 830 1363 884 bene
1393 829 1699 885 vivendum
1725 831 1870 886 alios
1892 831 1999 888 sol-

326 914 527 971 licitas
554 915 806 972 reddant
832 934 847 983 ;
882 917 1045 987 prius
1066 917 1485 988 cogitationum
1517 917 1628 973 alis
1657 919 1999 991 semetipsos

318 1004 583 1072 feriant;
613 1004 903 1076 quidquid
926 1004 989 1060 in
1010 1021 1073 1062 se
1102 1004 1389 1063 inutiliter
1408 1011 1617 1076 torpet,
1636 1007 1886 1065 sollicita
1908 1010 1999 1065 in-

1076 335 1412 401 REGULE
1455 341 1944 405 PASTORALIS
1989 344 2249 405 LIBER.
2299 378 2373 391 —-
2417 345 2624 409 PARS
2670 347 3016 418 QUARTA.

3636 349 3752 410 126

2106 478 2485 551 vestigatione
2498 480 2955 552 deprehendant,
2972 480 3243 537 districta
3254 479 3757 536 animadversione

2104 568 2435 640 corrigunt;
2468 574 2527 624 et
2548 575 2685 624 tunc
2717 570 2952 625 demum
2985 568 3234 626 aliorum
3264 570 3439 625 vitam
3466 568 3757 639 loquendo

2107 664 2459 728 componant
2483 676 2497 726 ;
2522 658 2686 730 prius
2708 659 2913 729 punire
2937 660 3168 730 propria
3200 658 3434 714 ﬂetibus
3454 664 3680 725 curent,
3700 662 3759 714 et

2109 753 2246 801 tunc
2263 763 2389 817 quae
2405 747 2650 803 aliorum
2671 748 2959 819 punienda
2975 748 3470 804 suntdenuntient
3488 767 3502 815 ;
3520 760 3573 803 et
3590 754 3756 803 ante-

2107 852 2280 906 quam
2311 837 2484 893 verba
2515 839 2933 893 exhortationis
2965 839 3257 908 insonent,
3282 854 3454 893 omne
3484 837 3640 908 quod
3674 838 3755 894 lo-

2109 925 2299 980 cuturi
2334 933 2493 997 sunt,
2527 927 2798 998 operibus
2831 926 3105 983 clament.

391 1131 474 1200 (α)
506 1130 740 1186 Excidit
772 1130 1116 1188 Editoribus
1135 1139 1385 1200 monent,
1424 1147 1527 1206 pro
1557 1140 1799 1203 movent,
1831 1136 1989 1207 quod
2012 1136 2273 1209 legimus
2304 1139 2365 1194 in
2398 1140 2676 1197 omnibus
2709 1141 2845 1199 Cod.
2878 1157 3023 1197 mss.

324 1283 3751 1313 ————————-———————————————_——_

1403 1438 2104 1578 quan-ra
2190 1443 2669 1548 rans.

468 1626 876 1700 QUALITER
916 1627 1836 1709 PRIEDICATORZOMNIBUS
1883 1632 2067 1693 RITE
2109 1633 2493 1695 PERACTIS
2536 1635 2638 1694 AD
2683 1635 3199 1698 SEMETIPSUM
3250 1635 3592 1709 REDEAT,

1038 1732 1143 1792 NE
1188 1730 1406 1791 HUNC
1450 1730 1601 1791 VEL
1645 1730 1827 1792 Vl'l‘A
1870 1732 2021 1792 νει
2068 1730 2565 1794 PBxEDlCATIO
2612 1735 3052 1795 EXTOLLAT.

401 1974 507 2031 Sed
532 1975 672 2048 quia
704 1993 855 2048 saepe
880 1976 1025 2034 dum
1049 1976 1382 2051 praedicatio
1405 1977 1595 2035 modis
1617 1976 1985 2050 cengruenti-
2017 1979 2063 2043 Β
2096 1976 2191 2032 nio
2211 1978 2452 2034 serviret
2469 1977 2695 2049 accepit
2718 1996 2733 2047 ;
2760 1977 3054 2050 opinionis
3089 1995 3209 2036 sua
3240 1978 3485 2051 gloriam
3509 1978 3757 2036 dilatare

320 2065 433 2121 bus
465 2066 716 2123 ubertim
751 2066 1033 2133 funditur,
1068 2066 1226 2139 apud
1262 2067 1640 2139 semetipsum
1693 2068 1763 2122 de
1792 2073 1991 2123 osten-

316 2156 486 2210 sione
499 2157 593 2211 sui
611 2156 963 2211 occultalzeti
974 2158 1053 2212 tia
1072 2156 1365 2228 loquentis
1386 2158 1616 2213 animus
1631 2156 1988 2225 sublevatur,

317 2260 541 2315 magna
574 2262 720 2301 cura
752 2262 985 2303 necesse
1021 2252 1113 2302 est
1164 2252 1227 2302 ut
1275 2246 1503 2302 timoris
1554 2244 1903 2302 laceratione
1931 2261 1991 2301 se

320 2332 620 2401 mordeat,
653 2351 727 2390 ne
756 2336 858 2406 qui
881 2336 1132 2391 aliorum
1156 2335 1397 2391 vulnera
1429 2336 1714 2392 medendo
1745 2335 1815 2391 ad
1841 2333 1991 2391 salu-

318 2427 443 2478 tem
478 2428 742 2493 revocat,
774 2424 898 2494 ipse
931 2440 1030 2495 per
1062 2424 1476 2497 negligentiam
1500 2441 1619 2480 suae
1654 2423 1865 2480 salutis
1896 2423 1988 2479 in-

317 2517 635 2583 tumescat,
669 2530 742 2570 ne
774 2514 1066 2585 proximos
1078 2515 1342 2586 juvando
1372 2531 1436 2571 se
1465 2515 1713 2582 deserat,
1750 2530 1821 2570 ne
1842 2514 1988 2571 alios

312 2604 551 2674 erigens
576 2602 768 2659 cadat.
788 2602 933 2660 Nam
957 2604 1314 2676 quibusdam
1340 2620 1493 2677 sepe
1516 2603 1858 2676 magnitudo
1880 2603 1991 2659 vir-

314 2692 460 2747 tutis
488 2693 729 2749 occasio
754 2693 1096 2765 perditionis
1117 2694 1225 2750 fuit
1254 2713 1268 2762 ;
1295 2700 1360 2751 ut
1378 2708 1511 2750 cum
1536 2695 1609 2750 de
1630 2693 1991 2749 conﬁdentia

310 2781 531 2836 virium
556 2782 890 2838 inordinate
918 2782 1111 2838 securi
1137 2790 1300 2849 sunt,
1331 2800 1430 2853 per
1458 2781 1870 2854 negligentiam
1896 2781 1986 2836 in-

318 2871 561 2943 Opinale
585 2878 977 2928 morerentur.
998 2870 1200 2927 Virtus
1232 2888 1487 2944 namque
1503 2887 1637 2927 cum
1656 2871 1810 2926 vitiis
1834 2871 1989 2926 reni-

318 2961 484 3029 titur,
520 2960 779 3031 quadam
814 2958 1200 3016 delectatione
1229 2961 1355 3032 ejus
1376 2959 1724 3031 sibimetipsi
1754 2960 1986 3014 animus

314 3050 665 3115 blanditur;
730 3049 909 3121 ﬁtque
968 3054 1033 3105 ut
1090 3050 1238 3106 bene
1285 3053 1512 3122 agentis
1553 3065 1714 3106 mens
1763 3054 1985 3105 metum

313 3156 437 3195 suae
458 3139 540 3209 (ιι)
562 3138 1112 3209 circumspectionis
1136 3138 1396 3209 abjiciat,
1413 3144 1591 3211 atque
1611 3138 1676 3194 in
1695 3137 1785 3193 sui
1807 3138 1980 3194 conﬁ-

318 3230 528 3285 dentia
558 3244 766 3285 secura
786 3229 1153 3301 requiescat;
1178 3232 1410 3299 cuijam
1443 3229 1692 3301 torpenti
1717 3230 1986 3285 seductor

325 3317 579 3373 callidus
608 3332 786 3373 omne
814 3317 969 3389 quod
1001 3317 1148 3373 bene
1174 3318 1356 3390 gessit
1386 3322 1714 3387 enumerat,
1736 3332 1984 3389 eamque

325 3408 495 3478 quasi
517 3423 635 3479 pris
650 3408 870 3463 caeteris
886 3423 998 3478 prae
1006 3406 1315 3478 pollentem
1340 3407 1399 3462 in
1431 3413 1657 3463 tumore
1675 3405 1981 3479 cogitatio-

321 3494 673 3552 nisexaltat.
699 3494 861 3551 Unde
879 3497 1093 3567 agitur,
1117 3496 1192 3567 (ὁ)
1216 3503 1278 3551 ut
1301 3496 1596 3567 antejusti
1612 3495 1830 3567 judicis
1845 3512 1981 3552 ocu-

314 3583 429 3651 los,
464 3587 633 3640 fovea
668 3585 884 3641 mentis
912 3584 988 3640 sit
1019 3586 1300 3640 memoria
1329 3584 1599 3653 virtutis;
1643 3586 1780 3658 quia
1806 3584 1977 3641 remi-

316 3674 609 3731 niscendo
639 3674 792 3745 quod
826 3675 1026 3746 gessit,
1060 3675 1203 3729 dum
1236 3691 1299 3731 se
1326 3676 1479 3747 apud
1513 3691 1575 3731 se
1604 3675 1791 3747 erigit,
1825 3674 1977 3744 apud

316 3764 393 3820 hu
406 3764 984 3821 militatisauctorem
1000 3765 1175 3820 cadit.
1194 3764 1340 3820 Hinc
1354 3781 1607 3836 namque
1620 3764 1979 3836 superbienti

316 3854 537 3909 anime
556 3854 804 3908 dicitur:
820 3854 934 3921 Quo
946 3852 1241 3924 pulchrior
1258 3871 1338 3921 es,
1360 3853 1635 3921 descende,
1650 3863 1714 3921 (ei
1728 3859 1782 3910 et
1802 3853 1981 3909 dormi

318 3956 451 3995 cum
472 3942 879 3997 incircumcisis
912 3942 1126 4013 (δισσὴ.
1148 3958 1324 4007 xxxu,
1350 3943 1463 4013 19).
1489 3949 1568 3998 Ac
1589 3941 1640 3997 si
1664 3947 1860 4014 aperte
1889 3938 1979 3995 di-

318 4038 592 4089 ceretur:
626 4032 773 4098 Quia
794 4048 864 4088 ex
894 4032 1176 4088 virtutum
1200 4033 1406 4088 decore
1422 4038 1475 4088 te
1492 4031 1703 4098 elevas,
1735 4032 1859 4103 ipsa
1882 4040 1984 4085 tua

322 4124 775 4197 pulchritudine
801 4123 1120 4197 impelleris
1145 4129 1207 4180 ut
1228 4125 1420 4181 cadas.
1444 4124 1588 4180 Hinc
1618 4126 1727 4180 sub
1746 4123 1983 4181 Jerusa-

320 4218 444 4269 lem
478 4215 696 4281 specie,
730 4212 941 4269 virtute
970 4214 1312 4285 superbieus
1368 4214 1569 4270 anima
1615 4213 1982 4284 reprobatur,

319 4318 463 4358 cum
486 4301 705 4357 dicitur
725 4318 740 4357 :
765 4304 1009 4373 Per/ecta
1030 4319 1153 4359 era:
1166 4304 1224 4359 in
1246 4302 1430 4359 decore
1450 4319 1593 4370 meo,
1612 4319 1769 4375 quem
1787 4317 1984 4374 posue-

321 4408 454 4446 ram
481 4407 655 4461 super
681 4400 751 4456 te,
786 4392 919 4447 dicit
960 4392 1220 4448 Dominus
1240 4409 1261 4455 ;
1301 4398 1350 4449 et
1382 4392 1587 4447 habens
1634 4391 1893 4462 ﬁduciam
1923 4394 1985 4446 in

317 4479 757 4553 pulchritudine
786 4487 901 4546 tua,
920 4481 1199 4554 fornicata
1230 4498 1284 4538 es
1303 4481 1362 4537 in
1389 4484 1610 4538 nomine
1640 4486 1730 4537 tuo
1762 4480 1981 4553 (Bacch.

320 4585 442 4636 xvi,
468 4570 557 4639 14,
592 4570 705 4641 45).
741 4570 977 4627 Fiducia
994 4570 1205 4642 quippe
1226 4587 1346 4626 sum
1379 4569 1836 4642 pulchritudinis
1857 4571 1983 4626 ani-

2096 2065 2412 2131 desiderat,
2449 2067 2665 2139 satagit
2690 2076 2752 2122 ut
2772 2067 3062 2123 mirabilis
3074 2068 3303 2123 cunctis
3324 2068 3669 2125 innotescat.
3692 2070 3760 2125 In

2093 2171 2200 2211 suo
2223 2170 2360 2227 ergo
2384 2156 2531 2211 101
2561 2156 2799 2212 nomine
2827 2156 3177 2225 fornicatur,
3201 2174 3330 2229 qua:
3368 2156 3570 2229 legalis
3602 2156 3757 2213 thori

2094 2244 2456 2299 connubium
2488 2244 2779 2308 deserens,
2834 2245 3154 2316 corruptori
3206 2246 3442 2316 spiritui
3473 2250 3530 2300 in
3564 2245 3758 2302 laudis

2099 2332 2361 2404 appetitu
2394 2332 2817 2389 substernitur.
2850 2332 2995 2389 Hinc
3027 2332 3206 2389 David
3241 2334 3323 2389 ait
3356 2349 3369 2388 :
3405 2333 3648 2390 Tradidit
3694 2337 3755 2389 in

2091 2423 2460 2492 captivitalem
2481 2424 2739 2478 virtutem
2762 2438 2970 2489 eorum,
2998 2426 3051 2478 et
3066 2422 3536 2494 pulchritudinem
3564 2439 3754 2479 eorum

2093 2513 2154 2567 in
2182 2529 2382 2568 manus
2402 2513 2624 2569 inimici
2652 2514 2823 2585 (Psal.
2868 2530 3072 2580 Lxxvn,
3102 2514 3217 2582 61).
3262 2514 3324 2569 In
3357 2513 3749 2586 captivitatem

2092 2601 2311 2657 etenim
2334 2600 2542 2667 virtus,
2572 2607 2629 2657 et
2658 2601 3031 2673 pulchritudo
3062 2601 3121 2657 in
3156 2619 3365 2659 manus
3388 2603 3606 2658 inimici
3632 2608 3753 2659 tra-

2092 2691 2271 2756 ditur,
2306 2707 2439 2745 cum
2473 2691 2725 2763 decepta
2767 2691 2947 2747 menti
2989 2692 3268 2763 antiquus
3301 2691 3486 2748 hostis
3517 2709 3585 2748 ex
3618 2691 3752 2749 boni

2092 2779 2287 2850 Operis
2305 2778 2554 2835 elatione
2567 2778 2905 2835 dominatur
2929 2795 3077 2851 :quae
3094 2789 3286 2835 tamen
3311 2780 3537 2837 virtutis
3552 2781 3750 2849 elatio,

2094 2867 2361 2939 quamvis
2390 2868 2562 2940 plene
2594 2885 2710 2925 non
2743 2874 2997 2941 superat,
3023 2875 3319 2941 utcunque
3348 2875 3543 2926 tamen
3565 2874 3622 2926 et
3642 2870 3756 2926 ele-

2092 2961 2318 3013 ctorum
2337 2958 2598 3013 animum
2612 2974 2761 3031 saepe
2785 2963 2967 3014 tenlat
2990 2979 3004 3027 ;
3028 2961 3124 3015 sed
3144 2976 3275 3015 cum
3293 2960 3632 3016 sublevatus
3650 2961 3751 3016 de-

2097 3046 2379 3116 stituitur,
2412 3048 2731 3104 destitutus
2760 3049 2831 3104 ad
2864 3048 3230 3105 formidinem
3259 3059 3577 3106 revocatur.
3603 3050 3748 3105 Hinc

2090 3138 2305 3193 etenim
2366 3137 2543 3193 David
2600 3140 2811 3193 iterum
2842 3140 2923 3195 ait
2955 3155 2969 3195 :
3018 3141 3123 3211 Ego
3151 3140 3276 3195 dixi
3304 3139 3365 3195 in
3404 3142 3749 3196 abundantia

2091 3244 2235 3294 mea,
2257 3243 2365 3284 non
2394 3227 2649 3284 movebar
2678 3230 2736 3283 in
2766 3237 3033 3285 a'lernum
3091 3230 3261 3297 (Psal.
3314 3246 3465 3298 χχιχ,
3524 3231 3602 3297 7).
3636 3229 3747 3285 Sed

2096 3317 2232 3387 quia
2250 3316 2320 3372 de
2342 3316 2696 3372 conﬁdentia
2709 3316 2940 3371 virtutis
2956 3317 3257 3378 intumuit.
3276 3317 3447 3388 paulo
3466 3318 3751 3389 postquid

2096 3404 2336 3479 pertulit
2356 3405 2622 3477 adjunxit
2654 3405 2952 3463 :Averh’sti
2971 3405 3171 3477 faciem
3196 3411 3350 3461 tuam
3385 3423 3416 3461 a
3447 3420 3551 3473 me,
3581 3417 3634 3461 et
3659 3407 3749 3473 fa-

2087 3502 2205 3552 ctus
2233 3513 2357 3552 sum
2388 3498 2749 3552 conturbatus
2778 3496 2969 3566 (Ibid,
3000 3496 3081 3568 8).
3116 3501 3194 3552 Ac
3223 3497 3273 3551 si
3304 3500 3501 3568 aperte
3536 3495 3698 3552 dicat
3729 3511 3745 3552 :

2090 3586 2319 3642 Fortem
2353 3602 2445 3642 me
2480 3585 2886 3641 intervirtutes
2924 3586 3168 3655 credidi,
3210 3586 3307 3641 sed
3332 3585 3746 3658 quantminﬁr-

2092 3676 2311 3731 mitatis
2342 3676 2451 3731 sim
2484 3674 2798 3731 derelictus
2828 3675 3057 3747 agnovi.
3086 3676 3231 3730 Hinc
3254 3692 3492 3731 rursum
3551 3674 3694 3731 dicit
3722 3691 3741 3733 :

2088 3769 2285 3824 Juravi
2302 3769 2539 3824 etstatui
2548 3767 2819 3823 custodire
2820 3766 3041 3838 judicia
3046 3767 3285 3837 justitim
3298 3768 3439 3834 ιυίε(
3447 3767 3535 3822 Ps.
3548 3782 3744 3834 cxviix,

2089 3855 2235 3925 406).
2250 3857 2357 3912 Sed
2381 3855 2664 3928 quiaejus
2677 3855 2885 3910 virium
2904 3871 3013 3910 non
3029 3860 3397 3910 eratmanere
3411 3857 3467 3910 in
3483 3854 3748 3911 custodia

2091 3944 2901 4018 quamjurabat,debilitatem
2917 3961 3084 4000 suam
3104 3943 3751 4016 protinusturbatusin-

2091 4036 2267 4091 venit.
2290 4035 2448 4092 Unde
2465 4043 2517 4089 et
2536 4034 2605 4089 ad
2630 4034 2818 4106 precis
2837 4050 3006 4106 opem
3031 4038 3269 4106 repente
3287 4050 3348 4089 se
3365 4033 3634 4101 contulit,
3657 4032 3746 4088 di-

2092 4141 2230 4181 cens
2256 4142 2269 4180 :
2306 4124 2651 4180 Ilumilialus
2666 4139 2783 4178 sum
2808 4139 3212 4196 usquequaque,
3238 4124 3466 4180 Domine
3486 4139 3508 4185 ;
3527 4123 3746 4192 vivi/ica

2092 4232 2181 4269 me
2207 4212 2507 4270 secundum
2528 4214 2750 4269 verbum
2766 4220 2920 4268 tuum
2938 4212 3289 4283 (lbid..cvu).
3313 4216 3747 4283 Nonnunquam

2091 4319 2226 4359 vero
2244 4302 2827 4374 supernamoderatio
2851 4304 3193 4375 priusquam
3218 4318 3321 4375 per
3348 4318 3592 4358 munera
3615 4318 3747 4374 pro-

2091 4391 2281 4459 vehat,
2302 4392 2661 4448 int’irmitatis
2684 4392 3026 4449 memoriam
3040 4394 3109 4447 ad
3134 4397 3384 4448 mentem
3410 4399 3750 4456 revocat,ns

2094 4482 2165 4538 de
2195 4481 2449 4552 acceptis
2479 4481 2792 4537 virtutibus
2844 4481 3220 4538 intumescat.
3271 4479 3435 4537 Unde
3483 4479 3751 4536 Ezechiel

2095 4572 2377 4642 propheta
2398 4570 2629 4641 quoties
2650 4571 2719 4625 ad
2743 4569 3197 4642 contemplanda
3217 4569 3472 4625 caelestia
3493 4569 3750 4637 ducitur,

327 4677 468 4716 mus
488 4660 798 4727 attollitur,
816 4677 948 4718 cum
970 4662 1039 4717 de
1061 4661 1342 4717 virtutum
1361 4660 1583 4717 meritis
1609 4660 1736 4717 laeta
1758 4661 1908 4732 apud
1924 4677 1987 4718 se
2024 4726 2055 4732 _
2098 4659 2250 4715 102
2276 4658 2437 4727 prius
2462 4658 2618 4713 ﬁlius
2636 4658 2895 4715 hominis
2924 4662 3161 4713 vocatur
3186 4677 3201 4726 ;
3223 4674 3289 4712 ac
3311 4657 3359 4712 si
3379 4656 3533 4711 hunc
3554 4664 3751 4727 aperte

327 4749 653 4806 securitate
681 4748 985 4822 gloriatur.
1003 4751 1113 4806 Sed
1137 4767 1237 4820 per
1256 4749 1405 4806 hanc
1428 4751 1689 4806 eamdem
1714 4726 1987 4806 ﬁduciam
2019 4726 2066 4792 Β
2098 4726 2377 4804 Dominus
2396 4748 2726 4818 admoneat,
2747 4747 2949 4803 dicens
2970 4762 2983 4801 :
3004 4749 3086 4802 Ne
3113 4746 3184 4801 de
3216 4744 3311 4802 his
3328 4761 3456 4817 quas
3475 4726 3656 4811 vides,
3690 4747 3749 4803 in

327 4840 406 4895 ad
467 4838 915 4896 fornicationem
947 4839 1213 4911 ducitur;
1248 4839 1387 4912 quia
1429 4856 1562 4896 cum
1603 4838 1982 4912 interceptam

333 4934 600 4985 mentem
635 4928 1014 5001 cogitationes
1045 4946 1168 4986 sum
1214 4929 1531 5002 decipiunt,
1564 4928 1717 4985 hanc
1748 4926 1987 5001 maligni

331 5018 583 5089 spiritus
608 5034 712 5088 per
741 5019 1046 5075 innumera
1065 5018 1209 5075 vitia
1229 5019 1560 5074 seducendo
1580 5020 1986 5090 corrumpunt.

332 5107 677 5165 Notandum
710 5123 843 5164 vero
856 5111 1009 5181 quod
1042 5108 1258 5165 dicitur
1278 5126 1292 5164 :
1319 5110 1617 5164 Fornicata
1629 5125 1681 5163 es
1692 5106 1752 5163 in
1764 5107 1992 5164 nomine

330 5208 426 5253 tuo
444 5215 468 5260 ;
486 5197 622 5268 quia
643 5214 776 5253 cum
794 5203 1114 5268 respectum
1132 5214 1298 5255 mens
1310 5197 1546 5269 superni
1571 5198 1809 5254 rectoris
1822 5198 1988 5253 dese-

328 5290 432 5353 rit,
466 5288 700 5343 laudem
735 5288 1000 5357 protinus
1029 5288 1316 5360 privatam
1354 5288 1584 5359 quaerit,
1616 5292 1673 5343 et
1702 5286 1815 5342 sibi
1836 5303 1992 5343 arro-

327 5391 473 5449 gare
495 5375 702 5449 incipit
718 5391 894 5434 omne
912 5377 1157 5444 bonum,
1182 5378 1335 5448 quod
1362 5382 1424 5431 ut
1445 5375 1732 5447 largitoris
1771 5391 1988 5447 praeco-

407 5543 488 5613 (a)
518 5540 977 5609 Gemeticenses,
1007 5542 1384 5613 suspectionis.

405 5611 481 5686 (ὁ)
505 5613 609 5672 Ed.
632 5615 807 5686 Gilot.
832 5620 889 5671 et
903 5611 1217 5682 nonnullae,
1249 5619 1376 5670 ante
1402 5611 1991 5686 stultijudiciuquod

338 5684 563 5763 Optime
589 5684 790 5745 referri
805 5690 997 5759 potest
1017 5686 1085 5744 ad
1103 5691 1354 5744 mentem
1378 5685 1555 5744 stulte
1576 5684 1646 5742 de
1669 5686 1795 5744 suis
1813 5684 1993 5744 virtu-

2098 4838 2350 4896 elatioue
2388 4854 2488 4894 cor
2516 4838 2810 4906 subleves,
2844 4840 3051 4894 cautus
3082 4839 3357 4907 perpente
3374 4835 3528 4907 quod
3556 4851 3653 4905 es;
3689 4845 3752 4893 ut

2098 4944 2231 4983 cum
2250 4944 2484 4984 summa
2498 4931 2787 5000 penetras,
2808 4942 2932 4982 esse
2951 4929 3007 4981 te
3022 4923 3323 4981 hominem
3342 4940 3749 4997 recognosces,

2099 5022 2389 5091 quatenus
2411 5018 2549 5072 dum
2576 5017 2730 5073 ultra
2746 5022 2802 5074 te
2824 5016 3065 5087 raperis,
3098 5015 3169 5072 ad
3195 5016 3570 5090 temetipsum
3590 5015 3749 5073 solli-

2098 5110 2250 5165 citus
2264 5107 2362 5163 inﬁ
2374 5106 2747 5163 rmitatistua»
2759 5108 2841 5177 (d)
2857 5108 3016 5163 freno
3030 5106 3505 5165 revoceris.Unde
3518 5123 3751 5164 necesse

2100 5202 2188 5255 est
2211 5202 2422 5254 utcum
2450 5196 2731 5251 virtutum
2757 5197 2926 5252 nobis
2956 5197 3123 5269 cupia
3146 5196 3467 5264 blanditur,
3487 5197 3557 5253 ad
3583 5197 3748 5251 inﬁr-

2101 5302 2199 5342 ma
2227 5302 2336 5342 sua
2368 5284 2581 5341 mentis
2611 5283 2813 5340 oculus
2864 5286 3081 5353 redeat,
3134 5301 3379 5357 seseque
3434 5285 3752 5342 salubriter

2101 5377 2371 5433 deorsum
2392 5378 2656 5447 premat;
2691 5389 2795 5430 nec
2809 5379 2964 5432 recta
2977 5392 3105 5449 quae
3136 5375 3273 5447 egit,
3296 5376 3397 5432 sed
3429 5392 3555 5448 quae
3576 5390 3748 5446 agere

2102 5539 2261 5597 tibus
2300 5539 2775 5607 praesumentem.
2809 5536 3196 5601 Adhaeremus
3227 5534 3367 5592 Mss.

2172 5610 2245 5688 (ᾳ)
2276 5604 2472 5688 Gorb.,
2502 5623 2662 5688 surge
2692 5610 3037 5688 quidarmis
3064 5626 3187 5670 cum
3215 5604 3642 5665 incircumcin't.

2174 5680 2250 5754 (d)
2286 5683 2433 5754 Lyr.,
2465 5680 2925 5737 consideratione.
