4136 6178
659 615 1227 704 ΡΒΑΞΕΑΤΙΟ
1290 606 1395 706 (α)
1457 615 1567 700 IN
1627 612 2157 700 DIALOGO:

2272 612 2664 700 SANCTI
2725 609 3284 700 GBEGOBII
3345 607 3742 717 MAGNI,

1787 768 2156 833 AUCTORE
2199 766 2606 830 ANONYMO.

581 1041 622 1094 ⁸1
637 1038 737 1096 2ο
754 1037 1130 1094 Ἐπαινοῦνται
1148 1037 1241 1110 μὲν
1255 1034 1476 1097 δικαίως
1495 1034 1862 1108 παρᾶπάντων
1879 1035 1930 1089 οἱ
1952 1035 2145 1109 ἀρετὴν

2339 1037 2488 1092 121
2523 1034 2730 1092 Merito
2761 1035 2996 1107 quidem
3026 1033 3254 1091 virtutis
3291 1038 3609 1092 sectatores
3638 1033 3913 1092 laudibus

503 1126 900 1200 μετερχόμενοι
913 1125 994 1180 ὀὗ
1008 1128 1110 1202 γὰρ
1127 1125 1279 1180 αὐτοὶ
1303 1125 1457 1198 μόνοι
1470 1129 1566 1180 τοῦ
1578 1123 1804 1201 κέρδους
1823 1123 2142 1199 μετέχουσιν

498 1213 646 1270 ἂλλὰ
659 1215 879 1279 καὶτοῖς
895 1214 1180 1289 μετέπειτα
1195 1214 1658 1290 ὀρθῶς(ὺ)βιῶναι
1671 1212 2144 1288 προαιρουμένοις,

497 1304 736 1381 καθάπερ
767 1299 1004 1378 ἔμπνουν
1040 1304 1222 1359 εἰκόνα
1252 1305 1339 1360 καὶ
1375 1303 1586 1374 στήλην
1617 1299 1890 1378 ἔμψυχον,
1935 1300 2024 1358 διὰ
2051 1311 2148 1372 τῆς

503 1399 729 1471 μνήμης
761 1397 961 1466 ταύτην
982 1397 1509 1470 καταλιμπάνουσιν.
1535 1395 2068 1468 Ἀξιεπαινετώτεροι
2091 1391 2149 1448 δὲ

503 1484 718 1561 μᾶλλον
744 1487 796 1541 cl
818 1491 990 1541 πᾶσαν
1011 1483 1252 1554 σπουδὴν
1276 1483 1714 1557 τιθέμενοι,μετὰ
1732 1485 1794 1538 τὸ
1808 1489 2150 1559 κατορθῶσαι

497 1579 597 1646 τὴν
626 1575 844 1648 ἀρετὴν,
867 1580 963 1631 τοῦ
986 1577 1080 1631 καὶ
1104 1577 1505 1650 συγγράμματα
1535 1579 1612 1647 τῷ
1647 1574 1752 1649 βίῳ
1783 1573 2149 1647 καταλείπειν,

504 1662 766 1736 δυνάμενα
797 1666 932 1736 πρὸς
975 1665 1173 1742 ἀρετὴν
1213 1665 1527 1739 γυμνάζειν,
1567 1663 1695 1726 τοὺς
1740 1665 1892 1737 πόθῳ
1938 1663 2154 1727 τούτοις

503 1752 954 1831 ἐντυγχάνοντας.
990 1756 1233 1828 Μεγίστη
1270 1755 1373 1831 γὰρ
1407 1751 1531 1814 ὁδὸς
1564 1754 1699 1827 πρὸς
1730 1755 1830 1821 τὴν
1852 1757 1948 1808 τοῦ
1978 1755 2153 1823 καθήο

502 1864 693 1904 κοντος
727 1843 933 1916 εὕρεσιν
965 1844 1000 1913 ἡ
1037 1843 1238 1916 μελέτη
1269 1847 1378 1898 τῶν
1413 1842 1571 1906 θείων
1604 1847 1826 1919 γραφῶν
1871 1845 2150 1916 (Basilius,

503 1936 665 2006 epist.
703 1936 727 1989 1
763 1935 832 1988 ad
859 1939 1084 2004 Gregor.
1119 1935 1304 2006 Nan).
1340 1934 1431 1990 Ἐν
1460 1931 1682 1988 ταύταις
1710 1933 1813 2006 γὰρ
1843 1931 1933 1986 καὶ
1963 1933 2019 1986 αἱ
2047 1938 2154 1986 τῶν

506 2022 749 2095 πράξεων
782 2021 1051 2092 ὑποθῆκαι
1077 2021 1436 2096 εὑρίσκονται,
1469 2023 1559 2077 γαὶ
1597 2023 1710 2097 βίοι
1741 2025 1848 2076 τῶν
1874 2023 2154 2097 μακαρίων

507 2107 717 2182 ἂνδρῶν
750 2109 1084 2184 ἂνάγραπτοι
1114 2107 1568 2183 παραδεδομένοι,
1602 2113 1719 2165 οἷον
1754 2110 1955 2172 εἱκόνες
2009 2111 2151 2173 τινὲς

508 2193 866 2276 ἔμψυχοιτῆς
888 2200 1025 2254 κατὰ
1039 2199 1167 2254 Θεὸν
1191 2197 1476 2262 πολιτείας
1493 2204 1571 2272 τῷ
1587 2202 1730 2273 μιμή
1743 2221 1869 2272 ματι
1882 2201 1989 2254 τῶν
2012 2199 2151 2276 ἀγα-

511 2289 619 2342 θῶν
633 2281 807 2361 ἔργων
823 2287 1420 2361 πρόκεινται’καθὼς(ο)
1433 2288 1523 2341 καὶ
1535 2308 1564 2342 τ
1575 2308 1676 2351 ινες
1686 2291 1795 2342 τῶν
1809 2288 1976 2361 ἁγίων
1990 2289 2023 2356 ἡ
2035 2293 2150 2360 μῶν

2259 1125 2525 1181 omnium
2558 1125 2948 1183 celebrantur.
2975 1124 3174 1196 Neque
3192 1123 3347 1181 enim
3378 1124 3488 1181 sibi
3520 1123 3661 1181 solis
3685 1124 3912 1180 lucrum

2257 1218 2617 1286 comparant,
2653 1230 2849 1270 verum
2875 1214 3049 1270 etiam
3081 1213 3328 1286 posteris
3360 1218 3514 1271 recte
3541 1213 3772 1270 vivendi
3794 1222 3912 1269 stu-

2257 1305 2353 1359 dic
2366 1305 2577 1359 deditis
2599 1302 2757 1359 illam
2775 1302 2934 1359 velut
2955 1304 3243 1360 viventem
3260 1303 3578 1376 quamdam
3593 1302 3912 1375 imaginem

2257 1397 2314 1447 et
2343 1392 2660 1446 unimatam
2688 1397 2943 1446 statuam
2970 1392 3259 1447 factorum
3283 1408 3526 1447 suorum
3553 1390 3910 1464 relinquunt.

2256 1483 2359 1537 Sed
2396 1482 2577 1538 multo
2608 1483 2879 1553 ampliori
2907 1481 3081 1538 laude
3111 1483 3271 1554 digni
3304 1483 3582 1539 censendi
3612 1485 3770 1548 sunt,
3803 1481 3912 1553 qui

2261 1577 2392 1645 post
2421 1572 2652 1628 virtutis
2683 1589 2857 1645 opera
2883 1589 3054 1629 omne
3084 1574 3345 1630 studium
3378 1573 3437 1628 in
3470 1590 3536 1630 eo
3571 1578 3912 1644 posuerunt,

2267 1667 2332 1717 ut
2361 1663 2577 1734 scripta
2610 1663 2829 1718 mundo
2856 1661 3270 1732 relinquerent,
3321 1678 3449 1734 qua:
3493 1678 3613 1730 eos,
3647 1663 3746 1733 qui
3777 1679 3911 1718 cum

2265 1751 2473 1807 atl‘ectu
2502 1751 2602 1806 illa
2630 1751 2909 1822 legerent,
2943 1751 3012 1806 ad
3037 1752 3314 1807 virtutem
3349 1752 3655 1808 instituere
3677 1756 3734 1807 et
3753 1767 3911 1809 exer-

2263 1858 2391 1896 cere
2411 1847 2668 1911 possent.
2691 1840 2943 1896 Maxima
2959 1840 3113 1896 enim
3131 1841 3224 1896 via
3242 1841 3312 1896 ad
3335 1841 3388 1896 id
3416 1842 3571 1913 quod
3593 1841 3912 1899 honestum

2265 1930 2793 1996 estinveniendum,
2817 1931 3042 2001 Scriptu
3054 1947 3250 1986 rarum
3271 1930 3600 1986 divinarum
3623 1936 3713 1988 est
3735 1933 3914 1988 medi-

2264 2020 2446 2086 tatio;
2480 2018 2771 2091 siquidem
2794 2021 2851 2075 in
2884 2020 2952 2075 iis
2977 2020 3270 2075 actionum
3305 2026 3593 2092 praecepta
3617 2020 3914 2090 reperiun-

2262 2114 2380 2176 tur,
2400 2117 2457 2165 et
2484 2109 2617 2164 vitae
2646 2113 2977 2165 sanctorum
2999 2109 3259 2165 virorum
3291 2109 3531 2182 scriptis
3551 2111 3776 2165 tradita:
3799 2110 3908 2166 vel-

2262 2198 2622 2270 utiquaedam
2636 2199 2841 2254 divinae
2865 2199 3907 2273 conversationisimaginesanimatm

2262 2289 2331 2344 ad
2365 2286 2751 2343 imitationem
2785 2287 3072 2343 bonorum
3116 2304 3360 2360 operum
3409 2288 3714 2360 propositis
3747 2293 3910 2357 sunt,

511 2375 760 2450 πατέρων
773 2375 1102 2449 περὶ-τούτου
1120 2373 1784 2455 ἐφιλοσόφησαν.ῐιολλῶν
1801 2377 1981 2431 τοίνυν
1991 2397 2157 2431 σπου-

2272 2382 2442 2450 prout
2456 2378 2695 2450 quidam
2710 2383 3051 2435 sanctorum
3064 2382 3301 2435 Patrum
3316 2383 3650 2435 nostrorum
3666 2378 3916 2449 philoso-

519 2462 685 2519 δαίων
701 2462 907 2540 ἀνδρῶν
921 2465 1057 2520 κατὰ
1071 2467 1169 2534 τήν
1187 2463 1421 2520 παλαιὰν
1433 2467 1523 2520 καὶ
1539 2468 1728 2535 καινήν
1746 2463 2013 2536 διαθήκην
2033 2487 2164 2540 συγ-

526 2553 830 2628 γράμματα
848 2552 1434 2625 καταλελοιπότων,τῷ
1465 2555 1590 2629 βίῳ,
1606 2555 1846 2630 ἱστορίας
1865 2575 1922 2609 τε
1938 2553 2044 2610 τῶν
2068 2575 2163 2628 γε·

526 2643 765 2718 γονότων
800 2643 889 2697 καὶ
918 2643 1254 2721 προφητείας
1278 2648 1384 2698 τῶν
1413 2642 1730 2716 μελλόντων
1752 2643 2166 2719 περιέχοντα,οὐ

530 2733 642 2806 μὴν
664 2728 810 2786 ἀλλὰ
833 2731 987 2806 βίους
1008 2731 1180 2808 ἁγίων
1201 2734 1288 2786 καὶ
1313 2729 1574 2806 ἐναρέτων
1595 2731 1936 2806 cii/896w,th
1949 2753 2007 2788 τε
2029 2733 2164 2788 κατὰ

517 2823 616 2891 τὴν
632 2821 936 2892 Ἀνατολτςν
955 2823 1042 2877 καὶ
1061 2820 1328 2899 Λῖγυπτον
1342 2821 1394 2877 ἒν
1415 2823 1636 2894 ἀσκήσει
1653 2821 2078 2899 διαπρεψάντων·
2105 2825 2163 2880 ἐκ

513 2911 819 2984 πνεύματος
850 2911 1004 2986 ἁγίου
1034 2912 1297 2982 κινηθεὶς,
1319 2912 1410 2967 καὶ
1431 2914 1458 2966 ὁ
1476 2913 1675 2974 παντὸς
1702 2911 1917 2968 ἐπαίνου
1941 2912 2159 2988 ὑπέρτε-

517 3018 608 3076 ρος
631 3001 659 3055 ὁ
681 2997 734 3056 ἰν
759 3000 941 3075 ἁγίοις
955 3002 1135 3076 πατὴρ
1154 3003 1315 3073 ἡμῶν
1331 3002 1636 3077 Γρηγόριος
1652 3003 1679 3057 ὁ
1701 3003 2158 3076 παμμακὰριστος

513 3089 542 3144 ό
559 3096 659 3160 τῆς
679 3087 1082 3165 μεγαλωνύμου
1096 3089 1312 3152 πόλεως
1329 3091 2156 3167 Ῥώμηςγένόμενοςπάπας,σὺν

510 3180 598 3234 καὶ
619 3179 824 3252 ἑτέροις
848 3177 1127 3240 πλείστοις
1152 3175 1368 3254 βίϐλοις
1385 3178 1580 3235 κάλλει
1602 3201 1660 3235 τε
1683 3178 1879 3252 λέξεως
1901 3182 1991 3236 καὶ
2009 3183 2160 3256 βάθει

510 3269 804 3341 νοημάτων
825 3265 1344 3341 διαλάμπουσιν,καὶ
1367 3267 1493 3330 τοὺς
1511 3269 1664 3343 βίους
1677 3275 1786 3324 τῶν
1807 3269 1859 3324 ἐν
1870 3274 1938 3344 τῇ
1954 3268 2160 3340 Ἰταλίᾳ

515 3353 928 3432 διαπρεψάντων
952 3358 1122 3431 ἁγίων
1149 3354 1380 3431 ἀνδρῶν,
1502 3359 1619 3412 καθ’
1643 3357 1734 3419 οὕς
1749 3379 1806 3413 τε
1819 3359 2054 3433 χρόνους
2067 3361 2158 3414 καὶ

512 3445 714 3507 τόπους
744 3445 1050 3524 γεγόνασιν,
1073 3446 1123 3500 ἐν
1144 3448 1391 3519 τέσσαρσι
1422 3441 1662 3520 βιϐλίοις
1683 3451 1756 3519 (ι)
1777 3451 1845 3520 τῇ
1871 3448 2160 3520 Ῥωμαίων

513 3532 784 3607 διαλέκτῳ
817 3532 1169 3609 διεγράψατο.
1212 3533 1542 3590 Διελθόντων
1586 3533 1641 3590 δὲ
1671 3533 1780 3606 ἤδη
1832 3557 1936 3590 που
1976 3537 2159 3592 ἑκατὸν

514 3624 775 3692 ἕξήκοντα
793 3621 947 3677 πέντε
969 3623 1343 3691 ἐνιαυτῶν,καὶ
1370 3620 1604 3695 μηδενὸς
1625 3627 1731 3678 τῶν
1756 3626 1965 3679 πάντων
1991 3647 2154 3681 σπου-

518 3708 617 3780 δῆν
634 3710 856 3784 θεμένου
870 3710 956 3764 ἐπὶ
979 3712 1296 3779 τῆνταυτῶν
1329 3714 1655 3789 μετάφρασιν
1681 3712 1740 3767 ἐκ
1759 3715 2157 3787 τῆς,Ῥωμαίας

520 3799 596 3862 εἷς
610 3797 957 3868 τὴνἙλλάδα
969 3797 1216 3875 γλῶτταν
1229 3844 1240 3866 ,
1259 3801 1286 3854 ὁ
1301 3799 1360 3854 ἐκ
1379 3807 1478 3868 τῆς
1499 3799 1698 3855 ἄνωθεν
1716 3803 1783 3875 ιῙ)
1800 3802 1973 3874 ῥοπῆς
1987 3806 2160 3882 ψηφι-

521 3889 662 3951 σθεὶς
695 3891 906 3962 ποιμήν
933 3909 991 3944 τε
1020 3888 1110 3943 καὶ
1133 3889 1517 3964 ποιμενάρχης
1539 3889 1627 3944 καὶ
1647 3887 1846 3964 ὁδηγὸς
1869 3888 2161 3966 όρθοδόξου

519 3980 777 4046 πίστεως,
813 3979 846 4032 ἆ
881 3982 978 4032 τοῦ
1015 3974 1393 4054 προτοϐάϐρου
1431 3984 1537 4034 τῶν
1580 3977 1904 4035 ἀποστόλων
1954 3982 2161 4056 Πέτρου

521 4065 783 4143 διάδοχος
831 4068 1126 4145 Ζαχαρίας,
1159 4069 1186 4122 ὁ
1216 4070 1696 4142 τρισμακάριστος,
1729 4071 1820 4125 καὶ
1852 4070 2160 4146 ἷσὰγγελος,

519 4157 761 4214 ἇποστολ
773 4158 883 4220 ικὸς
897 4158 987 4213 καὶ
1009 4159 1262 4232 οἰκουμεν
1274 4161 1386 4221 ικὸς
1399 4160 1859 4239 πάπας,φιλόθεος
1880 4160 1950 4216 ὢν
1967 4164 2054 4217 καὶ
2075 4185 2162 4239 φι-

2275 2467 2434 2540 phati
2469 2472 2629 2523 sunt.
2662 2467 2943 2524 Caeterum
2967 2485 3102 2524 cum
3124 2468 3294 2524 multi
3323 2467 3648 2524 exstiterint
3668 2467 3918 2524 studiosi

2273 2557 2382 2611 viri
2417 2561 2532 2612 tam
2567 2557 2624 2612 in
2659 2558 2838 2613 Veteri
2873 2575 3052 2630 quam
3092 2559 3151 2614 in
3185 2558 3340 2614 Novo
3371 2562 3762 2627 Testamento,
3812 2557 3918 2629 qui

2275 2649 2494 2716 scripta
2527 2647 2948 2718 praeteritarum
2981 2665 3176 2704 rerum
3208 2647 3482 2703 historias
3511 2653 3567 2702 et
3589 2649 3917 2704 futurarum

2274 2735 2677 2806 praedictiones
2707 2736 3063 2792 continentia
3099 2737 3225 2792 orbi
3257 2736 3640 2807 reliquerunt,
3693 2752 3922 2792 necnon

2272 2824 2431 2879 Vitas
2451 2835 2774 2880 sanctorum
2792 2827 3071 2881 etvirtute
3085 2826 3456 2898 praedilorum
3473 2825 3800 2894 hominum,
3817 2825 3923 2897 qui

2271 2930 2374 2986 per
2403 2913 2696 2969 Orientem
2729 2923 2782 2969 et
2804 2915 3112 2987 Egyptum
3146 2915 3204 2969 in
3230 2915 3345 2970 vita
3377 2913 3704 2970 monastica
3732 2914 3925 2970 excel-

2271 3001 2524 3068 luerunt,
2554 3001 2771 3072 Spiritu
2802 3009 3005 3058 sanctc
3040 3007 3251 3070 motus,
3298 3001 3458 3058 omni
3507 3001 3678 3058 laude
3735 3002 3926 3073 major

2271 3095 2505 3146 sanctus
2519 3095 2684 3146 Pater
2697 3097 2893 3147 noster
2907 3091 3220 3163 Gregorius
3232 3091 3610 3147 beatissimus
3623 3098 3678 3146 et
3691 3089 3922 3162 inclyta

2271 3179 2431 3234 urbis
2456 3179 2652 3234 Romae.
2685 3197 2856 3252 papa,
2891 3197 3008 3236 una
3038 3197 3174 3236 cum
3200 3180 3474 3252 plurimis
3497 3179 3625 3236 aliis
3647 3179 3813 3236 libris
3834 3180 3925 3235 di-

2269 3267 2476 3323 cticnis
2506 3274 2807 3325 venustate
2855 3274 2911 3325 et
2951 3285 3232 3326 sensuum
3283 3269 3682 3342 profunditate
3715 3268 3923 3324 niten-

2268 3356 2624 3426 tibus,Vitas
2645 3359 2822 3414 etiam
2847 3365 3192 3415 sanctorum
3217 3359 3525 3415 hominum
3545 3357 3646 3430 qui
3670 3359 3728 3413 in
3753 3357 3928 3414 Italia

2268 3445 2592 3516 eluxerunt,
2625 3455 2678 3502 et
2727 3464 2842 3518 quo
2891 3453 3154 3520 tempore
3201 3449 3484 3520 quibusve
3539 3449 3596 3503 in
3630 3447 3775 3504 locis
3807 3447 3926 3502 ﬂo-

2269 3539 2534 3600 ruerunt,
2567 3545 2822 3606 quatuor
2852 3535 3017 3592 libris
3048 3537 3255 3593 Latina
3293 3537 3496 3610 lingua
3547 3534 3922 3607 conscripsit.

2268 3625 2409 3678 Cum
2435 3631 2630 3678 autem
2657 3625 3017 3681 efﬂuxissent
3040 3625 3118 3698 (h)
3135 3627 3257 3696 jam
3281 3631 3511 3682 centum
3535 3629 3592 3681 et
3613 3626 3927 3696 sexaginta

2276 3714 2531 3783 quinque
2555 3717 2718 3782 anni,
2748 3721 2804 3770 et
2834 3733 2903 3771 ex
2935 3717 3211 3772 omnibus
3243 3733 3414 3772 nemo
3447 3722 3713 3788 repertus
3764 3719 3926 3771 esset

2275 3802 2374 3874 qui
2411 3805 2480 3857 ad
2502 3804 2662 3875 ipsos
2693 3821 2762 3860 ex
2795 3805 3000 3861 Latina
3030 3805 3233 3878 lingua
3272 3805 3332 3860 in
3381 3805 3638 3862 Graecam
3670 3805 3927 3861 transfe-

2273 3893 2484 3947 rendos
2515 3909 2747 3964 cperam
2785 3893 3170 3965 impenderet,
3203 3894 3398 3951 divino
3431 3895 3677 3952 consilio
3700 3894 3929 3951 electus

2273 3985 2491 4052 pastor,
2515 3987 2571 4036 et
2592 3983 2859 4054 princeps
2887 3988 3213 4055 pastorum,
3248 3983 3584 4040 orthodoxa;
3617 3983 3753 4040 ﬁdei
3783 3984 3930 4054 dux,

2273 4076 2329 4125 et
2359 4071 2640 4142 principis
2668 4077 3065 4143 apostolorum
3099 4073 3250 4129 Petri
3267 4089 3569 4130 successor
3587 4072 3926 4142 Zacharias,

2273 4162 2592 4227 terbeatus,
2615 4169 2668 4216 el
2685 4163 2907 4234 angelis
2932 4180 3053 4235 par,
3081 4163 3438 4235 apostolicus
3455 4169 3513 4220 et
3527 4163 3933 4220 mcumenicus

517 4245 869 4317 λόκαλοςτὴν
886 4247 1096 4322 ψυχὴν,
1118 4248 1207 4302 καὶ
1223 4246 1352 4302 ὅλον
1368 4248 1552 4303 ἑαυτὸν
1563 4249 1771 4313 ἀναθεὶς
1788 4253 1855 4322 τῇ
1883 4249 2164 4325 μελλούσῃ

523 4333 925 4410 μισθαποδοσίᾳ
956 4339 1088 4408 μετὰ
1125 4339 1340 4392 πάντων
1365 4337 1530 4392 αὐτοῦ
1563 4343 1670 4393 τῶν
1709 4338 1925 4416 ἀγαθῶν
1964 4361 2164 4415 κατορ-

522 4425 790 4500 θωμάτων
813 4425 1092 4499 ἐπιμελῶς
1125 4426 1414 4502 σχολάζων
1437 4433 1555 4489 ταῖς
1581 4428 1747 4492 θείαις
1771 4431 2164 4509 γραφαῖς,κατᾶ

518 4517 620 4585 τὴν
653 4515 878 4586 ἐντολὴν
921 4519 1017 4571 τοῦ
1048 4517 1239 4590 κυρίου
1270 4517 1368 4585 τὴν
1398 4517 1724 4587 φάσκουσαν,
1765 4519 2043 4594 Ἑρευνᾶτε
2070 4521 2167 4584 τὰς

520 4605 752 4685 γραφὰς.
799 4603 850 4660 ἐν
893 4605 1079 4668 αὐταῖς
1127 4607 1227 4682 γὰρ
1270 4604 1476 4661 δοκεῖτε
1524 4609 1670 4676 ζωήν
1723 4607 1942 4663 αἰώνιον
1993 4602 2158 4685 ἔχειν·

488 4732 494 4734 -
520 4693 878 4772 ἐπιμνησθεὶς
906 4695 1030 4771 περὶ
1060 4699 1156 4750 τοῦ
1191 4697 1316 4770 βίου
1347 4695 1562 4766 καὶτῆς
1595 4697 1877 4760 πολιτείας
1909 4703 2012 4753 τῶν
2028 4700 2164 4755 κατὰ

519 4785 620 4852 τήν
654 4783 924 4854 ἀνατολήν
955 4786 1262 4860 γενομένων
1297 4783 1461 4862 ἁγίων
1494 4787 1739 4861 πατέρων
1769 4787 1859 4841 καὶ
1889 4787 2161 4859 ἀσκητῶν,

527 4871 735 4946 βουλὴν
767 4872 990 4947 ἀρίστην
1015 4869 1400 4944 ἐϐουλεύσατο,
1423 4879 1519 4929 τοῦ
1541 4877 1631 4930 καὶ
1653 4878 1728 4949 (g)
1759 4877 1856 4939 τὰς
1881 4876 2042 4939 αὐτας
2077 4878 2166 4952 βί-

2272 4267 2443 4323 papa,
2477 4267 2608 4306 cum
2643 4253 2898 4308 animam
2931 4252 3166 4309 haberet
3189 4253 3290 4310 Dei
3322 4260 3377 4311 et
3400 4254 3809 4327 praeclararum
3836 4269 3936 4310 re-

2275 4355 2402 4396 rum
2435 4345 2747 4409 amantem,
2781 4346 2837 4397 et
2858 4347 3044 4398 totum
3074 4359 3136 4398 se
3167 4343 3540 4400 retributicni
3564 4343 3768 4399 futuras
3792 4359 3940 4399 con-

2274 4433 2578 4497 secrasset,
2605 4431 2756 4484 inter
2785 4436 2990 4487 caetera
3021 4431 3092 4487 ab
3125 4432 3250 4502 ipso
3273 4433 3546 4503 praeclare
3576 4437 3766 4505 gesta,
3789 4431 3933 4490 dili-

2275 4528 2476 4590 genter
2504 4520 2818 4592 Scripturis
2839 4521 3053 4578 divinis
3090 4538 3324 4592 vacans,
3371 4525 3538 4595 juxta
3570 4527 3934 4595 praeceptum

2274 4608 2500 4664 Domini
2519 4611 2761 4666 dicentis
2785 4627 2798 4664 :
2829 4610 3180 4666 Scrutamini
3199 4612 3535 4684 Scripturas,
3550 4612 3683 4684 quia
3702 4614 3759 4667 in
3783 4610 3940 4684 ipsi:

2273 4697 2539 4753 videmini
2566 4701 2735 4754 vitam
2762 4710 3030 4756 scier-nam
3059 4701 3261 4756 habere
3285 4702 3464 4771 (Joan.
3497 4718 3551 4770 v,
3583 4700 3694 4773 19).
3717 4701 3935 4757 Recor-

2275 4787 2445 4843 datus
2474 4787 2602 4844 vitae
2633 4796 2689 4844 et
2726 4789 3183 4846 conversationis
3210 4795 3551 4847 sanctorum
3593 4794 3834 4846 Patrum
3867 4793 3937 4846 et

2275 4877 2696 4934 monachorum
2730 4879 2830 4951 qui
2851 4879 2910 4934 in
2934 4879 3168 4937 Oriente
3191 4881 3482 4948 vixerunt,
3501 4879 3790 4952 optimum
3813 4878 3940 4935 sci-

525 4956 699 5022 6λους
720 4961 814 5022 τὰς
835 4963 979 5037 παρᾶ
1002 4969 1109 5018 τῶν
1134 4963 1386 5039 ἀνωτέρω
1411 4967 1895 5038 μνημονευθέντων
1924 4987 2157 5043 συγγρα-

2275 4964 2409 5022 licet
2437 4968 2690 5039 suscepit
2720 4968 3022 5025 consilium
3038 4969 3349 5026 tamlibros
3373 4969 3504 5026 illos
3522 4987 3556 5026 a
3583 4970 3724 5026 viris
3747 4984 3943 5039 supra

525 5049 709 5130 φείσας
737 5055 805 5125 τῇ
838 5052 1085 5125 Ῥωμαία
1115 5051 1408 5127 διαλέκτῳ,
1436 5056 1531 5115 τὰς
1560 5075 1618 5109 τε
1648 5054 2010 5133 περιεχούσας
2055 5062 2157 5111 τῶν

2277 5058 2617 5112 memoratis
2642 5057 2840 5112 Latina
2862 5056 3062 5128 lingua
3083 5060 3463 5131 conscriptos,
3491 5075 3670 5130 quam
3695 5073 3793 5114 eos
3817 5057 3940 5127 qui

523 5138 661 5194 κατᾶ
688 5139 787 5209 τὴν
809 5139 1042 5197 Ἰταλίαν
1077 5139 1485 5219 διαπρεψάντων
1505 5142 1672 5219 ἁγίων
1695 5143 1942 5219 πατέρων
1957 5143 2157 5219 ἀρετὰς,

2277 5145 2745 5218 complectuntur
2773 5148 3016 5205 virtutes
3069 5157 3404 5206 sanctorum
3446 5148 3680 5206 Patrum
3736 5147 3839 5220 qui
3868 5148 3942 5203 in

597 5327 668 5395 (at
699 5327 874 5384 Abest
903 5347 936 5384 a
967 5328 1280 5386 Ccdicibus
1333 5328 1575 5395 Latinis,
1622 5335 1676 5387 et
1716 5331 1788 5387 ab
1829 5331 1934 5386 Ed.
1979 5329 2165 5386 Vatic.

525 5397 946 5475 Exs‘at_G_raec_e
976 5403 1033 5455 in
1067 5403 1202 5457 Cod.
1240 5403 1378 5475 Reg.
1420 5405 1582 5472 2934,
1611 5411 1668 5460 et
1696 5404 1851 5460 Colb.
1888 5404 2046 5458 2500.

599 5471 675 5543 (b)
706 5472 867 5528 Colb.
906 5472 1075 5544 βιοῦν.

599 5546 673 5666 (εἴ
708 5545 838 5597 Mss.
873 5542 962 5596 καί
991 5565 1093 5597 τινι
1115 5549 1312 5603 τῶν....
1355 5543 1816 5628 πεφιλοσόφηται.

600 5615 619 5677 (
659 5620 677 5677 )
708 5613 845 5669 Mss.
886 5615 1006 5668 καθ’
1036 5613 1190 5677 οἵους
1222 5637 1299 5673 τε.

767 5631 845 5669 $8.
886 5631 1003 5668 κατϊ
1036 5631 1190 5673 σιους
1222 5637 1299 5673 τε.

598 5615 677 5750 γά)
708 5615 845 5669 Mss.
886 5615 1006 5668 καθ’
1036 5615 1190 5679 ο⁹ίους
1222 5638 1242 5672 1

609 5684 672 5760 ‘6)
700 5683 860 5760 9911).
889 5687 957 5760 τῇ
989 5686 1242 5760 Ῥομαία.

598 5753 673 5825 (n
702 5753 842 5812 Msa.
877 5753 1020 5820 θείας
1049 5753 1245 5835 ῥοπῆς.

2349 5322 2695 5404 (ρλϐοιὺθτὶ.
2721 5325 2832 5387 Τὰς
2863 5325 3025 5404 αύτὰς
3065 5327 3325 5404 τέσσᾳρᾷς
3367 5321 3599 5404 βίϐλους
3635 5326 3787 5404 παρα
3830 5328 3946 5404 τρῖ)

2280 5393 2534 5475 ἐνωτέρω
2616 5398 3082 5475 μνημονευθέντος
3149 5393 3410 5474 ἀόίδίμυύ
3484 5393 3944 5475 πατρὸς’ἡμῶν

2279 5466 2593 5545 Γρῃλγορίου
2619 5466 3046 5545 συγγραφείσας.

2353 5539 2432 5611 (Ιι)
2453 5539 3031 5618 Χοιιηιιοέῧίεοοουε,
3051 5545 3153 5601 lib.
3169 5563 3243 5616 iv,
3268 5547 3501 5618 cap.75,
3522 5549 3791 5618 numerat
3803 5559 3951 5618 cen-

2280 5614 2408 5690 tum
2441 5617 2498 5666 et
2520 5618 2901 5690 septuaginta
2953 5614 3464 5690 quinquevanncs.
3491 5614 3840 5690 Utrumque
3868 5617 3948 5675 in

2282 5681 2664 5756 Chronologia
2694 5681 2999 5747 aberrasse
3028 5681 3394 5749 ostendimus
3425 5689 3484 5746 in
3515 5689 3675 5764 praef.
