4210 6160
471 394 587 457 181

1669 398 1957 460 SANCTI
2003 393 2378 458 GBEGORII
2430 393 2699 456 MAGNI

3770 388 3887 448 152

479 525 615 598 ἐστι,
647 523 736 582 διὰ
757 525 815 583 δὶ
837 530 1158 609 προσθήκης
1179 526 1372 596 νεάζει.
1397 533 1467 601 (a)
1500 528 1863 607 Ταλαιπωρεῖ
1882 531 2064 586 τοίνυν
2087 531 2122 600 ἡ

2262 529 2534 602 ιιιοωοιιο
2560 529 2611 584 ei
2642 523 2900 582 labentia
2917 525 3131 581 cuncta
3149 521 3350 578 subter
3373 524 3580 590 erant;
3603 526 3892 609 quantum

479 619 635 693 ψυχή
662 639 767 692 μου
783 619 851 692 τῇ
883 619 1076 687 ἑαυτῆς
1100 616 1361 692 ἀσχολίᾳ,
1385 620 1694 694 νυσσομένη
1717 625 1797 693 τῷ
1825 621 2115 695 τραύματι.

479 706 829 780 Μνημονεύει
843 707 946 782 γὰρ
961 708 1123 762 ὁποία
1135 708 1266 763 ποτὲ
1279 707 1331 763 ἐν
1343 711 1422 781 τῷ
1437 710 1824 785 μοναστηρίιρι
1837 713 1930 770 51
1954 711 2060 780 ὑπῆ
2072 729 2126 786 ρ-

2233 619 2410 676 rebus
2431 617 2710 676 omnibus
2733 631 2860 688 qua
2879 613 3194 676 volvuntur
3212 611 3511 669 eminebat
3530 611 3708 681 ;quod
3731 608 3900 668 nulla

2231 709 2346 766 nisi
2379 708 2639 765 coelestia
2667 706 2922 777 cogitare
2959 711 3369 771 consueverat;
3402 702 3555 774 quod
3588 702 3769 758 etiam
3801 716 3896 757 reo

479 815 568 872 γε’
603 799 720 872 πῶς
753 794 888 869 αὐτῇ
925 797 1097 851 πάντα
1126 798 1192 852 τά
1226 798 1302 870 μή
1335 799 1602 868 ἀνήκοντα
1639 800 1907 856 ὑπέκειτοο
1940 801 2123 855 πόσων

2262 802 2429 854 entus
2451 813 2713 871 corpore,
2737 796 2867 867 ipsa
2881 795 3008 867 jam
3031 792 3228 850 carnis
3247 791 3510 848 claustra
3529 787 3894 862 contempla-

479 885 816 957 πραγμάτων
837 888 945 939 τῶν
965 881 1018 939 ἕν
1039 889 1118 957 τῷ
1143 885 1248 960 βίῳ
1273 883 1616 960 κυλιομένων
1631 888 2075 964 ὑπερανέστηκεν,
2095 889 2130 957 ἢ

2262 887 2394 944 ίοοο
2447 887 2763 956 transibat;
2798 885 2956 958 quod
3005 889 3254 941 mortem
3285 897 3544 955 quoque,
3569 897 3701 954 qua:
3745 894 3896 952 pene

479 992 565 1035 τις
589 970 742 1028 οὐδὲν
763 972 944 1048 ἓτερον
966 973 1010 1029 εἰ
1037 975 1114 1047 μή
1140 974 1206 1030 τὰ
1228 975 1448 1049 οὐράνια
1473 982 1740 1050 μεριμνᾷν
1765 976 1974 1042 εἷ’ωθεν·
1999 997 2131 1052 κρα-

480 1063 720 1138 τουμένη
751 1063 856 1140 γὰρ
876 1068 956 1136 τῷ
979 1065 1191 1138 σώματι
1219 1064 1285 1120 τὰ
1306 1072 1405 1134 τῆς
1428 1066 1625 1141 σαρκὸς
1645 1071 1969 1143 κλεῖθρα,τῇ
1994 1080 2134 1132 θεω-

2236 977 2468 1034 cunctis
2498 993 2669 1050 poena
2699 975 3084 1045 est,videlicet
3113 978 3177 1030 ut
3212 974 3548 1044 ingressum
3577 971 3705 1027 vita
3733 974 3796 1026 et
3816 968 3897 1027 la-

2240 1067 2396 1124 boris
2427 1069 2518 1124 sui
2551 1067 2853 1138 praemium
2887 1065 3140 1122 amabat.
3186 1069 3260 1122 At
3301 1078 3458 1119 nunc
3495 1078 3565 1118 ex
3593 1059 3898 1118 occasione

491 1151 580 1227 ρίᾳ
608 1148 953 1227 ὒπερέόαινεο
986 1150 1071 1208 διὸ
1101 1155 1190 1209 καὶ
1219 1155 1311 1210 τὸν
1342 1156 1589 1226 θάνατον,
1621 1159 1712 1213 τὸν
1744 1162 1873 1212 πᾶσι
1905 1153 2137 1236 φοϐερὸν

2262 1173 2392 1212 ιυιιω
2427 1154 3118 1230 pastoralissaacularium
3153 1153 3459 1211 hominum
3489 1151 3722 1224 negotia
3743 1149 3896 1223 pati-

489 1243 830 1318 ὗπάρχοντα,
865 1240 1048 1318 ὥσπερ
1071 1241 1280 1299 εἷ’σοδον
1307 1250 1451 1315 ζωῆς
1475 1247 1564 1300 καὶ
1587 1251 1684 1302 τοῦ
1703 1247 1949 1320 καμάτου
1973 1246 2139 1317 αὐτῆς

2262 1251 2425 1314 .ur,et
2437 1251 2570 1318 post
2582 1252 2702 1302 tam
2720 1245 3020 1318 pulchram
3035 1245 3252 1316 quietis
3266 1259 3382 1299 sua!
3397 1238 3900 1314 speciem,terreni

486 1328 728 1404 ἀμοιϐὴν
745 1333 1128 1410 ἧγάπα.”Ητις
1154 1336 1244 1389 νῦν
1267 1339 1915 1416 προᾳάσειποιμαντικῆς
1939 1339 2137 1412 μερίμ-

485 1443 550 1493 νη
563 1443 608 1490 ς,
629 1428 910 1496 κοσμικῶν
937 1423 1238 1498 ἀνθρώπων
1271 1426 1584 1501 πράγμασιν
1611 1428 1928 1498 ὑποπίπτει,
1949 1430 2022 1499 (b)
2053 1426 2141 1482 καὶ

493 1511 627 1584 μετὰ
649 1516 907 1567 τοσοῦτον
928 1513 1129 1589 ὡραῖον
1155 1513 1583 1586 τῆςάϊδιὸτητος
1599 1517 1766 1585 αὐτῆς
1788 1513 2148 1594 κάλλος,γηΐι

487 1620 588 1668 νης
617 1599 864 1672 πράξεως
886 1604 964 1672 τῷ
987 1607 1256 1677 κονιορτῷ
1279 1606 1297 1625 ‘
1322 1603 1929 1679 συνοζένει.Ἣνίκαγάρ
1953 1604 2144 1671 ἑαυτὴν

503 1685 592 1742 διὰ
618 1684 1012 1764 συγκατάϐασιν
1035 1687 1265 1746 πολλῶν
1295 1693 1372 1754 εἷς
1401 1692 1468 1748 τὰ
1497 1689 1689 1766 ἔξωθεν
1723 1693 2028 1769 σκορπίζει,
2059 1692 2148 1748 ὅτε

489 1782 608 1838 τοῖς
634 1772 783 1832 ἔνδον
808 1777 1715 1859 έπινεύσει,πρὸςταῦταπόῥρωθεν
1742 1786 1813 1857 (c)
1845 1780 2151 1858 δραμοῦσα,

2245 1342 2412 1394 actus
2435 1335 2665 1409 pulvere
2685 1335 3225 1406 fmdatur.Cumque
3245 1349 3310 1389 se
3331 1349 3434 1405 pro
3453 1329 3892 1389 condescensio-

2251 1443 2324 1482 ne
2357 1427 2670 1482 multorum
2700 1427 2768 1482 ad
2800 1425 3086 1482 exteriora
3115 1423 3407 1494 sparserit,
3429 1423 3606 1478 etiam
3633 1437 3764 1477 cum
3797 1420 3896 1476 in-

2248 1516 2465 1572 teriora
2503 1516 2746 1588 appetit,
2781 1515 2853 1571 ad
2885 1515 3008 1570 haec
3047 1513 3252 1584 procul
3284 1512 3463 1568 dubio
3511 1511 3704 1567 minor
3732 1509 3899 1565 redit.

2252 1607 2551 1678 Perpendo
2574 1607 2772 1677 itaque
2803 1604 2941 1677 quid
2967 1604 3172 1674 tolero,
3196 1603 3488 1676 perpendo
3520 1601 3674 1674 quod
3701 1599 3900 1658 amisi.

2257 1696 2518 1768 Dumque
2547 1695 2778 1751 intueor
2808 1694 2950 1750 illud
2983 1694 3134 1765 quod
3164 1693 3413 1766 perdidi,
3436 1691 3501 1746 fit
3531 1690 3641 1746 hoc
3669 1688 3900 1763 gravius

2259 1787 2414 1857 quod
2438 1788 2774 1856 porto.Ecce
2795 1783 3008 1841 etenim
3031 1799 3189 1839 nunc
3214 1781 3409 1854 magni
3433 1780 3610 1838 maris
3633 1778 3904 1836 ﬂuctibus

497 1865 766 1944 ἐλαχίστη
788 1870 1382 1949 ὑποστρέφειλίατενοῦ
1396 1877 1686 1948 τοιγαροῦν
1699 1872 1752 1927 τί
1778 1872 2145 1950 ὑποφέρω,καὶ

2262 1874 2697 1946 quatior,atque
2713 1873 2773 1928 in
2796 1872 2931 1928 navi
2953 1872 3163 1928 mentis
3179 1869 3543 1943 tempestatis
3555 1867 3755 1925 validae
3774 1881 3903 1940 pro-

494 1957 546 2012 τί
579 1955 1057 2034 ἀπεϐαλόμην.Ἐν
1083 1959 1194 2034 ὅσῳ
1215 1958 1273 2015 δὲ
1295 1959 1484 2040 ἂφορῶ
1506 1961 1581 2021 εἷς
1611 1961 1641 2015 δ
1660 1959 2146 2039 ἀπώλεσα,γίνεται

503 2047 666 2103 τοῦτο
689 2049 980 2124 βαρύτερον
1005 2050 1135 2118 ὅπερ
1166 2049 1434 2125 βαστάζω.
1461 2048 1604 2107 Ἰδοὺ
1624 2053 1726 2126 γὰρ
1762 2051 2022 2127 μεγίστης
2055 2053 2147 2106 Θα-

498 2135 709 2209 λάττης
733 2143 850 2200 τοῖς
869 2137 1074 2213 κύμασι
1099 2136 1540 2214 δονοῦμαι,ἀλλὰ
1561 2141 1650 2196 καὶ
1668 2141 1719 2196 ἐν
1746 2146 1825 2214 τῷ
1847 2139 2035 2214 πλοίῳ
2053 2145 2152 2196 τοῦ

500 2224 1040 2304 νοὸς,σφοδροτάτης
1062 2228 1298 2304 ἀνάγκης
1319 2233 1400 2302 τῷ
1429 2227 1656 2284 κλύδονι
1677 2230 2150 2304 προσαράσσομαιο

499 2314 606 2372 Καὶ
631 2314 682 2370 έν
706 2317 818 2389 ὅσῳ
840 2323 941 2386 τῆς
970 2316 1194 2393 πρώτης
1232 2320 1374 2386 ζωῆς
1408 2317 1757 2392 μνημονεύω,
1789 2316 1971 2393 ὥσπερ
1995 2315 2070 2382 εἷς
2088 2318 2156 2373 τὰ

504 2404 680 2460 δπίσω
709 2405 839 2468 τοὺς
872 2405 1192 2483 ὀφθαλμοὺς
1217 2407 1530 2482 ἀπενέγκας,
1556 2406 1830 2481 Θεώμενος
1847 2408 1939 2463 τὸν
1964 2407 2157 2480 λιμένα

502 2495 621 2548 ὅθεν
637 2491 1414 2570 ἐξῆλθον,ἀναστενάζω.“οπερ
1433 2497 1628 2569 μοικαὶ
1642 2491 1783 2552 ἔστιν
1801 2495 1978 2570 ἀκμήν
1998 2497 2158 2572 βαρύ·

508 2603 688 2657 τερον,
715 2581 798 2638 ὅτι
815 2583 866 2637 ἐν
887 2583 1124 2657 ὅσῳτοῖς
1139 2584 1472 2660 ἀμετρήτοις
1485 2585 2043 2665 κύμασιπεφυρμένος
2064 2608 2160 2664 φε-

516 2692 578 2749 ρο
588 2694 703 2746 μαι,
715 2669 882 2746 μόλις
899 2671 1096 2729 λοιπὸν
1109 2675 1200 2730 τὸν
1226 2673 1424 2748 λιμένα
1439 2678 1722 2741 σεάσασθαι
1739 2674 2157 2751 δύναμαι,δνπερ

513 2763 828 2820 κατέλιπον
855 2769 1101 2820 τοιαῦται
1133 2765 1237 2842 γὰρ
1269 2766 1323 2821 αἱ
1364 2768 1638 2848 συμφοραί
1679 2771 1775 2824 τοῦ
1816 2769 1940 2830 νοὸς
1983 2769 2159 2844 ὑπάρ-

516 2875 702 2930 χουσι,
735 2859 948 2931 πρῶτον
985 2857 1078 2929 μὲν
1107 2853 1372 2912 ἀπολέσαι
1401 2859 1464 2913 τὸ
1510 2857 1698 2924 καλὸν,
1743 2857 1876 2934 ὅπερ
1914 2859 2158 2934 κατέχει,

521 2943 888 3018 μνημονεύειν
914 2941 970 2998 δὲ
997 2943 1128 3020 ὅπερ
1151 2944 1453 3002 ἀπώλεσεν·
1478 2947 1567 3002 ὅτε
1589 2945 1645 3003 δὲ
1671 2949 1904 3021 μήκοθεν
1925 2947 2158 3022 ἀποστῇ,

515 3032 607 3089 καὶ
619 3032 782 3088 αὐτοῦ
799 3033 859 3088 οὗ
869 3054 967 3108 περ
981 3033 1258 3090 ἀπώλεσεν
1273 3036 1473 3112 ἀγαθοῦ
1499 3035 1931 3093 ἐπιλανθάνεταιο
1958 3037 2162 3113 γίνεται

511 3120 569 3178 δὲ
596 3121 747 3185 ὅπως
780 3123 1064 3196 μετέπειτα
1099 3126 1173 3198 μή
1202 3145 1260 3179 τε
1303 3122 1388 3179 ἐπὶ
1439 3127 1665 3199 μνήμης
1704 3128 1984 3198 θεάσηται,
2028 3129 2162 3202 ὅπερ

2260 1962 2422 2020 cellis
2443 1962 2654 2019 illidor.
2677 1963 2748 2019 Et
2777 1977 2908 2018 cum
2932 1961 3143 2034 prioris
3174 1961 3304 2016 vitea
3337 1959 3547 2029 recolo,
3571 1956 3742 2030 quasi
3773 1958 3906 2028 post

2260 2060 2485 2124 tergum
2517 2051 2712 2108 ductis
2746 2051 2933 2108 oculis
2961 2051 3086 2106 viso
3118 2049 3312 2106 littore
3341 2047 3589 2119 suspiro.
3621 2045 3904 2117 Quodque

2261 2143 2452 2199 adhuc
2471 2142 2707 2214 gravius
2735 2141 2986 2208 est,dum
3009 2139 3320 2196 immensis
3341 2138 3616 2195 fluctibus
3636 2135 3906 2192 turbatus

2264 2233 2434 2299 feror,
2466 2232 2560 2287 vix
2601 2232 2721 2303 iam
2753 2235 2980 2304 portum
3027 2230 3220 2286 videre
3261 2229 3426 2285 valeo
3467 2242 3640 2299 quem
3673 2223 3906 2296 reliqui,

2265 2323 2407 2395 quia
2435 2328 2492 2379 et
2514 2323 2592 2378 ita
2614 2327 2756 2378 sunt
2776 2337 2944 2378 casus
2975 2319 3206 2389 mentis,
3229 2324 3294 2375 ut
3323 2319 3484 2392 prius
3508 2318 3746 2390 quidem
3779 2331 3916 2388 per-

2265 2415 2366 2469 dat
2386 2414 2603 2469 bonum
2627 2413 2776 2484 quod
2798 2415 2952 2467 tenet
2964 2410 3122 2483 (g),si
3138 2415 3334 2466 tamen
3357 2425 3419 2465 se
3442 2407 3756 2478 perdidisse
3781 2421 3912 2462 me-

2267 2499 3034 2572 minerit;cumquelongius
3048 2497 3552 2564 recesserit,etiam
3571 2495 3706 2552 boni
3724 2494 3912 2566 ipsius

2267 2591 2421 2663 quod
2456 2589 2786 2661 perdiderat
2814 2587 3228 2655 obliviscatur;
3262 2587 3445 2658 fitque
3473 2594 3532 2641 ut
3565 2588 3696 2658 post
3720 2598 3913 2654 neque

2268 2695 2370 2752 per
2398 2677 2743 2734 memoriam
2773 2677 2987 2747 videat,
3007 2677 3161 2748 quod
3195 2678 3357 2748 prius
3387 2689 3488 2748 per
3521 2674 3805 2730 actionem
3836 2677 3920 2728 te-

2269 2769 2462 2824 nebat.
2513 2765 2676 2822 Undc
2719 2767 2828 2822 hoc
2872 2767 3065 2839 agitur
3104 2767 3257 2838 quod
3291 2764 3567 2838 prcmisi,
3599 2763 3737 2834 quia
3779 2776 3912 2817 cum

2271 2857 2616 2929 navigamus
2648 2855 2900 2928 longius,
2927 2857 3048 2927 jam
3081 2871 3186 2911 nec
3228 2859 3459 2927 portum
3493 2853 3708 2926 quietis
3738 2866 3914 2923 quem

2270 2946 2612 3018 reliquimus
2635 2943 3369 3016 videmus.Nonnunquam
3389 2959 3523 2999 vero
3545 2943 3605 2997 in
3627 2955 3918 3013 augmen-

2270 3041 2395 3092 tum
2425 3036 2533 3092 mei
2564 3033 2782 3090 doloris
2813 3033 3177 3106 adjungitur,
3198 3033 3353 3105 quod
3385 3031 3773 3106 quorumdam
3795 3027 3919 3084 vita

2271 3127 2369 3197 qui
2404 3142 2658 3198 praesens
2682 3123 2958 3180 saeculum
2983 3129 3103 3179 tota
3130 3128 3322 3179 mente
3353 3122 3738 3194 reliquerunt,
3769 3116 3922 3174 mihi

505 3212 768 3288 πρότερον
787 3208 874 3266 διὰ
887 3212 1133 3285 πράξεως
1148 3211 1544 3287 ἐκράτει.“Οθεν
1564 3213 1726 3271 τοῦτο
1745 3213 1943 3286 ἀληθὲς
1975 3216 2145 3286 ὑπάρ-

2271 3217 2342 3271 ad
2367 3215 2706 3270 memoriam
2729 3214 3316 3278 revocatur.Quorum
3341 3212 3482 3266 dum
3505 3209 3735 3266 culmen
3759 3207 3919 3279 aspi-

503 3321 593 3378 χει
623 3301 654 3357 ὅ
681 3303 1015 3379 προεθέμην,
1049 3302 1134 3357 ὅτι
1164 3303 1326 3373 ἡνίκα
1352 3306 1594 3376 μήκοθεν
1623 3303 1889 3378 πλέομεν,
1911 3302 2037 3360 οὐδὲ
2055 3306 2145 3360 τὸν

2262 3306 2374 3369 cio,
2395 3310 2679 3376 quantum
2710 3303 2836 3372 ipse
2865 3303 2926 3358 in
2956 3303 3178 3358 inlimis
3202 3302 3430 3373 jaceam
3463 3315 3746 3372 agnosco;
3767 3313 3920 3371 quo-

497 3390 693 3466 λιμένα
718 3390 913 3449 λοιπὸν
935 3397 1034 3462 τῆς
1057 3393 1315 3468 ἡσυχίας,
1340 3393 1396 3447 ὅν
1408 3392 2135 3470 κατελίπομεν,θεωροῦμεν.

495 3483 596 3539 Αεί
620 3482 712 3537 οὗν
735 3481 958 3553 ἀληθῶς
982 3482 1058 3547 εἷς
1077 3484 1392 3558 προσθήκην
1417 3487 1514 3538 τοῦ
1528 3483 1662 3556 ἐμοῦ
1683 3484 2140 3559 πόνουπροστίθε-

2249 3401 2386 3450 νοω
2413 3392 2651 3466 plurimi
2675 3392 2970 3448 Conditori
2993 3407 3100 3448 suo
3125 3391 3187 3448 in
3214 3390 3511 3448 secretiori
3539 3389 3658 3444 vita
3680 3385 3918 3458 placue-

2247 3491 2402 3548 runt,
2439 3482 2540 3553 qui
2571 3497 2646 3537 ne
2677 3496 2778 3553 per
2808 3479 3104 3538 humanos
3137 3484 3305 3537 actus
3345 3496 3381 3535 a
3409 3477 3668 3535 novitate
3699 3476 3916 3531 mentis

501 3592 589 3626 ται
611 3572 647 3639 ἡ
672 3572 788 3640 ζωή
817 3575 924 3625 τῶν
950 3571 1392 3646 καταλειψάντων
1418 3573 1508 3626 τὸν
1541 3573 1782 3646 παρόντα
1801 3573 2004 3648 κόσμον
2039 3572 2142 3648 ὅλῃ

2262 3575 2705 3648 veterascerent,
2737 3585 2836 3626 eos
2881 3569 3254 3641 omnipotens
3298 3567 3455 3625 Deus
3494 3566 3670 3638 hujus
3709 3562 3918 3621 mundi

503 3662 574 3733 τῇ
597 3655 853 3729 διαθέσει,
876 3659 966 3713 καὶ
998 3659 1076 3722 εἷς
1107 3659 1243 3734 ὕψος
1274 3658 1564 3736 ἀγγελικῆς
1591 3661 1870 3724 πολιτείας
1911 3661 2144 3737 ἀναδραο

510 3747 744 3822 μόντων,
767 3748 841 3803 ὧν
867 3747 954 3803 ἐπὶ
989 3750 1217 3822 μνήμης
1248 3749 1311 3803 τὸ
1329 3749 1467 3823 ὕψος
1491 3753 1588 3805 τοῦ
1612 3750 1737 3824 βίου
1759 3751 1960 3828 φέρων,
1981 3753 2147 3808 πόσον

507 3835 614 3912 ἐγὼ
645 3834 698 3891 ἔν
729 3841 846 3898 τοῖς
872 3836 1211 3898 κατωτάτοις
1241 3841 1451 3909 κεῖμαι,
1505 3835 1874 3912 ἐπιγινώσκω·
1909 3839 1957 3909 ἐξ
1990 3841 2064 3895 ὦν
2097 3843 2149 3896 οἱ

505 3924 757 3983 πλεῖστοι
776 3931 854 3998 τῷ
876 3927 1078 3981 ἑαυτῶν
1099 3926 1286 4000 κτίστῃ
1311 3926 1362 3980 ἐν
1381 3930 1450 4000 τῇ
1473 3928 1672 4006 ἡσύχῳ
1708 3933 1820 4002 ζωῇ
1854 3929 2149 4003 εὐηρέστη-

2255 3646 2560 3716 laboribus
2585 3659 2772 3716 noluit
2793 3658 3202 3730 occupari.8ed
3217 3660 3342 3730 jam
3365 3673 3494 3729 qua
3515 3655 3735 3727 prolata
3754 3657 3918 3722 sunt,

2259 3750 2471 3805 melius
2503 3749 2764 3817 insinuo,
2787 3749 2836 3805 si
2867 3765 2936 3805 ea
2965 3765 3093 3819 qua
3125 3763 3228 3821 per
3256 3745 3705 3818 inquisitionem
3735 3759 3802 3800 ac
3821 3758 3916 3798 re-

2260 3842 2639 3914 sponsionem
2662 3841 2742 3912 (h)
2773 3840 2930 3896 dicta
2959 3843 3121 3911 sunt,
3143 3837 3269 3896 sola
3297 3836 3611 3894 nominum
3635 3838 3920 3908 prmnota-

2261 3931 2422 3989 tione
2451 3931 2768 4003 distinguo.

503 4035 620 4071 σανο
648 4012 741 4070 ’ίνα
773 4016 849 4089 μή
885 4011 956 4069 δι’
987 4015 1342 4089 ἀνθρωπίνων
1384 4016 1624 4090 πράξεων
1658 4016 1716 4071 ἐκ
1743 4021 1838 4072 τοῦ
1867 4021 2148 4089 νεάζοντος
2179 4019 2455 4098 λογισμοῦ
2485 4017 2868 4090 παλαιωθῶσι,
2898 4017 3128 4082 τούτους
3159 4015 3256 4073 οὖν
3281 4016 3309 4073 ὁ
3339 4011 3749 4089 παντοδύναμος
3782 4009 3916 4074 Θεὸς

498 4108 619 4165 ταῖς
648 4108 744 4158 τοῦ
774 4103 984 4176 κόσμου
1010 4103 1206 4159 τούτου
1238 4103 1508 4180 φροντίσιν
1541 4106 1606 4160 οὐ
1637 4108 2012 4183 συνεχώρησεν
2045 4107 2424 4184 δεσμευθῆνσι.
2455 4111 2606 4172 Ὃθεν
2638 4108 2833 4164 λοιπὸν
2857 4109 2926 4165 τά
2944 4104 3282 4185 προελθὸντα
3302 4106 3602 4182 προθύμως
3623 4103 3907 4176 ἐκτίθημι,

511 4191 602 4249 διὰ
630 4199 731 4263 τῆς
763 4193 1082 4268 ἐρωτήσεως
1108 4193 1199 4249 καὶ
1229 4195 1592 4270 ἀποκρίσεως,
1619 4197 1710 4250 καὶ
1741 4204 1840 4267 τῆς
1867 4204 1977 4254 τῶν
2008 4199 2293 4275 ὀνομάτων
2326 4198 2693 4273 διαγνώσεως.

577 4314 768 4371 ΠΕΤΡ,
803 4311 879 4370 Ού
921 4310 1059 4368 πάνυ
1105 4311 1155 4366 ὲν
1183 4315 1252 4386 τῇ
1295 4311 1501 4384 Ἰταλίᾳ
1538 4318 1696 4369 τινῶν
1733 4316 1833 4384 τήν
1872 4314 2153 4374 πολιτείαν

507 4401 766 4476 δυνάμεσι
799 4405 879 4476 (ιί)
913 4399 1297 4478 διαλάμψασαν
1329 4400 1571 4478 διέγνων·
1610 4403 1668 4460 ἐκ
1697 4412 1860 4461 τῖνων
1883 4412 2064 4463 τοίνυν
2087 4413 2155 4484 τῇ

511 4495 744 4571 μιμήσει
777 4494 850 4567 (c)
881 4486 1086 4568 ἂνάπτῃ
1119 4492 1324 4570 ἀγνοῶ.
1362 4491 1570 4556 Καλοὺς
1603 4495 1697 4568 μὶν
1719 4495 1810 4552 οῦν
1842 4497 2156 4574 ἀνθρώπους

2339 4319 2507 4375 Pera.
2547 4318 2671 4376 Non
2701 4319 2869 4374 valde
2891 4319 2951 4376 in
2977 4318 3144 4376 Italia
3179 4317 3506 4391 aliquorum
3531 4316 3708 4373 vitam
3729 4316 3919 4371 virtu-

2268 4409 2424 4465 tibus
2440 4407 2667 4464 fulsisse
2682 4409 2918 4481 cognovi
2937 4426 2951 4477 ;
2967 4423 3035 4464 ex
3055 4423 3304 4480 quorum
3328 4409 3506 4482 igitur
3525 4403 3922 4479 comparatio-

2268 4515 2341 4556 ne
2371 4498 2706 4555 accenderis
2736 4499 2960 4572 ignoro.
2983 4499 3053 4555 Et
3074 4499 3312 4572 quidem
3335 4499 3520 4555 bonos
3542 4499 3696 4554 viros
3720 4499 3778 4552 in
3801 4495 3918 4556 hac

507 4606 560 4642 εν
602 4587 672 4660 τῇ
702 4583 947 4661 γῇταύτῃ
998 4585 1271 4658 γεγονέναι
1305 4582 1404 4639 οὐκ
1451 4585 1681 4657 ἀπιστῶ,
1715 4593 1915 4661 σημεῖα
1965 4584 2022 4642 δὲ
2077 4609 2144 4644 κα

2274 4591 2428 4645 terra
2454 4590 2631 4645 fuisse
2661 4605 2777 4645 non
2807 4589 3031 4660 dubito,
3054 4587 3221 4658 signa
3247 4593 3438 4645 tamen
3472 4593 3646 4659 atque
3670 4587 3915 4644 virtutes

507 4671 764 4748 δυνάμεις
792 4674 922 4750 παρ’
950 4674 1129 4729 αὐτῶν
1269 4671 1528 4748 οὐδαμῶς
1571 4677 1844 4756 γεγονέναι
1887 4675 2152 4752 ὑπολαμ-

507 4760 678 4822 ϐἅνω.
710 4763 776 4820 Ei
809 4759 867 4819 δὲ
898 4762 988 4818 καὶ
1021 4762 1123 4818 εἶσὶ
1157 4765 1324 4843 μέχρι
1351 4768 1449 4820 τοῦ
1480 4767 1746 4842 παρόντος
1777 4771 1904 4842 σιγῇ
1936 4765 2152 4823 καλυπ-

503 4853 730 4926 τόμενα,
764 4853 840 4927 μή
869 4850 1247 4927 ἀγνοήσωμεν,
1277 4847 1412 4929 ἅπερ
1443 4854 1700 4930 γεγονότα
1731 4854 2093 4930 ὑπάρχουσιν.

581 4970 866 5028 ΓΡΗΓΟΡ.
890 4970 1018 5028 Ἐὰν
1054 4971 1213 5044 μόνα,
1238 4969 1425 5039 Πέτρε,
1458 4971 1525 5026 τὰ
1548 4971 1800 5046 περὶτῶν
1821 4968 2046 5029 τελειων
2059 4972 2149 5027 καὶ

509 5057 758 5134 δοκίμων
772 5057 977 5136 ἀνδρῶν
991 5058 1462 5138 ἀναγγείλω,ἃπερ
1481 5059 1590 5136 ἐγὼ
1607 5063 1768 5137 μόνος
1785 5062 1846 5118 τὸ
1863 5062 2149 5137 ἀνθρωπά-

510 5171 650 5230 ριον,
671 5147 761 5207 διά
781 5171 841 5207 τε
857 5150 1042 5208 καλῶν
1075 5151 1162 5207 καὶ
1193 5156 1395 5208 πιστῶν
1415 5151 1715 5228 ἀνθρώπων
1735 5153 2150 5228 μαρτυρούντων

584 5373 662 5450 (α)
692 5378 832 5448 Reg.
863 5369 1214 5450 ταλαιπωρία
1243 5371 1426 5450 τοίνυν
1451 5373 1486 5444 ἡ
1518 5372 1671 5450 ψυχή
1709 5393 1813 5447 μου
1834 5369 2148 5450 συνέχεται,

505 5445 606 5520 τῆς
639 5445 832 5502 ἑαυτᾶῦ
863 5445 1131 5520 ἀσχολία,
1153 5446 1453 5519 νυσσομένη
1487 5445 1730 5520 τῷίέῐοζ
1751 5447 1935 5517 Colb.,
1959 5445 2151 5500 νύσσο-

511 5519 646 5591 μὲνη
671 5523 756 5592 κτῶ
787 5518 1090 5592 «pem.

577 5586 1057 5661 (1))Ηοιζ.καὶ’μετά
1076 5590 1139 5644 τὸ
1155 5588 1355 5663 ὡραῖον
1382 5588 1591 5663 κάλλος
1607 5593 1744 5660 αὗτῆ
1753 5613 1776 5653 ς
1794 5597 1893 5659 τῆς
1907 5586 2148 5659 ἀῖδιοτη.

505 5659 598 5721 τος
627 5664 723 5786 tia
737 5659 1005 5734 κονιορτῷ
1032 5666 1134 5729 τῆς
1165 5659 1362 5746 γηίνης
1392 5662 1636 5735 πράξεως
1668 5659 1958 5736 συνοζένει,
1990 5669 2102 5720 etc.

575 5733 644 5787 (cl
727 5748 815 5787 θα.
849 5740 906 5787 et
932 5731 1117 5787 Colb..
1154 5729 1439 5787 δειλιωσα.

575 5733 644 5874 ἶῖ
678 5733 815 5803 Reg.
849 5733 906 5787 et
932 5733 1121 5818 Colb.,_
1154 5733 1446 5816 δειλιῶσαέ
1942 5733 1987 5828 ⁷,

636 5802 656 5874 )
679 5802 764 5857 Ita
790 5801 930 5860 Mss.
946 5818 1082 5862 cum
1105 5803 1446 5876 inVulgatis
1464 5804 2151 5886 Ιεεειιατδιαλαμψαντων,

2263 4683 2362 4735 aut
2388 4679 2460 4734 ab
2499 4679 2585 4735 eis
2615 4693 2986 4752 nequaquam
3019 4679 3168 4734 facta
3207 4677 3498 4746 existimo,
3537 4682 3640 4734 aut
3668 4677 3748 4734 ita
3775 4681 3920 4734 sunt

2261 4767 2542 4825 hactenus
2565 4768 2796 4825 silentio
2828 4784 3160 4841 suppressa,
3186 4771 3253 4824 ut
3282 4772 3554 4825 utrumne
3596 4768 3717 4823 sint
3755 4765 3918 4825 facta

2263 4875 2613 4916 neseiamus.

2335 4978 2590 5033 Gaacoa.
2615 4975 2673 5032 Si
2695 4973 2839 5046 sola,
2872 4975 3058 5046 Petre,
3092 4975 3361 5046 referam,
3397 4991 3527 5048 qua
3551 4975 3623 5032 de
3644 4974 3922 5044 perfectis

2262 5066 2636 5137 probatisque
2664 5067 2805 5121 viris
2836 5080 2987 5122 unus
3018 5079 3124 5139 ego
3154 5064 3491 5136 homuncio,
3523 5064 3612 5122 vel
3645 5065 3815 5121 bonis
3847 5081 3918 5122 ac

2260 5153 2532 5212 ﬁdelibus
2555 5155 2690 5212 viris
2711 5155 3148 5227 attestantibus,
3171 5156 3400 5230 agnovi,
3424 5156 3514 5214 vel
3539 5172 3642 5228 per
3667 5161 3919 5214 memet-

2260 5370 2414 5462 quod
2433 5369 2647 5462 'minue
2679 5371 2994 5462 respondet
3033 5371 3240 5462 [satine
3269 5372 3476 5462 textui.

2432 5443 3002 5530 Excusi‘,‘&vna'~metat,
3035 5447 3339 5530 deﬁciente
3374 5460 3575 5504 sensu.

2355 5512 2400 5587 Ι)
2433 5519 2591 5591 ᾔθεον
2623 5512 2846 5586 ἄληθῶς
2872 5512 3150 5591 γενήσθαι.

2356 5591 2407 5659 g)
2439 5588 2704 5675 Fortasse
2738 5587 3081 5675 legendum,
3099 5593 3181 5646 sic
3201 5599 3384 5675 tamen
3407 5594 3469 5647 ut
3497 5587 3916 5675 se'perdidfgw,

2260 5661 2394 5728 etc.,
2421 5660 2492 5715 ad
2488 5661 2669 5787 1γὲιιοᾶ
2693 5660 2858 5718 valde
2878 5661 3089 5742 alludit
3108 5663 3290 5719 versio
3313 5660 3614 5721 GrmcaJn
3635 5662 3916 5720 omnibus

2259 5735 2455 5789 tamen
2549 5749 2631 5790 ss.
2665 5732 2910 5789 habetur
2936 5749 2987 5788 η
3015 5735 3201 5790 tamen
3228 5751 3304 5790 se.

2617 5775 2631 5790 ο
2665 5751 2910 5789 ηαοοιιπ
2936 5751 2987 5788 η
3015 5751 3201 5790 tamen
3228 5751 3304 5792 ιθ.

2334 5804 2419 5878 (Ιι)
2448 5807 2533 5862 Ita
2562 5804 2720 5877 Mss.,
2753 5805 2852 5861 ubi
2875 5803 3027 5861 Editi
3057 5803 3299 5876 habent,
3329 5806 3564 5866 dicenda
3593 5815 3739 5867 sunt.
