4210 6160
417 291 535 355 155

1616 287 1894 350 SANCTI
1940 289 2308 351 GREGORII
2354 288 2601 350 MAGNI

3703 291 3817 352 156

419 423 540 477 τόθι
571 419 692 486 ἔθος
725 419 891 492 ἐστὶν,
920 422 984 476 τὸ
1013 417 1346 496 ἀνδράποδον
1380 420 1458 485 είς
1481 421 1584 489 τὴν
1607 424 1797 498 πηγὴν
1821 418 2058 490 ἀπῆλθε.

2191 429 2438 496 )umque
2460 421 2719 480 hauriret
2740 421 3046 492 aquam,(/)
3077 419 3254 493 piscis
3285 421 3525 478 situlam
3557 423 3816 480 intravit.

425 513 530 571 Καὶ
561 509 612 567 έν
652 510 765 584 ὅσῳ
788 508 978 580 ἤντλει
1009 511 1072 567 τὸ
1101 507 1272 586 ὕδωρ,
1306 509 1467 586 ἰχθύς
1494 532 1580 575 τις
1609 511 1685 574 είς
1715 512 1778 567 τὸ
1808 509 2067 586 ἄντλημα

422 599 1062 676 εἷσῆλθεν.Ὑποστρέψας
1083 596 1142 654 δὲ
1166 599 1194 654 ὁ
1212 599 1275 654 τὸ
1303 597 1451 674 ὕδωρ
1471 601 1740 674 κομίζων,
1763 601 1869 674 πρὸ
1896 621 2070 676 προσ-

420 695 573 747 ώπον
593 695 702 746 τῶν
725 685 1088 763 ἀνακειμένων
1110 688 1204 744 τὸν
1229 687 1388 765 ίχθὺν
1423 688 1515 744 σὺν
1542 693 1623 761 τῷ
1655 686 1806 746 ὕδατι
1837 689 2065 766 ἐξέχειν,

423 779 570 843 ὅστις
603 778 675 835 δι’
695 778 835 850 ὅλης
855 786 955 849 τῆς
978 780 1190 852 ἡμέρας
1210 779 1285 840 είς
1312 779 1515 855 βρῶσιν
1532 783 1611 852 τῷ
1630 779 1920 853 Ὁνωράτῳ
1941 777 2070 834 αὑτ-

423 865 645 943 ᾶρκέσαι
672 865 942 939 ἠδυνήθη.
967 871 1044 940 (a)
1074 870 1476 942 Θαυμασάντων
1501 866 1558 924 δὲ
1587 869 1830 940 πάντων,
1863 868 2067 931 ἐκεῖνος

421 958 555 1021 ὂλος
569 959 715 1014 ὁτῶν
733 961 936 1033 γονέων
961 956 1276 1036 ίμπαιγμὸς
1299 956 1653 1017 ἔπαυσενΚαὶ
1673 961 1772 1030 τῆν
1790 963 1886 1015 τοῦ
1901 961 2070 1016 Ὀνω-

425 1047 589 1124 ράτου
609 1047 921 1123 έγκράτειαν
946 1046 1149 1122 ἢρξατο
1175 1043 1444 1120 σέϐεσθαι,
1476 1049 1644 1123 ἤνπερ
1675 1049 1980 1125 κατεγέλων
2007 1049 2070 1104 τὸ

421 1138 704 1212 πρότερον
739 1135 913 1199 οὕτως
946 1136 1039 1192 οὑν
1070 1137 1176 1192 ἀπὸ
1204 1140 1302 1192 τοῦ
1332 1137 1617 1211 ἀνθρώπου
1648 1142 1745 1193 τοῦ
1794 1142 1928 1194 Θεοῦ
1973 1141 2071 1192 τοῦ

421 1225 740 1302 ἐμπαιγμοῦ
759 1227 859 1294 τήν
883 1221 1040 1299 ὕϐριν
1063 1228 1091 1280 ὁ
1114 1226 1274 1306 ἰχθυς
1292 1231 1389 1282 τοῦ
1411 1225 1575 1303 ὅρους
1599 1226 2072 1303 ἀπήλειψεν.[1ρο-

419 1315 690 1389 κόψαντος
703 1313 760 1371 δὲ
775 1314 1024 1389 αὑτοῦ(ὺ)
1051 1317 1329 1392 μεγίσταις
1351 1313 1632 1389 δυνάμεσι,
1654 1316 1800 1390 παρᾶ
1817 1320 1914 1371 τοῦ
1935 1337 2074 1392 προ-

421 1403 717 1480 λεχθέντος
737 1404 906 1460 αὑτοῦ
927 1405 1120 1478 κυρίου
1151 1401 1462 1480 ἐλευθερίας
1494 1403 1678 1480 ἔτυχε,
1705 1407 1795 1461 καὶ
1829 1404 1905 1468 εἰς
1933 1404 2076 1461 ἐκεῖ·

423 1515 516 1550 νον
537 1494 601 1548 τὸ
611 1494 779 1550 τόπον
791 1495 884 1549 τὸν
899 1490 1147 1564 Φοὺνδης
1161 1489 1461 1570 λεγόμενον
1479 1515 1578 1568 μον
1587 1496 1718 1566 αστή
1730 1515 1758 1569 ρ
1769 1515 1844 1550 ιον
1863 1491 2077 1568 ᾠκοδό·⁹

432 1603 626 1657 μησεν,
648 1580 701 1638 έν
725 1583 772 1655 ᾧ
793 1578 1084 1638 διακοσίων
1109 1580 1304 1638 λοιπὸν
1329 1589 1589 1658 μοναχῶν
1610 1584 1789 1658 πατήρ
1822 1585 2065 1661 γέγονεν.

421 1673 575 1732 Ἐκεῖ
593 1669 684 1726 οὗν
709 1674 784 1746 (ο)
805 1673 840 1741 ἡ
871 1671 983 1741 ζωὴ
1011 1670 1177 1728 αὑτοῦ
1197 1670 1257 1727 έν
1290 1667 1486 1728 ἅπασιν
1522 1674 1669 1734 185
1698 1669 2076 1748 ὑποδείγματα

2177 513 2613 583 Reversumque
2645 510 3006 588 mancipium
3029 515 3162 566 ante
3191 527 3292 566 ora
3321 511 3820 569 discumbentium

2177 604 2396 675 piscem
2419 619 2554 658 cum
2575 617 2728 672 aqua
2747 600 3032 673 fudit,qui
3051 599 3125 655 ad
3141 601 3322 658 totius
3347 602 3460 657 diei
3481 603 3698 658 victum
3720 620 3826 675 po-

2177 693 2374 749 tuisset
2397 694 2684 748 Honorato
2707 689 3193 747 sufﬁcere.Mirati
3223 695 3692 764 omnes,totaque
3722 691 3824 751 illa

2175 790 2477 852 parentum
2503 779 2695 836 irrisio
2716 779 3221 850 cessavit.Ccepere
3249 796 3502 853 namque
3524 779 3584 836 in
3616 784 3820 837 Hono-

2179 873 2303 926 rato
2333 867 2592 925 venerari
2618 867 3241 938 abstinentiam,quam
3273 877 3406 924 ante
3434 869 3814 939 deridebant;

2178 959 2380 1031 sicque
2417 975 2452 1013 a
2479 957 2582 1015 Dei
2628 956 2866 1014 homine
2904 956 3197 1014 irrisionis
3241 957 3482 1014 detersit
3508 959 3821 1031 opprobria

2180 1047 2518 1120 piscis(g)de
2531 1046 2862 1111 monte.0ui
2879 1063 3009 1103 cum
3025 1046 3256 1119 magnis
3281 1046 3594 1104 virtutibus
3605 1063 3822 1105 cresce-

2179 1144 2284 1205 ret,
2315 1153 2350 1192 a
2398 1137 2669 1208 pradicto
2717 1136 2954 1192 domino
2997 1153 3104 1192 suo
3125 1134 3392 1192 libertate
3422 1136 3674 1194 donatus
3703 1142 3816 1204 est,

2179 1228 2352 1298 atque
2374 1226 2434 1281 in
2463 1242 2530 1282 eo
2549 1225 2674 1281 loco
2696 1225 2773 1298 (h)
2795 1225 2892 1297 qui
2914 1225 3132 1282 Fundis
3163 1225 3824 1294 dicitur,monasterium

2182 1313 2519 1380 construxit,
2543 1313 2603 1369 in
2630 1330 2746 1385 quo
2778 1313 3162 1370 ducentorum
3195 1314 3375 1370 ferme
3409 1315 3825 1372 monachorum

2181 1403 2351 1460 Pater
2365 1403 2608 1472 exstitit,
2639 1401 2840 1475 ibique
2860 1401 2979 1458 vita
3010 1402 3172 1459 illius
3192 1403 3644 1476 circumquaque
3675 1404 3828 1462 156

2182 1492 2450 1565 exempla
2469 1490 2694 1548 eximia
2717 1492 3173 1549 conversationis
3195 1493 3375 1552 dedit.
3408 1492 3553 1550 Nam
3573 1495 3832 1566 quadam

2184 1581 2278 1638 die
2308 1599 2376 1638 ex
2405 1597 2471 1637 eo
2494 1587 2688 1638 monte
2719 1579 2816 1652 qui
2836 1581 2966 1652 ejus
2988 1581 3344 1638 monasterio
3367 1581 3427 1637 in
3448 1581 3674 1639 excelso
3695 1598 3832 1654 pro-

2185 1671 2368 1726 minet
2395 1669 2646 1742 ingentis
2676 1670 2796 1726 saxi
2822 1669 3000 1726 moles
3031 1675 3238 1741 crupta
3267 1674 3377 1742 est,
3418 1688 3548 1744 quas
3597 1688 3697 1743 per
3724 1673 3825 1727 de-

424 1761 724 1863 θαυμασίας
748 1759 1032 1839 διαγωγῆς
1054 1759 1306 1821 δέδωκεν.
1332 1765 1420 1821 Ἐν
1443 1768 1542 1838 μιᾷ
1565 1763 1658 1819 οὖν
1679 1765 1861 1839 ἡμέρᾳ
1881 1763 1941 1819 ἐκ
1967 1768 2065 1819 τοῦ

2191 1776 2388 1817 vexum
2423 1759 2638 1815 montis
2683 1757 2836 1815 latus
2868 1759 3129 1830 veniens,
3161 1759 3341 1816 totius
3372 1761 3610 1817 ruinam
3639 1759 3821 1829 cellas,

424 1849 590 1906 αὑτοῦ
613 1846 796 1926 ὅρους,
818 1849 870 1906 έν
893 1852 939 1924 ᾧ
959 1851 1021 1906 τὸ
1047 1855 1414 1928 μοναστήριον
1438 1853 1607 1908 αὑτοῦ
1629 1851 1680 1907 έν
1697 1857 1778 1925 τῷ
1801 1852 1922 1927 ὕψει
1945 1850 2064 1907 διά-

425 1959 620 2010 κειται,
653 1938 804 2004 λίθος
832 1941 1193 2016 παμμεγέθης
1218 1941 1536 2014 ἀπετμήθη,
1560 1939 1619 2004 ὅς
1639 1962 1723 2004 τις
1749 1939 1840 1996 διὰ
1859 1948 1961 2012 τῆς
1983 1943 2078 1996 αύ-

428 2031 934 2106 τοῦ(ἀ)καταγωγῆς
957 2027 1017 2084 ἐκ
1035 2028 1276 2107 πλαγίου
1289 2033 1385 2085 τοῦ
1397 2026 1426 2085 ὅ
1431 2050 1558 2102 ρους
1577 2028 1752 2094 ἐλθών
1763 2034 1969 2086 πτῶσιν
1981 2034 2080 2085 τοῦ

435 2139 672 2192 μοναστη
680 2119 801 2190 ρίου
821 2117 911 2174 καὶ
926 2119 1142 2175 πάντων
1156 2119 1264 2174 τῶν
1280 2116 1530 2195 ἀδελφῶν
1547 2117 1822 2175 ἀπώλειαν
1835 2118 2076 2190 ἠπείλει·

432 2206 490 2263 ὅν
524 2209 554 2264 6
584 2207 735 2283 ἅγιος
767 2207 970 2270 έκεῖνος
999 2206 1132 2281 ἀνὴρ
1164 2205 1365 2264 ἄνωθεν
1393 2206 1696 2284 ἐρχόμενον
1729 2208 2078 2282 θεασάμενος,

435 2294 612 2372 συχνῇ
640 2301 710 2371 τῇ
742 2299 898 2375 φωνῇ
928 2297 991 2352 τὸ
1011 2301 1110 2353 τοῦ
1133 2301 1374 2370 Χριστοῦ
1395 2295 1858 2372 ἐπικαλεσάμενος
1880 2293 2076 2372 ὄνομα,

428 2384 522 2442 καὶ
542 2388 644 2455 τῆν
675 2382 848 2455 δεξιὰν
881 2391 1044 2462 χεῖρα
1074 2384 1339 2455 ἐκτείνας,
1370 2387 1465 2442 τὸν
1491 2385 1660 2442 τὺπον
1693 2385 1840 2459 αὑτῷ
1867 2385 1964 2442 τοῦ
1993 2408 2081 2442 τι-

436 2474 565 2547 μίου
587 2477 824 2547 σταυροῦ
845 2472 1128 2544 ἐπέθηκεν,
1145 2473 1234 2529 καὶ
1254 2481 1598 2550 παραχρῆμα
1619 2473 1671 2529 έν
1694 2479 1772 2548 τῷ
1790 2479 1887 2530 τοῦ
1917 2471 2077 2551 ὄρους

2177 1850 2550 1921 omniumque
2565 1849 3123 1908 fratruminteritum
3143 1850 3687 1917 minabatur.0uam
3700 1867 3833 1908 cum

2189 1939 2512 1997 venientem
2543 1940 2797 2012 desuper
2830 1940 2918 1998 vir
2963 1945 3201 1997 sanctus
3241 1941 3503 2010 vidisset,
3537 1940 3828 2014 frequenti

2188 2046 2327 2086 voce
2348 2045 2560 2085 nomen
2600 2029 2816 2085 Christi
2841 2030 3138 2100 invocans,
3169 2035 3406 2088 extensa
3437 2047 3568 2087 mox
3596 2030 3832 2087 dextera

2189 2120 2428 2191 signum
2468 2118 2519 2174 ei
2543 2117 2734 2174 crucis
2761 2118 3058 2191 opposuit,
3091 2136 3338 2193 eamque
3373 2119 3434 2176 in
3473 2119 3602 2192 ipso
3631 2117 3830 2176 devexi

2189 2207 2404 2264 montis
2439 2207 2620 2264 latere
2658 2208 2958 2264 cadentem
3011 2207 3154 2276 ﬁxit,
3206 2209 3359 2266 sicut
3405 2207 3714 2282 religiosus
3744 2207 3832 2264 vir

2190 2296 2537 2353 Laurentius
2567 2296 2924 2368 perhibet.Et
2945 2297 3080 2369 quia
3099 2297 3264 2354 locus
3293 2298 3345 2354 ei
3368 2314 3483 2354 non
3509 2299 3694 2354 fuerat
3714 2312 3826 2370 quo

2190 2387 2470 2443 inhaerere
2481 2384 3158 2456 potuisset,aspiciturita
3175 2391 3239 2442 ut
3255 2386 3558 2459 hucusque
3573 2391 3831 2444 montem

2188 2475 2586 2541 cernentibus,
2621 2491 2825 2531 casura
2855 2476 3104 2548 pendere
3143 2477 3428 2533 videatur.

431 2567 666 2638 κρημνῷ
696 2563 1096 2638 κατερχόμενον
1126 2559 1336 2636 ἔστησε,
1370 2566 1546 2628 καθὼς
1579 2566 1608 2619 6
1650 2562 1943 2628 σπουδαῖος
1972 2566 2111 2638 ἀνὴρ
2143 2563 2469 2640 Λαυρέντιος
2500 2560 2668 2638 λέγει.
2702 2565 2884 2621 Τόπου
2916 2561 2973 2619 δὲ
3007 2566 3083 2637 μὴ
3119 2564 3461 2642 ὑπάρχοντος
3508 2563 3559 2620 έν
3588 2565 3634 2637 ᾧ
3666 2584 3840 2640 προσ-

431 2651 780 2723 κολληθῆναι
812 2654 840 2708 6
875 2652 1030 2715 λίθος
1061 2649 1382 2725 δυνήσηται,
1421 2653 1590 2732 μέχρι
1618 2659 1716 2710 τοῦ
1746 2657 2017 2730 παρόντος
2047 2654 2194 2729 παρὰ
2222 2659 2354 2709 πᾶσι
2385 2655 2691 2729 θεωρεῖται,
2718 2657 2836 2719 πῶς
2863 2652 3230 2719 ἀποσπασθεὶς
3281 2653 3341 2710 έκ
3385 2657 3482 2710 τοῦ
3513 2651 3672 2729 ὄρους
3708 2653 3839 2730 κρέ-

451 2762 638 2816 μαται,
670 2741 728 2796 ὃν
761 2742 790 2798 6
820 2740 976 2820 ἅγιος
1005 2741 1072 2818 τῇ
1099 2747 1196 2798 τοῦ
1227 2745 1465 2818 Χριστοῦ
1497 2741 1717 2816 δυνάμει
1749 2741 1994 2816 ἔστησεν.

517 2834 726 2890 ΠΕΤΡ.
760 2833 1126 2906 Πυνθάνομαι,
1156 2834 1308 2908 τίμιε
1334 2835 1526 2908 πάτερ,
1550 2835 1578 2890 6
1600 2836 1899 2912 περιφανής
1931 2836 2088 2898 οὗτος

447 2920 757 2994 ἄνθρωπος,
789 2922 818 2976 6
849 2919 901 2976 έν
937 2921 1146 2996 ὑστέρῳ
1177 2919 1504 2986 διδάσκαλος
1539 2928 1800 2998 μαθητῶν
1821 2924 2087 3002 γεγονὼς,

443 3011 509 3066 τὸ
537 3010 806 3086 πρότερον
835 3008 965 3087 ἔσχε
996 3008 1325 3068 διδάσκαλον
1351 3032 1365 3082 ;

2273 2835 2441 2892 Pera.
2477 2839 2777 2904 Pulamus,’
2797 2835 2892 2892 hic
2914 2839 3032 2892 tam
3056 2835 3324 2910 egregius
3344 2837 3450 2906 vir,
3484 2843 3542 2893 ut
3574 2840 3704 2910 post
3723 2850 3840 2892 ma-

2200 2924 2813 2999 gisterdiscipulorum
2825 2925 3010 2998 ﬁeret,
3034 2926 3195 2999 prius
3207 2926 3412 2984 habuit
3443 2926 3794 2998 magistrum
3813 2923 3843 2982 ?

516 3096 984 3196 FPHI‘.966ap&3¢
1001 3104 1193 3157 τοῦτον
1213 3103 1490 3178 γεγονέναι
1513 3103 1660 3165 τινὸς
1687 3105 1934 3177 μαθητὴν
1950 3104 2079 3174 ἀκη-

2270 3103 3076 3178 Gascoe.Nequaquamhunc
3098 3105 3278 3164 fuisse
3290 3106 3638 3179 cujusquam
3661 3104 3841 3196 disci-

443 3206 565 3244 κοα’
595 3193 693 3244 τοῦ
715 3185 773 3244 δὲ
793 3189 946 3264 ἁγίου
966 3189 1269 3264 πνεύματος
1291 3193 1353 3247 τὸ
1375 3189 1549 3265 δῶρον
1577 3194 1735 3266 νόμῳ
1766 3192 1827 3248 οὐ
1861 3197 2079 3249 στενοῦ-

2197 3199 2400 3271 pulum
2416 3197 2881 3270 audivi,sedlege
2898 3199 3438 3272 nonconstringitur
3450 3198 3635 3254 sancti
3653 3195 3832 3269 Spiri-

442 3298 553 3339 ται.
585 3279 780 3350 Ὅμως
812 3272 934 3344 ἔθος
961 3286 1062 3348 τῆς
1118 3279 1285 3356 ὀρθῆς
1323 3283 1666 3360 ἀναστροφῆς
1718 3281 1973 3358 ὑπάρχει,
2002 3282 2090 3339 ’ἰνα

442 3367 799 3443 προϊστασθαί
830 3387 912 3430 τις
944 3370 1022 3443 μὴ
1053 3367 1338 3446 τολμήσῃ,
1372 3373 1430 3433 ὅς
1459 3393 1542 3436 τις
1592 3371 1983 3427 ὑποτάσσεσθαι
2025 3371 2087 3428 οὑ

442 3457 835 3531 μεμάθηκε,μῆ
856 3455 905 3512 δ’
919 3459 1166 3529 ὑπακοὴν
1178 3465 1295 3522 τοῖς
1311 3459 1697 3534 ὑποκειμένοις
1712 3459 2086 3536 ἐπιτρέψαι,ἤν

443 3544 603 3608 αὐτὸς
623 3544 682 3600 έκ
698 3549 807 3601 τῶν
827 3547 1259 3624 προηγουμένων
1282 3546 1558 3604 ἐκτελέσαι
1582 3547 1682 3604 οὑκ
1703 3543 1958 3624 ἔγνωκεν.
1985 3550 2091 3606 Εὑ-

447 3634 727 3709 ρίσκονται
749 3632 806 3690 δέ
827 3655 965 3697 τινες
990 3633 1050 3690 ἐκ
1074 3637 1173 3704 τῆς
1203 3641 1302 3692 τοῦ
1333 3636 1640 3709 πνεύματος
1674 3635 1908 3713 διδαχῆς
1937 3634 2087 3693 ἔνδον

443 3721 851 3798 διδασκόμενοι,
881 3723 978 3779 κᾶν
1007 3721 1200 3796 ἔξωθεν
1229 3726 1416 3789 αὐτοῖς
1465 3727 1804 3801 ἀνθρωπίνης
1855 3725 2089 3803 διδαχῆς

445 3808 728 3887 έπιστήμη
753 3812 852 3868 οὐκ
872 3811 1130 3890 ὑπάρχει,
1152 3816 1187 3884 ἡ
1208 3818 1306 3870 τοῦ
1327 3810 1538 3869 ἔνδοθεν
1563 3811 1896 3870 διδασκάλου
1928 3817 2093 3894 σοφία

444 3901 546 3957 οὐκ
565 3899 1013 3962 έκλείπει.Τοῢτο
1036 3900 1093 3958 δὲ
1114 3898 1394 3976 συμϐαίνει
1417 3902 1493 3964 εἷς
1514 3902 1756 3967 τελείους
1773 3902 1992 3980 ἄνδρας,
2014 3905 2089 3960 ὧν

447 3993 484 4060 ἡ
497 3997 597 4060 τῆς
617 3997 764 4061 ζωῆς
779 3990 1081 4066 ἐλευθερία,
1106 3995 1178 4066 (e)
1190 3991 1242 4047 έν
1255 3997 1334 4065 τῷ
1351 3989 1710 4071 ὑποδείγματι
1722 3999 1830 4049 τῶν
1846 3994 2090 4058 ἀσθενεσ-

449 4077 620 4153 τέρων
652 4087 970 4137 καταπεσεῖν
999 4077 1061 4136 οὑ
1094 4079 1336 4152 δύναται,
1353 4079 1446 4138 ’ίνα
1469 4085 1544 4156 μή
1566 4104 1649 4146 τις
1673 4083 1858 4139 ἑαυτὸν
1879 4085 2091 4158 ὁμοίως

452 4167 755 4242 πνεύματος
778 4170 936 4244 ἀγίου
957 4168 1392 4245 πεπληρωμένον
1417 4172 1549 4226 εἶναι
1571 4170 1823 4245 νομίσας,
1843 4174 2090 4246 μαθητὴς

451 4257 738 4330 ἀνθρώπου
755 4258 999 4334 γενέσθαι
1019 4259 1582 4334 παρακρούσηται,καὶ
1605 4259 1820 4331 πλάνης
1843 4257 2092 4316 διδάσκαο

451 4343 548 4408 λος
559 4347 952 4422 γένηται.Νοῦς
966 4346 1023 4404 δὲ
1036 4350 1064 4405 ὁ
1076 4353 1173 4405 τοῦ
1187 4348 1330 4414 θείου
1342 4350 1776 4425 πεπληρωμένος
1788 4351 2093 4425 πνεύματος

454 4435 822 4510 ἐμφανέστατα
851 4435 970 4517 ἔχει
997 4438 1065 4494 τὰ
1093 4444 1296 4512 σημεῖα
1317 4439 1505 4508 αὑτοῦ,
1529 4437 1562 4493 ἆ
1580 4439 1700 4494 τινά
1728 4437 1827 4494 εἰσι
1862 4436 2091 4514 δύναμις

2194 3287 2705 3346 tusdonum.Usus
2728 3289 2968 3362 quidem
3000 3294 3167 3346 rectas
3188 3289 3644 3346 conversationis
3657 3291 3838 3354 est,ut

2196 3393 2446 3448 praeses
2472 3393 2586 3432 non
2612 3377 2844 3442 audeat,
2866 3377 2964 3448 qui
2988 3377 3232 3434 subesse
3253 3394 3370 3434 non
3393 3377 3701 3446 didicerit;
3732 3391 3840 3433 nec

2195 3465 2586 3522 obedientiam
2613 3465 2896 3536 subjectis
2926 3467 3198 3540 imperet,
3229 3484 3407 3539 quam
3450 3467 3700 3539 praelatis
3723 3482 3838 3521 non

2194 3553 2356 3612 novit
2375 3554 2666 3612 exhibere.
2699 3553 2810 3611 Sed
2833 3559 3028 3612 tamen
3063 3561 3203 3611 sunt
3233 3555 3496 3611 nonnulli
3520 3556 3623 3628 qui
3652 3557 3729 3610 ita
3744 3570 3846 3626 per

2196 3645 2601 3717 magisterium
2615 3644 3228 3716 Spiritusintrinsecus
3242 3644 3738 3712 docentur,utetsi
3760 3644 3845 3700 eis

2195 3733 2447 3789 exterius
2461 3733 2705 3789 humani
2719 3734 3038 3806 magisterii
3057 3733 3366 3804 disciplina
3386 3734 3557 3805 desit,
3576 3731 3840 3806 magistri

2197 3821 2388 3877 intimi
2423 3838 2668 3878 censura
2717 3839 2831 3878 non
2869 3823 3039 3879 desit.
3085 3825 3343 3890 Quorum
3375 3830 3571 3880 tamen
3601 3822 3839 3878 libertas

2194 3909 2326 3966 vitae
2343 3911 2414 3966 ab
2437 3909 2689 3967 inﬁrmis
2713 3911 2771 3968 in
2798 3910 3126 3983 exemplum
3156 3928 3270 3966 non
3304 3917 3393 3968 est
3427 3912 3732 3977 trahenda,
3767 3926 3839 3966 ne

2197 4000 2337 4055 dum
2367 4016 2430 4056 se
2456 4001 2705 4072 quisque
2746 3999 3018 4056 similiter
3050 4007 3248 4057 sancto
3279 4001 3498 4072 Spiritu
3532 3999 3836 4072 impletum

2197 4089 2516 4160 praesumit,
2548 4088 2874 4160 discipulus
2897 4088 3154 4145 hominis
3181 4106 3309 4146 esse
3326 4090 3692 4160 despiciat,et
3713 4106 3837 4144 ma-

2196 4177 2375 4250 gister
2404 4179 2616 4234 erroris
2664 4177 2786 4232 fiat.
2821 4177 2985 4234 Mens
3007 4183 3205 4234 autem
3241 4194 3369 4248 quae
3398 4179 3596 4235 divino
3628 4177 3836 4249 spiritu

2196 4265 2677 4339 impletur,hahet
2699 4265 3134 4324 evidentissime
3157 4267 3221 4339 (ἰ)
3251 4266 3424 4340 signa
3453 4284 3577 4336 sua;
3601 4267 3838 4322 virtutes

2197 4355 2420 4413 scilicet
2448 4361 2505 4414 et
2535 4355 2949 4425 humilitatem,
2982 4373 3106 4428 quas
3139 4357 3189 4414 sl
3221 4361 3472 4429 utraque
3502 4357 3752 4428 perfecte
3779 4354 3841 4411 in

2198 4463 2316 4502 una
2358 4455 2551 4502 mente
2599 4449 2975 4514 conveniunt,
3021 4447 3204 4520 liquet
3249 4447 3399 4517 quod
3432 4445 3502 4502 de
3535 4444 3846 4517 praesentia

454 4497 1058 4604 xci-tarmvocpdcdvn,
1081 4497 1215 4605 ἅπερ
1238 4527 1325 4584 ἐὰν
1351 4497 1629 4606 ἀμφότερα
1651 4526 1702 4584 ἓν
1733 4527 1808 4583 ἑνὶ
1841 4497 2079 4603 λογισιμῆ

2199 4535 2386 4592 sancti
2401 4535 2652 4608 Spiritus
2686 4497 3411 4593 testimoniumjt‘erun‘tﬁic
3433 4497 3648 4607 quippe
3669 4535 3846 4590 etiam

447 4615 774 4693 ὁλοκλήρως
787 4617 1086 4685 συνέλθωσι
1099 4623 1283 4700 σαφῶς
1291 4621 1390 4690 τὴν
1407 4617 1702 4695 μαρτυρίαν
1715 4626 1812 4691 τῆς
1824 4622 1920 4675 τοῦ
1933 4620 2091 4695 ἁγίου

444 4707 749 4782 πνεύματος
779 4707 1076 4784 παρουσίας
1107 4708 1381 4788 φέρουσιν.
1413 4709 1603 4773 Οὕτως
1651 4707 1742 4766 οὖν
1774 4709 2028 4781 Ἰωάννης
2059 4711 2086 4765 6

445 4798 758 4867 Βαπτιστής
771 4794 1096 4854 διδάσκαλον
1114 4799 1190 4872 μὴ
1205 4794 1497 4874 ἰσχηκέναι
1511 4799 1933 4874 ἀναγινώσκεται
1945 4819 1954 4831 ·
1965 4793 2088 4855 οὐδὲ

444 4885 546 4964 γάρ
569 4886 705 4956 αὑτή
727 4887 764 4956 ἠ
779 4886 1096 4958 Ἀλήθεια,ὁ
1107 4887 1294 4964 κύριος
1306 4889 1468 4962 ἡμῶν
1485 4888 1700 4961 Ἰησοῦς
1712 4889 2088 4967 Χριστὸς,σω-

514 5032 592 5103 (α)
625 5029 885 5106 Excussi,
927 5032 1288 5106 θαυμάσοντες
1339 5029 1397 5089 δὲ
1435 5033 1653 5096 πάντες.
1698 5036 1782 5093 Ita
1820 5035 2085 5094 restitut-

445 5119 582 5180 mus
610 5119 680 5180 ex
710 5104 852 5180 Mss.
883 5110 942 5180 et
969 5104 1042 5180 ex
1065 5107 1460 5180 grammatica
1486 5109 1734 5180 legibus.

515 5175 777 5254 (blﬂegq
807 5174 859 5232 ἒν
883 5174 1161 5254 ’θαύμασιν
1193 5177 1476 5254 μεγίστοις
1505 5174 1594 5254 agt
1624 5195 1780 5254 παρα.
1797 5177 1906 5232 τῶν
1947 5196 2086 5253 προ-

444 5241 1048 5336 litigat-191mg"
1082 5241 1630 5336 {lfugaéiacfuzd'm
1654 5241 1733 5336 εἷς
1761 5241 2029 5336 έκεῖνονὶξ,

555 5265 751 5302 σεντων
779 5265 1048 5326 γονεων...
1082 5265 1391 5324 ιΛευθεριας
1421 5265 1630 5336 τυχῶν,
1654 5265 1731 5310 εις
1761 5265 2029 5307 εκεινον...

511 5265 786 5413 ξὶβθβον
821 5322 1070 5413 “una.”
1094 5324 1166 5413 si
1192 5325 1314 5413 svi
1329 5317 1918 5413 :9.3°°§3:°§“W
1951 5321 2084 5413 03'9:

515 5336 786 5448 (chttesgu
821 5336 908 5379 Ἐν
940 5336 1070 5376 πᾶσι
1094 5342 1166 5410 τῃ
1201 5336 1314 5395 ςωῃ
1347 5336 1516 5375 αυτου
1548 5336 1918 5446 οποοειγὲιατα
1951 5336 2083 5374 θαυ-

443 5406 695 5520 .
729 5398 971 5471 ιαγωγῆς
1003 5391 1296 5463 ὑπεοειξεν.
1328 5393 1485 5450 Colb.
1519 5393 1714 5462 habet,
1735 5413 1760 5449 ε
1799 5411 1956 5465 ωκεν,
1979 5409 2083 5466 pro

477 5483 672 5520 εοωκεν
682 5507 695 5522 .

536 5539 596 5611 ct)
627 5537 791 5611 Reg.,
813 5531 1192 5611 καταϐάσεως.

533 5610 585 5686 ε)
599 5608 777 5686 geel,
809 5608 868 5664 ἐκ
896 5613 1004 5686 τῶν
1033 5608 1470 5686 ὑποδειγμάτων.

598 5677 854 5738 Plurima
865 5681 1150 5755 miracula
1162 5677 1775 5746 ad'commcndandam
1789 5681 2084 5746 abstinen-

2197 4624 2454 4682 Joannes
2489 4623 2753 4696 Baptista
2795 4625 3134 4698 magistrum
3162 4625 3444 4682 habuisse
3466 4640 3581 4680 non
3607 4623 3842 4696 legitur,

2199 4732 2388 4787 neque
2413 4715 2543 4788 ipsa
2562 4714 2784 4774 Veritas
2808 4733 2936 4788 qua
2957 4715 3240 4788 corporali
3265 4714 3574 4788 praesentia
3603 4716 3847 4785 aposto-

2168 4803 2282 4880 _los
2314 4804 2530 4870 docuit,
2562 4820 2696 4861 eum
2729 4804 3100 4876 corporaliter
3121 4805 3273 4860 inter
3296 4801 3620 4875 discipulos
3641 4817 3845 4874 aggre-

2195 4893 2351 4968 gavit
2383 4913 2399 4966 ;
2429 4895 2528 4951 sed
2557 4911 2736 4966 quem
2767 4894 3121 4951 intrinsecus
3172 4893 3434 4962 docebat,
3469 4891 3840 4949 extrinsecus

2191 5036 2332 5093 tiam
2344 5038 2492 5092 facta
2504 5034 3060 5109 referuntur.Simile
3075 5036 3356 5109 penelege
3369 5034 3622 5109 apud_S_ul
3634 5033 3848 5109 picium

2194 5110 2489 5176 Severum,
2512 5109 2742 5180 dialogo
2771 5109 2828 5175 3,
2850 5111 2920 5164 de
2948 5105 3264 5164 virtutibus
3291 5105 3482 5164 sancti
3519 5105 3772 5169 Martini,
3793 5121 3845 5161 c.

2194 5182 2281 5235 13.
2314 5180 2393 5236 Ad
2429 5181 2673 5250 primum
2695 5181 2901 5250 factum
2924 5181 3033 5234 reti
3058 5180 3370 5250 permodico
3403 5181 3699 5234 immanem
3728 5191 3850 5250 cso-

2191 5267 2304 5307 cem
2336 5247 2600 5323 diaconus
2629 5247 2895 5316 extraxit,
2927 5247 3193 5321 Martino,
3229 5253 3354 5323 qui,
3387 5253 3558 5306 etiam
3594 5250 3651 5303 in
3689 5247 3850 5323 feriis

2191 5321 2663 5394 Paechalibus,ga
2693 5323 2966 5378 carnibus
2997 5319 3348 5392 abstinebat,
3399 5319 3843 5394 apponendum.

2263 5395 2341 5464 (ρ)
2371 5392 2646 5466 Nonnulli
2679 5394 2848 5460 Editi,
2907 5394 2973 5466 de
3009 5396 3182 5466 fonte.

2263 5460 2340 5536 (λδ
2373 5464 2597 5539 Οεωθιγ.
2652 5471 2707 5522 et
2757 5460 3018 5539 Prata],
3047 5470 3142 5539 qui
3193 5465 3450 5524 Ftundis.
3485 5462 3674 5523 Fundi
3708 5460 3850 5518 urbs

2191 5543 2281 5594 est
2310 5553 2470 5609 nunc
2498 5537 2850 5609 episcopalis
2876 5539 2936 5594 in
2970 5537 3152 5596 Latio.

2261 5607 2767 5683 (1)8iclegendu'm
2791 5626 2860 5666 ex
2880 5611 3017 5667 Mss.
3050 5626 3189 5679 non,
3227 5608 3636 5683 evidentissima
3683 5607 3847 5683 signa

2189 5677 2311 5757 sua,
2334 5685 2395 5742 ut
2419 5677 2608 5744 ferunt
2627 5681 2802 5743 Editi.
2833 5684 3020 5750 Quam
3051 5677 3403 5745 sententiam
3424 5681 3498 5744 ad
3519 5697 3583 5743 eo
3597 5677 3842 5742 trahunt
