4210 6160
436 349 552 412 161

1699 329 2224 396 DIALOGORUM
2265 333 2502 396 LIBER
2544 334 2597 395 I.

506 484 682 539 Pera.
707 476 1000 543 Quidnam
1027 471 1140 528 hoc
1171 481 1303 527 esse
1331 465 1634 524 dicimus?
1655 465 1924 524 virtutem
1945 467 2100 524 tanti

2279 469 2479 527 IIETP.
2512 469 2583 526 Τί
2613 467 2706 525 οὖν
2734 470 2866 525 εἶναι
2897 472 3059 526 τοῦτο
3093 470 3325 546 λὲγομεν
3353 489 3367 542 ;
3397 475 3498 529 τοῦ
3525 475 3856 552 ,Ὁνωράτου

440 567 711 631 miraculi
742 563 1028 623 Honorati
1059 561 1178 633 egit
1207 559 1510 626 meritum,
1540 573 1613 613 an
1653 555 1860 630 petitio
1892 558 2096 614 Liber-

448 663 600 719 lini?

512 753 770 807 Gascoa.
795 746 859 801 In
891 741 1231 800 ostensione
1251 743 1374 795 tam
1403 735 1766 794 admirabilis
1787 735 1942 807 signi
1966 752 2099 794 cum

443 843 560 898 fide
585 838 814 894 femina
847 835 1036 889 virtus
1057 830 1328 888 convenit
1348 833 1752 899 utrorumque;
1775 831 1954 900 atque
1971 827 2102 884 ideo

442 928 811 988 Libertinum
835 923 1105 980 existimo
1127 920 1238 976 ista
1261 917 1542 991 potuisse,
1567 917 1703 988 quia
1735 916 1869 988 plus
1889 917 2102 974 didice-

440 1029 531 1076 rat
551 1021 620 1074 de
644 1012 936 1087 magistri,
961 1025 1138 1083 quam
1160 1008 1233 1064 de
1251 1024 1360 1063 sua
1379 1007 1590 1062 virtute
1604 1005 2101 1078 confidere.Cujus

443 1109 601 1166 enim
637 1102 952 1176 caligularn
983 1101 1044 1156 in
1075 1101 1306 1172 pectore
1335 1094 1608 1153 exstincti
1638 1096 1972 1166 corpusculi
1999 1113 2102 1167 po-

443 1198 591 1266 suit,
623 1195 755 1265 ejus
787 1191 1065 1247 nimirum
1098 1187 1358 1242 animam
1391 1183 1651 1240 obtinere
1681 1184 1836 1256 quod
1870 1185 2103 1256 petebat

442 1277 1188 1342 aestimavitNamEliszeus
1210 1290 1444 1347 quoque
1462 1272 1730 1344 magistri
1753 1271 1990 1344 pallium
2015 1274 2101 1330 fe-

436 1379 782 1445 rcns,atque
801 1371 870 1425 ad
893 1367 1208 1425 Jordanem
1235 1365 1498 1432 veniens,
1520 1365 1816 1434 percussit
1837 1363 2100 1429 semel,et

433 1482 624 1539 aquas
659 1461 901 1518 minime
931 1455 1259 1514 divisit.Sed
1284 1471 1419 1510 cum
1453 1457 1690 1526 repente
1720 1451 1974 1510 diceret:
2003 1454 2102 1511 Ubi

432 1563 519 1613 es!
551 1556 694 1609 Deus
715 1551 860 1607 Elia?
878 1552 1050 1605 etiam
1071 1561 1219 1600 nunc
1237 1544 1343 1617 (IV
1362 1541 1655 1615 Reg.x1v)?
1679 1542 1968 1614 percussit
1989 1543 2099 1597 ﬂu-

438 1649 602 1703 vium
619 1638 888 1714 magistri
905 1637 1174 1710 pallio,ac
1195 1634 1306 1689 iter
1320 1633 1474 1689 inter
1486 1647 1663 1703 aquas
1684 1631 2098 1703 feciLPerpen-

440 1733 1050 1802 dis,Petre,quantum
1072 1725 1135 1780 in
1157 1721 1507 1779 exhibendis
1526 1720 1836 1776 virtutibus
1856 1719 2099 1776 humili—

450 1831 543 1882 tas
571 1819 770 1879 valet?
795 1814 1261 1910 Tunc‘exhibere
1291 1809 1858 1910 magistrivirtutem
1885 1812 2096 1910 potuit,
2133 1845 2178 1910 Β

463 1912 695 1988 quando
717 1905 983 1981 magistri
1003 1919 1216 1961 nomen
1239 1903 1311 1958 ad
1333 1899 1676 1957 memoriam
1701 1899 2100 1965 reduxit.Quia

468 2004 622 2061 enim
663 2000 734 2056 ad
755 1996 1142 2055 humilitatem
1166 1990 1276 2048 sub
1297 1991 1574 2064 magistro
1593 1989 1947 2062 rediit,quod
1971 2005 2099 2046 ma-

451 2095 639 2166 gister
666 2091 877 2147 fecerat
904 2091 962 2143 et
991 2085 1116 2156 ipse
1136 2080 1288 2139 fecit.

513 2455 688 2509 Ρετιι.
721 2448 885 2504 Libet
915 2444 1072 2520 quod
1105 2441 1286 2508 dicis;
1317 2438 1436 2506 sed,
1462 2452 1662 2510 quaso
1691 2440 1769 2508 te,
1801 2439 1967 2494 estne
1997 2435 2103 2492 ali-

443 2541 589 2616 quid
623 2538 778 2596 aliud
810 2536 961 2608 quod
995 2531 1184 2590 adhuc
1215 2530 1287 2586 de
1313 2527 1441 2600 ipso
1465 2527 1536 2583 ad
1567 2529 1831 2582 nostram
1855 2525 2103 2582 adifica.

448 2632 680 2689 tionem
713 2642 916 2684 narres
934 2625 963 2680 ‘2
1455 2698 1460 2702 ~

520 2728 778 2780 Gassoa.
806 2722 912 2775 Bst
942 2716 1135 2790 plane,
1161 2713 1263 2770 sed
1296 2712 1345 2768 si
1374 2709 1571 2783 sitqui
1603 2708 1743 2767 velit
1765 2707 1984 2764 imitari
2005 2708 2102 2779 (a).

446 2815 570 2887 Ego
616 2812 771 2869 enim
816 2810 1090 2865 virtutem
1137 2799 1431 2876 patientia
1475 2799 1659 2872 signis
1708 2803 1766 2854 et
1805 2795 2105 2854 miraculis

451 2905 739 2974 majorem
773 2894 1233 2959 credo.Quadam
1266 2904 1517 2962 namque
1539 2888 1633 2944 die
1657 2888 1707 2944 is
1728 2887 1831 2958 qui
1853 2891 1987 2959 post
2006 2903 2107 2944 ve-

451 2989 735 3050 nerabilis
760 2985 1038 3044 Honorati
1064 2985 1277 3039 exitum
1299 2979 1641 3036 monasterii
1663 2979 1924 3049 regimen
1946 2981 2106 3034 tene-

453 3083 572 3149 bat,
598 3083 797 3136 contra
829 3075 1102 3132 eumdem
1133 3068 1526 3127 venerabilem
1558 3067 1917 3123 Libertinum
1949 3065 2107 3137 gravi

2207 561 2242 628 ἡ
2274 560 2504 636 άγιότης
2531 561 2631 632 τήν
2660 558 2888 634 δύναμιν
2914 565 3011 616 τοῦ
3032 562 3301 619 τοσούτου
3323 563 3596 640 θαύματος
3615 568 3853 643 πεποίη-

2207 669 2321 717 κεν,
2353 650 2387 719 ἢ
2419 655 2518 704 τοῦ
2549 646 2865 725 Διϐερτίνου
2895 653 2930 720 ἡ
2962 649 3220 722 αἶ’τησιςς

2279 739 2407 794 ΓΡΗ
2421 743 2473 793 Γ.
2501 737 2585 792 Ἐν
2606 741 2675 811 τῇ
2706 735 2957 808 ἐπιδείξει
2987 741 3086 793 τοῦ
3109 738 3363 796 τοιούτου
3411 744 3495 817 (d)
3543 745 3856 818 θαυμαστοῦ

2209 825 2442 900 σημείου
2477 827 2615 899 μετὰ
2639 833 2742 896 τῆς
2769 827 3002 892 πίστεως
3029 835 3128 898 τῆς
3159 831 3417 904 γυναικὸς
3435 833 3472 902 ἡ
3495 829 3726 908 δυναμις
3739 840 3854 892 τῶν

2208 915 2532 993 ἀμφοτέρων
2591 913 2846 986 συνῆλθε·
2907 918 2999 972 καὶ
3053 914 3144 972 διὰ
3204 923 3368 975 τοῦτο
3453 919 3852 997 ὑπολαμϐάνω.

2208 1001 2526 1082 Λιϐερτῖνον
2567 1009 2734 1060 ταῦτα
2760 1002 3038 1074 δύνασθαι,
3072 1006 3157 1062 ὅτι
3185 1005 3384 1082 πολλῷ
3419 1008 3633 1082 μᾶλλον
3661 1016 3731 1087 τῇ
3757 1018 3854 1069 τοῦ

2209 1092 2541 1151 διδασκάλου
2567 1091 2816 1168 δυνάμει,
2840 1092 2984 1171 ἤπερ
3007 1099 3076 1169 τῇ
3107 1097 3299 1153 ἑαυτοῦ
3336 1099 3652 1156 πεποιθέναι
3698 1101 3854 1159 ἐπίσ-

2205 1205 2411 1243 τευσεν.
2445 1184 2675 1249 Οὗτινος
2725 1186 2830 1261 γὰρ
2881 1186 2946 1241 τὸ
2995 1183 3244 1260 καλίγιον
3295 1187 3348 1244 ἐν
3401 1192 3481 1261 τῷ
3527 1193 3712 1262 στήθει
3755 1197 3853 1249 τοῦ

2205 1276 2500 1337 τεθνεῶτος
2527 1272 2743 1345 ἓθηκεν,
2776 1275 2940 1330 αύτοῦ
2971 1272 3190 1346 δηλαδή
3218 1278 3318 1346 τήν
3347 1280 3533 1354 ψυχὴν
3581 1280 3856 1338 ὑπακουσ-

2218 1370 2397 1433 θῆναι,
2421 1364 2555 1438 ’ὀπερ
2573 1363 2818 1438 ᾐτήσατο
2842 1359 3243 1438 ὑπελάμϐανεν*
3269 1367 3418 1423 Ἐπεὶ
3431 1369 3521 1424 καὶ
3545 1369 3857 1437 Ἐλισσαῖος

2216 1457 2314 1508 τοῦ
2346 1449 2672 1508 διδασκάλου
2703 1455 2802 1523 τήν
2839 1453 3106 1526 μηλωτήν
3157 1456 3460 1529 βαστάζων,
3509 1459 3597 1514 καὶ
3648 1459 3724 1522 εἷς
3761 1461 3854 1516 τὸν

2210 1539 2485 1617 Ἰορδάνην
2519 1540 2713 1612 ἐλθὼν,
2737 1541 2992 1614 ἐπάταξεν
3015 1543 3173 1615 ἅπαξ,
3198 1545 3288 1600 καὶ
3313 1543 3572 1619 οὐδαμῶς
3593 1547 3853 1607 τὰηῧδατα

2211 1629 2455 1704 διῃρέθηο
2488 1632 2562 1694 ὡς
2595 1629 2652 1687 δὲ
2680 1631 2918 1707 παρευθὺ
2951 1631 3087 1703 εἷπε,
3114 1638 3226 1688 Ποῦ
3245 1633 3387 1690 ἐστιν
3407 1636 3437 1690 6
3459 1636 3590 1700 Θεὸς
3613 1636 3808 1694 Ἠλιοῦ
3834 1659 3850 1710 ς

2209 1721 2300 1777 καὶ
2329 1723 2495 1778 πάλιν
2541 1724 2633 1779 τὸν
2683 1725 2932 1797 ποταμὸν
2977 1728 3047 1799 τῇ
3088 1730 3187 1780 τοῦ
3231 1723 3564 1784 διδασκάλου
3612 1728 3850 1807 μηλωτῇ

2209 1809 2490 1885 ἐπάταξεν,
2523 1810 2648 1868 ὁδὸν
2680 1813 2948 1887 άναμέσον
2979 1817 3087 1871 τῶν
3120 1811 3328 1871 ὑδὸτων
3355 1815 3644 1889 πεποίηκε.
3675 1825 3852 1876 Κατα-

2210 1907 2372 1972 νοεῖς,
2409 1901 2595 1977 Πέτρε,
2621 1901 2789 1958 πόσον
2821 1905 2856 1973 ἡ
2887 1903 3350 1983 ταπεινοφροσύνῃ
3385 1904 3439 1962 ἐν
3465 1911 3586 1973 ταῖς
3629 1911 3856 1986 γινομέ-

2207 2013 2327 2054 ναις
2360 1989 2646 2066 δυνάμεσιν
2679 1993 2858 2069 ἱσχύει
2887 2011 2902 2062 ;
2933 1993 3056 2050 τότε
3081 1995 3183 2070 γὰρ
3215 2001 3444 2066 ποιῆσαι
3472 1998 3572 2068 τήν
3598 1998 3724 2069 ’ἰσην
3753 2003 3850 2055 τοῦ

2211 2077 2542 2136 διδασκάλου
2573 2078 2802 2156 δύναμιν
2834 2079 3110 2153 ἠδυνήθη,
3141 2084 3232 2139 ὅτε
3268 2089 3366 2140 τοῦ
3421 2082 3752 2143 διδασκάλου
3787 2090 3852 2146 τὸ

2211 2169 2385 2244 ὄνομα
2413 2169 2490 2233 εἰς
2524 2172 2748 2244 μνήμην
2777 2171 2969 2248 ἤγαγε,
3009 2173 3100 2228 καὶ
3128 2171 3218 2228 ὅτε
3259 2177 3329 2248 τῇ
3377 2188 3849 2254 ταπεινοφροσυνῃ

2211 2258 2301 2316 ἐπὶ
2357 2259 2452 2314 τὸν
2507 2256 2833 2316 διδάσκαλον
2892 2259 3308 2337 ἀνθυπέστρεψε,
3357 2261 3482 2320 τότε
3529 2263 3620 2319 καὶ
3693 2265 3854 2332 αὐτὸς

2209 2348 2508 2420 πεποίηκεν
2541 2347 2674 2422 ὅπερ
2703 2347 2795 2405 καὶ
2827 2350 2855 2406 6
2887 2346 3236 2416 διδάσκαλος.

2283 2441 2489 2497 llETP.
2518 2437 2758 2514 Ἀρὲσκει
2785 2441 2815 2494 6'
2846 2437 3041 2515 λέγεις·
3084 2438 3214 2497 ἀλλ’
3265 2441 3423 2512 αἰτῶ,
3466 2443 3619 2517 τίμιε
3664 2445 3861 2522 πάτερ,

2213 2525 2359 2585 ἔστιν
2393 2526 2534 2584 ἄλλο
2559 2548 2612 2584 τι
2642 2529 2768 2605 περὶ
2797 2529 2988 2602 αὐτοῦ,
3021 2529 3154 2606 ὅπερ
3173 2529 3250 2587 εἷς
3271 2530 3541 2607 ἡμετέραν
3559 2531 3863 2610 οἰκοδομήν

2211 2617 2329 2694 ὀφεί
2344 2617 2450 2694 λῃς
2484 2616 2871 2694 διηγήσασθαι.

2288 2710 2482 2766 ΓΡΗΓ.
2515 2707 2692 2764 Ἐστὶν
2715 2702 2910 2776 ὅντως,
2933 2707 3021 2764 ἐὰν
3039 2709 3075 2785 ᾖ
3091 2711 3120 2766 6
3140 2709 3318 2767 θὲλων
3345 2713 3869 2792 μιμήσασθαι.Έγὼ

2213 2799 2318 2875 γάρ
2348 2799 2445 2868 τὴν
2476 2795 2704 2871 δύναμιν
2733 2804 2839 2868 τῆς
2870 2798 3159 2872 ὑπομονῆς
3192 2800 3415 2874 μείζονα
3430 2805 3540 2858 τῶν
3567 2803 3861 2877 θαυμάτων

2213 2886 2304 2943 καὶ
2320 2892 2428 2942 τῶν
2439 2909 2504 2958 ση
2515 2886 2680 2960 μείων
2696 2890 2837 2943 εἶναι
2855 2890 3115 2946 πιστεόωζ
3133 2891 3217 2945 Ἐν
3241 2896 3341 2965 μιᾷ
3354 2889 3528 2965 οὗν(θ)
3539 2894 3574 2962 ἡ
3585 2894 3722 2967 μὲρᾳ
3733 2893 3866 2950 ἐκεῖ.

2213 2996 2326 3048 νος,
2359 2977 2387 3031 6
2423 2978 2556 3050 μετὰ
2586 2977 2686 3046 τὴν
2705 2981 2804 3033 τοῦ
2828 2973 3230 3034 εύλαϐεστάτου
3249 2980 3561 3056 Ὁνωράτου
3576 2980 3858 3038 τελείωσιν

2213 3067 2312 3134 τήν
2339 3071 2439 3134 τῆς
2475 3071 2642 3138 μονῆς
2671 3068 3045 3138 ποιμαντικήν
3077 3067 3376 3141 ἡγεμονίαν
3409 3070 3680 3144 κατέχων,
3724 3070 3865 3126 κατὰ

450 3168 759 3228 iracundia
780 3163 1110 3231 exarsit,ita
1130 3166 1194 3218 ut
1213 3161 1285 3232 (ὁ)
1309 3175 1441 3216 eum
1466 3157 1745 3213 manibus
1766 3157 2106 3211 caederetEt

2222 3158 2314 3209 τοῦ
2336 3153 2626 3231 θεοφιλοῦς
2659 3151 2978 3228 Λιϐερτίνου
3002 3157 3290 3230 βαρυτάτῳ
3310 3159 3470 3231 θυμῷ
3486 3157 3714 3238 ἐξήφθη,
3729 3160 3867 3217 ὥστε

450 3261 590 3334 quia
613 3262 833 3330 virgam
869 3271 986 3328 qua
1005 3267 1139 3308 eum
1165 3249 1336 3306 ferire
1363 3251 1583 3320 posset,
1599 3245 1841 3301 minime
1861 3244 2104 3316 invenit,

2222 3241 2298 3308 εἷς
2327 3219 2486 3297 αύτδν
2517 3244 2613 3306 τὰς
2649 3244 2841 3298 ἑαυτοῦ
2873 3219 3399 3318 χεῖραςιέπιϐαλεῑνι
3564 3219 3645 3321 μὴ
3676 3219 3865 3325 ἐὑρὼν

451 3346 878 3421 comprehenso
913 3339 1169 3398 scabello
1213 3336 1614 3409 suppedaneo,
1644 3334 1696 3390 ei
1727 3338 1900 3405 caput
1929 3349 1995 3389 ac
2025 3334 2108 3388 fa-

445 3441 596 3496 ciem
631 3436 878 3502 tutudit,
910 3436 1216 3502 totumque
1243 3427 1404 3483 illius
1431 3424 1658 3483 vultum
1687 3429 2011 3481 tumentem
2045 3441 2111 3482 ac

442 3528 694 3588 lividum
719 3521 1005 3581 reddidit:
1031 3519 1132 3592 qui
1147 3517 1520 3574 vehementer
1542 3515 1834 3584 caesus,ad
1859 3518 2109 3570 stratum

446 3616 759 3693 proprium
793 3611 1007 3668 tacitus
1040 3607 1302 3665 recessit.
1334 3605 1439 3662 Die
1475 3620 1612 3662 vero
1644 3602 1824 3659 altera
1853 3606 1975 3693 erat
2005 3619 2111 3693 pro

458 3691 716 3764 utilitate
734 3700 1071 3759 monasterii
1099 3700 1167 3767 (c)
1185 3712 1364 3753 causa
1393 3691 2112 3764 constituta.Explelisigi-

459 3803 563 3853 tur
583 3792 823 3869 hymnis
845 3783 1656 3850 matutinalibus,Libertinus
1673 3783 1745 3837 ad
1778 3781 1989 3837 lectum
2011 3782 2118 3837 ab-

460 3885 622 3943 batis
638 3878 1142 3947 venit,orationem
1163 3874 1275 3930 sibi
1293 3871 1591 3928 humiliter
1605 3870 1994 3943 petiit.Sciens
2011 3886 2114 3926 ve-

475 3992 540 4032 ro
561 3973 660 4028 ille
679 3977 961 4043 quantum
989 3983 1022 4023 a
1043 3965 1274 4022 cunctis
1296 3961 1700 4026 honoraretur,
1719 3963 2118 4031 quantumque

474 4063 837 4135 diligeretur,
853 4074 956 4131 pro
977 4054 1192 4126 injuria
1217 4069 1393 4126 quam
1415 4051 1466 4107 ei
1490 4049 2120 4121 ingesserat,recedere

474 4170 611 4212 eum
641 4171 676 4208 a
715 4147 1062 4207 monasterio
1100 4144 1246 4202 velle
1288 4144 1552 4215 putabat,
1587 4145 1760 4212 atque
1798 4139 2120 4211 requisivit,

474 4245 677 4301 dicens
702 4257 715 4298 :
743 4239 849 4298 Ubi
880 4239 969 4295 vis
997 4236 1124 4293 ire?
1153 4234 1258 4292 Cui
1287 4231 1386 4289 ille
1417 4230 1719 4302 respondit
1743 4245 1756 4285 :
1783 4228 2122 4285 Monasterii

476 4349 655 4390 causa
673 4329 997 4386 constituta
1024 4327 1134 4394 est,
1150 4322 1333 4388 Pater,
1360 4336 1537 4393 quam
1564 4317 2120 4390 declinarejnequeo,

478 4421 613 4495 quia
637 4420 910 4475 hesterno
928 4414 1023 4470 die
1046 4428 1138 4467 me
1158 4411 1332 4466 hodie
1353 4410 1568 4465 iturum
1600 4405 1863 4495 promisi,
1882 4405 2023 4461 illuc
2042 4405 2125 4461 ire

478 4493 758 4581 disposui.
781 4506 945 4560 Tunc
967 4501 1064 4558 ille
1087 4517 1120 4555 a
1140 4498 1321 4555 tundo
1347 4497 1538 4553 cordis
1560 4493 1938 4551 considerans
1959 4509 2125 4566 aspe-

2218 3326 2441 3406 ῥάϐδον,
2473 3329 2544 3386 δι’
2572 3333 2638 3403 ἧς
2671 3331 2827 3388 αὐτὸν
2858 3338 3195 3410 μαστιγῶσαι
3231 3332 3556 3406 δυνήσηται,
3585 3339 3862 3412 κρατήσας

2215 3421 2279 3476 τὸ
2311 3419 2635 3494 ὑποπόδιον,
2667 3421 2766 3490 τήν
2799 3419 3042 3496 κεφαλήν
3071 3421 3235 3478 αὐτοῦ
3264 3424 3354 3478 καὶ
3383 3424 3454 3478 τὸ
3484 3428 3554 3496 (f)
3573 3425 3865 3497 πρόσωπον

2218 3505 2494 3584 ἕτυψε,καὶ
2517 3511 2648 3566 ’ὀλον
2675 3509 2909 3583 μελανὸν
2929 3510 3020 3566 καὶ
3036 3532 3247 3590 πεφυση
3258 3512 3415 3586 μένον
3435 3514 3872 3594 πεποίηκε.Σιρο-

2221 3598 2366 3676 δρῶς
2398 3597 2490 3654 οὖν
2516 3599 2874 3674 μαστιγωθεὶς
2894 3599 2946 3656 ἐν
2973 3604 3042 3675 τῇ
3063 3600 3219 3677 κλίνῃ
3241 3606 3312 3675 τῇ
3334 3600 3447 3676 ἰδίᾳ
3465 3603 3716 3660 ἀπελθὼν
3734 3604 3870 3675 ἡσύ-

2221 3690 2512 3768 χαζεν.⁷Ην
2535 3686 2834 3766 δὲπρᾶγμα
2847 3690 3152 3766 ὡρισμένον
3172 3689 3260 3746 διὰ
3273 3695 3373 3761 τὴν
3387 3697 3486 3749 τοῦ
3501 3694 3868 3769 μοναστηρίου

2224 3776 2507 3854 φροντίδα,
2528 3780 2617 3833 καὶ
2638 3783 2706 3852 τῇ
2734 3780 2856 3850 ἑξῆς
2872 3777 3486 3855 ὴμὲρᾳ,πληρωθέντων
3500 3787 3608 3838 τῶν
3628 3784 3868 3838 ἓωθινῶν

2225 3863 2758 3942 ὕμνων,Λιόερτῖνος
2780 3869 2854 3931 εἰς
2872 3869 2970 3938 τήν
2991 3873 3088 3924 τοῦ
3110 3869 3417 3944 ἡγουμένου
3431 3869 3620 3941 κλίνην
3633 3870 3868 3943 ἀπῆλθε,

2225 3961 2318 4012 καὶ
2353 3957 2488 4031 μετὰ
2517 3957 2698 4028 πάσης
2730 3957 3229 4036 ταπεινοφροσύνης
3259 3957 3429 4035 εὐχὴν
3461 3959 3728 4034 ¹ᾐτήσατο.
3778 3967 3872 4016 Γι-

2226 4047 2450 4102 νώσκων
2472 4043 2530 4100 δὲ
2551 4047 2580 4100 6
2606 4047 2908 4122 ἡγούμενος
2930 4051 3050 4108 πῶς
3066 4045 3128 4103 ἐκ
3145 4049 3360 4104 πάντων
3381 4048 3608 4120 ἐτιμᾶτο
3627 4050 3720 4106 καὶ
3739 4049 3872 4127 ἠγα-

2229 4142 2367 4192 πᾶτο
2390 4137 2418 4190 6
2443 4131 2777 4210 Λιϐερτῖνος,
2811 4135 3054 4210 ἐνόμισεν
3084 4136 3168 4193 ὅτι
3194 4136 3400 4208 διὰτήν
3433 4134 3589 4214 ὕϐριν
3619 4138 3687 4210 ἤν
3721 4141 3873 4212 αύτῷ

2228 4225 2890 4302 ἐπήγαγεν,ὑποχωρῆσαι
2913 4225 2973 4281 ἐκ
2993 4231 3092 4282 τοῦ
3115 4228 3487 4302 μοναστηρίου
3503 4224 3718 4298 ἤθελεν,
3750 4229 3872 4293 ὅθεν

2231 4319 2320 4371 καὶ
2339 4317 2625 4390 ἠρώτησεν
2649 4314 3156 4392 αύτὸν,λὲγων·Ποῦ
3184 4316 3372 4393 βούλει
3388 4316 3674 4383 άπελθεῖνς
3699 4318 3746 4390 ᾧ
3762 4338 3872 4374 τινι

2234 4405 2568 4480 ἀποκριθεὶς,
2603 4406 2740 4460 εἶπε·
2773 4409 2881 4464 Τοῦ
2914 4407 3286 4480 μοναστηρίου
3314 4412 3545 4484 πρᾶγμα
3573 4406 3874 4481 ὡρισμένον

2234 4494 2368 4563 ἐστὶ,
2399 4496 2588 4569 πάτερ,
2637 4495 2770 4568 ’ὀπερ
2813 4492 3088 4556 ἀδυνάτως
3138 4489 3253 4571 ἔχω
3295 4500 3393 4551 τοῦ
3439 4494 3609 4554 ἐᾶσαυ
3659 4499 3730 4569 τῇ
3772 4495 3876 4570 γὰρ

479 4602 705 4657 ritatem
719 4602 777 4654 et
796 4594 1077 4650 duritiam
1101 4587 1687 4657 suam,bumilitatem
1705 4602 1770 4640 ac
1792 4589 2113 4640 mansuetu'

2229 4587 2362 4660 χθὲς
2377 4581 2559 4659 ἡμέρᾳ
2579 4583 2756 4660 ὥρισα
2770 4587 3010 4659 σήμερον
3035 4584 3204 4640 ἐκεῖσε
3225 4585 3508 4661 εὑρεθῆναι
3523 4627 3536 4644 .
3570 4586 3709 4642 Τότε
3739 4583 3884 4641 tui-

483 4691 678 4747 diuem
710 4683 1010 4754 Libertini,
1043 4698 1111 4739 ex
1139 4679 1288 4736 lecto
1321 4679 1468 4734 161
1509 4675 1783 4749 prosiliit,
1817 4675 1994 4747 pedes
2027 4673 2126 4729 Li-

480 4779 694 4837 bertini
722 4775 933 4842 tenuit,
957 4791 1018 4830 se
1051 4787 1308 4846 pecasse,
1333 4785 1506 4841 seque
1535 4784 1693 4825 reum
1726 4783 1855 4823 esse
1881 4770 2128 4822 testatus

483 4869 872 4943 est,quitauto
893 4862 1116 4937 talique
1133 4861 1258 4917 viro
1272 4871 1386 4916 lam
1407 4857 1700 4915 crudelem
1724 4857 1908 4912 fa‘cere
1928 4859 2130 4911 contu-

481 4959 715 5018 meliam
741 4951 1238 5030 prrssumpsisset.
1259 4951 1326 5005 At
1341 4951 1543 5005 contra
1564 4946 1896 5003 Libertinus
1918 4961 2047 5002 sese
2067 4945 2128 5000 in

480 5054 692 5105 terram
717 5040 1362 5117 prosternens,ejusque
1381 5035 1622 5110 pedibus
1644 5033 2128 5108 provolutus,sum

479 5137 812 5208 eulpa,non
842 5131 1004 5188 illius
1029 5129 1260 5187 saevitia
1293 5127 1477 5183 fuisse
1508 5125 1792 5181 relerebat
1816 5123 1971 5196 quod
1994 5137 2130 5194 per-

479 5226 716 5282 tulerat.
741 5223 954 5294 Sicque
984 5224 1177 5276 actum
1202 5220 1290 5276 est
1319 5217 1387 5271 ad
1420 5229 1693 5286 magnam
1726 5211 2128 5268 mansuetudi-

477 5332 608 5374 nem
640 5313 1059 5388 perduceretur
1086 5311 1278 5375 Pater,
1301 5309 1359 5362 et
1376 5301 1686 5361 humilitas
1708 5299 1980 5374 discipuli
2009 5317 2132 5357 ma-

550 5467 626 5536 (a)
655 5466 725 5538 in
752 5463 1029 5538 Audoepo
1059 5465 1114 5519 et
1141 5463 1275 5534 Lyr.
1303 5456 1556 5538 additur,
1592 5456 1806 5538 ignoro.
2089 5526 2099 5536 _

547 5529 631 5607 (ὁ)
663 5536 909 5604 Theod.,
939 5529 1289 5605 Gemet.,'ac
1319 5529 1394 5607 al.
1425 5529 1654 5600 Norm.,
1686 5529 1750 5583 in
1791 5541 1915 5583 eum
1941 5529 2132 5582 mani-

482 5601 584 5684 bu}
603 5601 919 5684 ῥαπίζει-ει,
952 5607 1036 5684 vel
1065 5601 1389 5667 excesserit.
1648 5679 1658 5684 Α
1809 5671 1820 5683 .

549 5681 626 5758 (ρ),
651 5681 718 5758 πει
749 5674 974 5758 Audiet
1007 5681 1162 5758 Lyn.
1196 5690 1366 5758 eam
1394 5674 1694 5758 «amitae:
1725 5674 2002 5758 ειεξιιινειες

553 5740 637 5825 ζά)
669 5751 829 5825 Reg,
849 5740 1117 5833 θαύματ’ὂς
1140 5740 1239 5806 καὶ
1264 5743 1517 5820 σημείου.
1543 5744 1726 5802 Colb..
1761 5743 1853 5800 hic
1884 5740 2130 5800 mutilus

2231 4695 2323 4737 νος
2353 4674 2413 4730 ἐκ
2460 4673 2660 4749 βάθους
2707 4672 2933 4748 καρδίας
2964 4675 3234 4746 στενάξας,
3283 4675 3372 4729 καὶ
3407 4676 3749 4745 κατανοήσας
3775 4677 3876 4745 τήν

2235 4765 2428 4820 ἑαυτοῦ
2459 4761 2884 4835 δυσκολωτάτην
2919 4763 3296 4838 σκληρότητα,
3317 4764 3418 4833 τήν
3433 4761 3497 4819 δέ
3514 4783 3877 4844 ταπεινοφρο-

2237 4855 2401 4924 σύνην
2422 4854 2516 4908 καὶ
2544 4855 2828 4929 πρᾳότητα
2846 4858 2944 4909 τοῦ
2968 4849 3310 4930 Λιϐερτίνου,
3333 4851 3392 4908 ἐκ
3408 4859 3510 4924 τῆς
3530 4852 3723 4926 κλίνης
3744 4853 3877 4910 ἀνα-

2237 4943 2365 5006 στὰς
2385 4941 2512 5005 τοὺς
2534 4939 2704 5006 πόδας
2717 4940 2880 4998 αὐτοῦ
2895 4947 2935 5000 1
2947 4940 3352 5018 οιέκράτησε,
3373 4943 3466 5001 καὶ
3480 4943 3676 5001 ἐαυτὸν
3695 4945 3732 5014 ἡ
3742 4964 3882 5020 μαρ-

2236 5030 2480 5103 τηκὲναι,
2501 5033 2592 5088 καὶ
2613 5033 2937 5107 κατάκριτον
2967 5033 3098 5087 εἶναι
3119 5031 3503 5111 ὡμολόγησεν,
3531 5033 3619 5091 ὅτι
3639 5035 3880 5108 τοιούτῳ

2237 5122 2327 5177 καὶ
2358 5119 2674 5194 τηλικούτῳ
2697 5118 2849 5198 ἀνδρὶ
2869 5120 3130 5192 τοιαύτην
3157 5121 3466 5196 ὠμωτάτην
3493 5123 3724 5199 βάσανον
3751 5119 3878 5177 ἐπε-

2239 5210 2398 5286 νέγκα
2407 5207 2703 5286 ι(9)ἐπετόλ
2713 5211 3012 5282 μησε.Τούν
3020 5211 3203 5268 αντίον
3215 5207 3593 5289 δὶΛιόερτῖνος
3605 5211 3793 5268 ἐαυτὸν
3805 5210 3883 5276 εἷς

2237 5301 2336 5370 τὴν
2369 5307 2473 5380 γῆν
2507 5301 2880 5376 ὑποστρώσας,
2912 5302 3144 5367 καὶτοῖς
3169 5299 3382 5361 ἐκείνου
3411 5303 3543 5360 ποσὶ
3565 5300 3879 5379 ιπροσκυλιν

2238 5458 2387 5603 θὴρ)
2412 5525 2580 5603 lteg.,
2615 5520 2706 5603 οὖν
2733 5528 2840 5580 τῶν
2863 5526 3093 5603 ἡμερῶν
3118 5525 3342 5603 ἐκεῖνος.

2335 5592 2387 5674 Il
2412 5592 2546 5674 lieg'.
2603 5592 2902 5674 πρόσωπον
2915 5592 2994 5674 ’ἐν’
3014 5598 3161 5674 αύτῷ
3187 5592 3410 5674 ⁸ἔτυψεν.

2428 5665 2588 5742 Περί,
2619 5665 2911 5740 ἠθέλησεν.
2945 5672 3106 5732 Colb.
3133 5665 3546 5745 ὴύτομόλησεν.
