4210 6160
429 332 547 399 163

1631 331 1919 399 SANCTI
1962 331 2345 397 GREGOBII
2386 333 2644 399 MAGNI

3692 333 3831 396 164

383 500 387 506 ·
429 469 718 546 δούμενος,
748 474 852 527 τοῦ
893 468 1036 527 ἰδίου
1067 468 1431 543 πταίσματος,
1461 464 1555 523 καὶ
1612 468 1677 524 οὐ
1721 469 1822 536 τῆς
1868 466 2071 523 ἐκείνου

2193 469 2360 543 gistra
2371 470 2534 526 fieret
2545 466 3102 543 magistri.Cumque
3115 482 3219 539 pro
3232 466 3482 525 utilitate
3495 471 3826 528 monasterii

427 562 699 626 ἀσθενείας
722 559 1003 637 γεγονέναι
1030 554 1373 635 ἕλεγεν,δπερ
1395 556 1888 630 ὐπέμεινε.Τούτου
1906 554 1963 612 δὲ
1980 578 2071 631 γε·

430 651 674 728 γονότος,
699 649 750 705 ἐν
775 650 1000 725 μεγίστῃ
1025 646 1293 722 πρᾳότητι
1318 646 1621 711 ἐπανῆλθεν
1648 647 1676 701 6
1697 646 1900 720 πατὴρ,
1920 646 2010 700 καὶ
2034 647 2069 714 ἡ

428 740 753 801 ταπείνωσις
770 742 866 792 τοῦ
896 740 1141 809 μαθητοῦ
1164 733 1365 811 ὁδηγὸς
1387 738 1579 810 γέγονε
1593 739 1694 789 τοῦ
1716 731 2069 792 διδασκάλου.

428 831 556 887 Ὀεε
577 828 669 883 οὖν
692 825 783 883 διὰ
803 829 903 897 τὴν
921 831 1018 881 τοῦ
1038 826 1408 899 μοναστηρίου
1425 820 1685 899 φροντίδα
1704 826 1779 885 εἰς
1810 823 1871 879 τὸ
1903 824 2072 898 ὡρισ-

437 917 592 990 μένον
620 921 845 991 πρᾶγμα
871 915 1107 986 ἀπῆλθε,
1139 913 1343 970 πολλοὶ
1376 910 1563 987 ἄνδρες
1597 913 1829 987 εὐγενεῖς
1881 933 1939 967 τε
1984 912 2074 967 καὶ

431 1008 724 1081 γνώριμοι,
748 1006 801 1061 οἳ
818 1026 960 1069 τινες
980 1006 1141 1060 αὐτὸν
1170 1001 1421 1078 μεγάλως
1444 1000 1672 1075 ἒτίμων,
1702 1002 1842 1056 πάνυ
1872 1000 2076 1073 θαυμά-

433 1116 638 1167 σαντες,
670 1090 908 1171 ἀκριϐῶς
944 1094 1238 1165 ἐπεζήτουν
1270 1092 1431 1148 πόθεν
1470 1092 1619 1163 αὐτῷ
1648 1096 1814 1147 τοῦτο
1856 1087 2078 1161 συνέϐη,

433 1191 517 1244 ὅτι
539 1188 712 1251 οὕτως
733 1187 1114 1263 πεφυσημένον
1135 1186 1225 1240 καὶ
1251 1188 1326 1259 (n)
1354 1182 1587 1258 μελανὸν
1616 1186 1734 1259 εἶχε
1762 1184 1825 1237 τὸ
1856 1184 2079 1256 πρόσω-

431 1298 556 1332 πον.
584 1278 723 1351 [Ιρὸς
740 1275 832 1337 οὕς
861 1274 1147 1349 ἀπεκρίθη·
1179 1274 1313 1335 Χθές
1344 1273 1478 1347 πρὸς
1509 1270 1732 1346 ἑσπέραν
1760 1275 1868 1325 τῶν
1901 1272 2081 1345 ἁμαρ-

2180 561 2251 616 ad
2276 558 2757 616 constitutionem
2777 574 2965 613 causas
2987 572 3261 629 egressus
3290 558 3696 622 l‘uisset,multi
3724 562 3831 616 viri

2181 650 2302 706 noti
2325 665 2390 704 ac
2414 648 2637 704 nobiles
2658 650 2755 719 qui
2779 662 2905 702 eum
2928 647 3093 702 valde
3118 648 3503 718 honorabant,
3523 649 3833 707 vehemen-

2182 746 2268 793 ter
2281 736 2833 804 admirati,sollicite
2850 736 3516 807 requirebantquidnam
3540 740 3645 794 hoc
3659 748 3835 809 esset,

2183 828 2337 899 quod
2364 831 2483 882 tam
2510 829 2833 882 tumentem
2857 841 2924 880 ac
2945 825 3176 880 lividam
3204 824 3444 881 haberet
3462 827 3833 893 θεοίεπιρυὶ-

2186 917 2297 971 bus
2336 914 2432 970 ille
2483 913 3045 970 dicebatzliesterno
3080 912 3169 969 die
3217 930 3369 983 sero,
3405 918 3661 985 peccatis
3688 918 3835 974 meis

2186 1003 2548 1071 facientibus,
2574 1002 2633 1057 in
2670 1001 2925 1057 scabello
2967 1003 3343 1074 suppedaneo
3390 1003 3625 1074 impegi,
3663 1010 3837 1076 atque

2187 1094 2295 1150 hoc
2328 1091 2560 1164 pertuli.
2594 1090 2807 1162 Sicque
2845 1091 2932 1145 vir
2961 1095 3201 1146 sanctus
3234 1108 3472 1146 servans
3514 1093 3569 1147 in
3605 1097 3837 1165 pectore

2188 1182 2467 1238 honorem
2500 1179 2762 1235 veritatis
2793 1184 2851 1235 et
2883 1178 3169 1251 magistri,
3205 1196 3309 1235 nec
3344 1180 3527 1252 patris
3559 1182 3841 1253 prodebat

2187 1270 2417 1337 vitium,
2449 1284 2553 1325 nec
2587 1267 2854 1324 falsitatis
2884 1268 3223 1323 incurrebat
3262 1277 3579 1340 peccatum.

453 1371 586 1421 τιῶν
624 1386 728 1440 μου
758 1364 1081 1429 ποιούντων,
1114 1362 1189 1425 εἰς
1217 1362 1277 1417 τὸ
1312 1358 1612 1417 ὑποπόδιον
1651 1365 1747 1415 τοῦ
1795 1360 2055 1433 σκαμνίου
2100 1360 2415 1435 προσκόψας
2466 1361 2627 1412 τοῦτο
2679 1355 2957 1428 ὑπέμεινα.
3011 1354 3199 1419 Οὕτως
3228 1354 3320 1410 οὖν
3352 1357 3380 1411 6
3411 1355 3567 1432 ἅγιος
3600 1356 3737 1433 ἆνῆρ
3785 1357 3838 1415 ἰν

435 1456 612 1528 δαυτῷ
638 1455 737 1524 τὴν
771 1454 937 1526 τιμὴν
973 1451 1233 1522 ἀληθείας
1262 1450 1573 1527 φυλάττων,
1606 1446 1731 1506 οὐτε
1756 1454 1856 1506 τοῦ
1886 1450 2091 1525 πατρὸς
2120 1450 2222 1520 τὴν
2254 1446 2425 1503 αἰτίαν
2459 1443 2868 1521 ἐδημοσίωσεν,
2902 1442 3026 1500 οὔτε
3058 1449 3127 1520 τῇ
3178 1444 3416 1519 ἁμαρτίᾳ
3459 1450 3556 1501 τοῦ
3606 1445 3838 1522 ψεύδους

434 1546 715 1689 ﬁngit:
736 1635 937 1686 Γνῶναι
967 1628 1189 1699 ἤθελον,
1216 1630 1507 1703 θεοτίμητε
1527 1627 1717 1704 πάτερ,
1740 1626 1827 1683 ἐὰν
1848 1629 1877 1683 6
1907 1626 2077 1684 εὐλα-

431 1717 687 1783 ϐεστατος
719 1722 876 1781 οὗτος
908 1719 1045 1795 ἀνὴρ
1078 1713 1419 1794 Λιϐερτῖνος,
1449 1718 1572 1793 περὶ
1612 1718 1675 1772 οὐ
1706 1721 1941 1773 τοσαῦτα
1971 1738 2077 1788 ση-

2259 1634 2434 1685 Pyra.
2466 1631 2717 1683 Putasne
2746 1625 2835 1681 vir
2865 1625 2971 1681 iste
3001 1624 3346 1681 venerabilis
3376 1624 3735 1697 Libsrtinus,
3766 1629 3838 1684 de

2186 1735 2301 1791 quo
2346 1722 2433 1774 tot
2463 1717 2633 1788 signa
2679 1718 2737 1771 et
2770 1713 3048 1771 miracula
3084 1714 3359 1783 retulisti,
3393 1716 3454 1770 in
3486 1724 3602 1772 tam
3641 1716 3837 1790 ampla

435 1815 561 1884 μεῖα
588 1809 677 1865 καὶ
709 1808 981 1883 θαυμάσια
1012 1806 1289 1887 διηγήσω,
1321 1807 1373 1864 ἰν
1400 1812 1470 1883 τῇ
1502 1809 1697 1864 δαυτοῦ
1729 1806 1949 1878 συνοδίᾳ
1980 1828 2073 1881 μι-

2193 1806 2627 1880 :ongregatione
2654 1803 2973 1861 imitatores
3002 1820 3143 1861 suos
3172 1804 3233 1861 in
3256 1804 3571 1862 virtutibus
3605 1823 3720 1862 non
3746 1822 3836 1863 re-

436 1901 615 1972 μητὰς
647 1898 811 1955 αὐτοῦ
843 1900 920 1973 (b)
951 1896 1004 1953 ἒν
1030 1904 1150 1961 ταῖς
1180 1897 1433 1971 δυνάμεσι
1463 1896 1772 1956 κατέλιπεν.

1062 1990 1323 2046 ΚΕΦΑΛ.
1365 1988 1439 2047 Γ“.

555 2076 685 2153 Περί
718 2079 790 2151 (c)
827 2079 1074 2154 μοναχοῦ
1103 2078 1386 2151 κηπουροῦ
1408 2081 1506 2145 τῆς
1546 2074 1714 2145 αὐτῆς
1752 2081 1947 2147 μονῆς.

369 2216 375 2225 .
503 2167 910 2224 ΓΡΗΓΟΡΙΟΣ.
942 2170 1043 2221 Ἦν
1074 2186 1157 2226 τις
1188 2166 1263 2237 (ά)
1311 2162 1364 2219 ἰν
1410 2168 1490 2237 τῷ
1528 2164 1677 2236 αὐτῷ
1723 2163 2075 2237 μοναστηρίῳ

434 2255 612 2325 Φῆλιξ
673 2255 926 2329 ὀνόματι,
972 2256 1001 2309 6
1049 2252 1443 2329 ἔπιλεγόμὶνος
1499 2254 1782 2329 Κεκυφὼς,
1830 2252 2077 2309 τουτέστι

431 2346 646 2420 κυρτὸς,
679 2344 737 2400 6'v
776 2346 869 2399 καὶ
897 2343 1059 2407 αὐτὸς
1090 2342 1275 2406 καλῶς
1306 2343 1613 2413 ἐπίστασαι,
1644 2342 1703 2405 ὅς
1734 2363 1814 2405 τις
1843 2343 1933 2397 καὶ
1953 2340 2077 2397 δευ-

429 2434 679 2507 τεράριος
708 2436 807 2501 τῆς
838 2433 1005 2501 αὐτῆς
1042 2440 1216 2505 μονῆς
1242 2432 1479 2507 γέγονεν.
1530 2432 1701 2494 Οὗτος
1748 2430 1937 2487 πολλᾶ
1982 2451 2077 2503 μοι

432 2521 716 2593 θαυμαστὰ
744 2522 867 2595 περὶ
896 2526 1003 2575 τῶν
1035 2520 1218 2576 αὐτόθι
1250 2518 1499 2593 ἀδελφῶν
1530 2518 1857 2595 διηγήσατο.
1884 2522 1967 2593 Ἐξ
2000 2520 2073 2573 ὧν

430 2609 495 2663 τὰ
530 2610 624 2681 μὶν
652 2614 1017 2684 παρασιωπῶ,
1042 2606 1131 2664 διὰ
1158 2610 1220 2663 τὸ
1247 2608 1323 2671 είς
1353 2606 1510 2685 ἰτερά
1542 2629 1609 2683 με
1640 2606 1904 2679 σπεύδειν,
1927 2608 2077 2677 πλὴν

434 2699 550 2762 ἰνὸς
579 2697 630 2772 ἐξ
663 2699 868 2767 αὐτῶν,
902 2698 1033 2774 ὅπερ
1066 2696 1324 2771 οὐδαμῶς
1354 2697 1643 2773 παρελθεῖν
1677 2697 1932 2772 δύναμαι.

505 2787 761 2863 Μοναχός
790 2808 873 2848 τις
905 2788 956 2843 ὲν
976 2792 1054 2859 τῷ
1082 2787 1231 2859 αὐτῷ
1257 2787 1608 2861 μοναστηρίῳ
1632 2788 1847 2863 ὑπῆρχε
1868 2790 2077 2861 θαυμα-

437 2884 569 2946 στῆς
603 2878 898 2953 βιαγωγῆς,
932 2876 991 2939 ὅς
1022 2898 1105 2939 τις
1132 2879 1233 2947 τήν
1259 2881 1358 2932 τοῦ
1395 2878 1577 2947 κήπου
1606 2874 1864 2953 φροντίδα
1892 2878 1958 2946 ἦν
1982 2899 2083 2933 πε-

438 2966 816 3038 πιστευμένος.
844 2964 1095 3036 Κλὲπτης
1119 2963 1278 3027 δὲτις
1305 2963 1395 3020 διὰ
1412 2970 1509 3021 τοῦ
1539 2970 1796 3043 φραγμοῦ
1829 2965 2078 3042 εἰσερχό-

439 3075 595 3128 μενος
618 3059 797 3133 κρυφῇ
817 3055 885 3109 τὰ
907 3053 1124 3130 λάχανα
1153 3049 1720 3127 ἕλάμϐανεν.Ἐκεῖνος
1740 3053 1831 3109 οὖν
1852 3056 2081 3112 πλειστα

2181 1896 2395 1968 liquit?

2813 1983 3052 2040 CAPUT
3102 1983 3202 2042 III.

2337 2076 2410 2131 De
2439 2073 2732 2130 hortulano
2760 2073 3025 2129 monacho
3054 2075 3377 2130 monasterii
3406 2074 3673 2147 ejusdem.

2256 2164 2775 2220 Gneoonws.Felix
2799 2164 2901 2234 qui
2922 2163 3253 2234 appellatur
3273 2163 3836 2238 (g)Curvus(Marty-

2185 2254 2289 2310 rol.
2314 2254 2350 2307 6
2379 2252 2884 2324 Nooemb.),.quem
2916 2251 3041 2323 ipse
3071 2252 3218 2308 bene
3239 2256 3418 2321 nosti,
3442 2254 3543 2325 qui
3564 2254 3826 2323 ejusdem

2186 2342 2526 2399 monasterii
2551 2358 2735 2414 nuper
2758 2341 3435 2412 prsepositusl'uit,multa
3455 2342 3597 2398 mihi
3621 2344 3691 2400 de
3714 2344 3827 2400 fra-

2189 2432 2380 2489 tribus
2399 2433 2656 2503 ejusdem
2688 2432 3027 2487 monasterii
3056 2432 3402 2487 admiranda
3432 2433 3703 2489 narrabat
3727 2450 3741 2490 :
3765 2450 3833 2490 ex

2192 2522 2406 2595 quibus
2418 2520 2619 2593 aliqua
2639 2536 2764 2590 qua:
2780 2521 2853 2577 ad
2877 2521 3217 2576 memoriam
3242 2520 3485 2578 veniunt
3505 2522 3831 2594 supprime,

2188 2612 2331 2683 quia
2362 2612 2434 2666 ad
2465 2609 2576 2666 alia
2606 2611 2837 2668 festino.
2872 2611 2983 2666 Sed
3017 2626 3201 2665 unum
3235 2611 3448 2676 dicam,
3482 2612 3637 2683 quod
3669 2614 3740 2667 ab
3774 2629 3841 2669 eo

2193 2706 2493 2760 narratum
2518 2702 2987 2774 pmtereundum
3021 2700 3182 2756 nullo
3216 2702 3385 2757 modo
3414 2705 3660 2759 astimo.

2265 2793 2327 2848 In
2349 2792 2553 2847 eodem
2586 2790 2939 2846 monasterio
2968 2791 3209 2862 quidam
3238 2807 3465 2862 magna
3487 2793 3616 2849 vitae
3639 2808 3845 2850 mona-

2190 2880 2339 2935 chus
2364 2883 2488 2937 srat
2515 2878 2883 2935 hortulanus.
2913 2880 3016 2935 Fur
3047 2894 3178 2935 vero
3198 2878 3395 2934 venire
3430 2886 3838 2952 consueverat,

2192 2986 2296 3042 per
2347 2985 2546 3041 sepem
2603 2970 2939 3036 ascendere,
2997 2974 3056 3025 et
3108 2969 3330 3025 occulte
3383 2967 3539 3026 olera
3594 2972 3834 3028 auferre.

2192 3058 2459 3130 Cumque
2488 3058 2585 3114 ille
2616 3057 2801 3113 multa
2824 3057 3135 3131 plantaret,
3158 3076 3285 3130 quas
3310 3058 3505 3114 minus
3529 3058 3843 3132 inveniret,

443 3146 712 3219 φυτεύων,
735 3143 823 3198 καὶ
846 3142 1012 3216 ὀλίγα
1033 3143 1316 3218 εὐρισκων,
1348 3140 1495 3198 ἄλλα
1523 3140 1581 3198 δὶ
1608 3149 1722 3206 τοῖς
1753 3143 1882 3199 ποσὶ
1911 3164 2076 3199 κατα-

2195 3156 2249 3203 et
2270 3146 2386 3202 alia
2416 3146 2655 3219 pedibus
2677 3147 3036 3215 conculcata,
3060 3146 3176 3202 alia
3204 3146 3430 3219 direpta
3453 3148 3842 3221 conspiceret;

437 3230 1077 3306 πεπατημὲνα,καὶῖτερα
1089 3232 1403 3305 κεκομμένα
1413 3232 1795 3305 θεωρῶν,ὁλου
1806 3234 1897 3288 τὸν
1908 3236 2076 3303 κῆπον

2198 3241 2388 3292 totum
2414 3236 2647 3293 hortum
2674 3236 3047 3301 circumiens,
3072 3235 3294 3292 invenit
3325 3236 3432 3292 iter
3453 3239 3609 3293 unde
3641 3238 3732 3293 l'ur
3752 3254 3842 3295 ve-

437 3324 724 3399 γυρεύσας,
746 3323 865 3397 εὗρε
883 3323 983 3391 τὴν
1008 3318 1219 3377 εἲσοδον
1243 3319 1312 3376 δι’
1332 3324 1398 3390 ἧς
1422 3323 1450 3376 6
1471 3320 1713 3391 κλέπτης
1734 3321 1787 3377 ἔν
1814 3327 1893 3395 τῷ
1921 3324 2085 3395 κήπῳ

440 3411 777 3488 εΐσέρχεσθαι
811 3411 987 3475 εἴωθε.
1022 3410 1267 3484 Γυρεύων
1300 3408 1357 3465 δὶ
1393 3410 1486 3465 τὸν
1516 3416 1716 3481 κῆπον,
1749 3410 1896 3483 εὗρεν
1933 3410 2080 3489 ὅφιν,

437 3501 566 3571 ᾦτιν
577 3520 591 3553 ι
603 3498 1359 3568 κελεύσας,εἶπε.’Δκολούθει
1376 3496 1708 3570 μοι.Ἐλθῶν
1726 3499 1816 3554 οὗν
1831 3497 1883 3553 ἐν
1897 3504 1965 3574 τῇ
1979 3499 2082 3555 είσ-

440 3586 553 3659 όδῳ
576 3586 644 3642 δι’
671 3591 737 3656 ἧς
762 3588 791 3641 6
819 3587 1065 3657 κλεπτης
1088 3586 1402 3664 είσήρχετο,
1435 3584 1581 3661 λέγει
1617 3593 1699 3661 τῷ
1730 3584 1870 3661 ὄφει,
1892 3591 1981 3645 Ἐν
2001 3594 2081 3662 τῷ

434 3677 662 3749 ὀνόματι
686 3678 869 3746 Ἰησοῦ
890 3679 1131 3751 Χριστοῦ
1151 3673 1358 3731 κελεύω
1382 3694 1464 3729 σοι
1481 3672 1574 3729 ’ίνα
1593 3676 1694 3743 τὴν
1725 3673 1936 3731 εἷ’σοδον
1956 3677 2083 3732 ταύ-

433 3786 532 3835 την
556 3763 909 3843 φυλάξῃς,καὶ
930 3766 1019 3821 τὸν
1039 3762 1279 3834 κλέπτην
1304 3762 1489 3828 ἰνθάδε
1510 3764 1771 3829 είσελθεῖν
1799 3768 1874 3838 μὴ
1898 3767 2083 3842 ἐάσῃς.

434 3852 653 3915 Εὐθέως
676 3849 768 3907 οὖν
795 3853 822 3906 6
847 3848 994 3926 ὄφις,
1017 3850 1148 3908 ’ὀλον
1168 3850 1353 3906 ὶαυτὸν
1378 3850 1639 3912 ἁπλώσας
1663 3850 1873 3907 ἔκλεισε
1893 3857 1963 3926 (e)
1980 3856 2078 3923 τὴν

435 3939 586 4007 ὁδόν,
618 3942 647 3996 6
679 3938 736 3996 δὶ
769 3942 1015 4015 μοναχδς
1044 3939 1095 3995 ἐν
1124 3944 1205 4012 τῷ
1235 3940 1431 3994 ἑαυτοῦ
1474 3938 1685 4013 κελλίῳ
1734 3940 2074 4016 ὑπέστρεψεν.

430 4031 621 4088 Ἦνίκα
644 4027 701 4086 δὲ
720 4050 913 4093 παντες
936 4029 989 4084 ἂν
1011 4034 1090 4101 τῷ
1115 4024 1475 4105 μεσημϐρινῷ
1495 4035 1672 4105 καιρῷ
1692 4032 2078 4101 ἀνεπαύοντο,ὁ

430 4120 907 4193 κλίπτης,κατὰτδ
929 4116 1255 4191 ἔθοςλλθὼν
1274 4120 1349 4183 εἷς
1366 4123 1459 4177 τὸν
1474 4124 1721 4200 φραγμὸν
1732 4122 2077 4191 ἆνῆλθεν,καὶ

433 4211 508 4266 ὡς
537 4212 627 4266 τὸν
650 4210 795 4266 πόδα
822 4210 986 4266 αὐτοῦ
1018 4211 1093 4271 εἰς
1123 4212 1215 4267 τὸν
1240 4217 1418 4280 κῆπον
1444 4211 1924 4290 κατήγαγεν,ἅφνω
1951 4214 2078 4269 θεα-

433 4300 665 4373 σάμενος
696 4298 789 4355 τὸν
820 4294 941 4377 ὅφιν
973 4298 1303 4372 ἠπλωμὲνον
1329 4299 1420 4354 καὶ
1449 4300 1547 4369 τὴν
1581 4296 1709 4355 ὁδὸν
1761 4299 2072 4372 κλείσαντα,

431 4388 721 4464 γενόμενος
751 4383 1019 4463 ἔντρομος
1051 4387 1127 4451 είς
1155 4389 1225 4444 τὰ
1254 4388 1428 4444 ὀπίσω
1459 4386 1660 4443 ἔπεσεν·
1691 4390 1719 4443 6
1741 4386 1798 4445 δὶ
1817 4392 1953 4452 ποῦς
1972 4389 2073 4445 αὐ-

426 4480 526 4532 τοῦ
547 4476 606 4532 ικ
625 4481 720 4533 τοῦ
745 4475 1099 4550 ὑποδήματος
1120 4475 1173 4532 ἔν
1192 4482 1307 4540 τοῖς
1325 4482 1421 4533 τοῦ
1438 4482 1696 4557 φραγμοῦ
1716 4476 2072 4555 ξύλοιςὲκραο

2198 3326 2320 3381 nire
2350 3334 2747 3381 consueverat.
2782 3325 2889 3389 Qui
2919 3325 2977 3381 in
3009 3325 3214 3382 eodem
3239 3324 3406 3381 horto
3436 3326 3841 3395 deambulans,

2197 3414 2412 3485 reperit
2441 3413 2617 3469 etiam
2650 3418 3001 3485 serpentem,
3026 3416 3119 3470 cui
3148 3412 3486 3484 prascipiens
3516 3415 3660 3471 dixit
3692 3434 3705 3473 :
3738 3421 3840 3473 Se-

2196 3518 2374 3575 quere
2405 3518 2493 3559 me
2523 3520 2537 3558 :
2571 3507 2748 3574 atque
2770 3503 2841 3557 ad
2864 3503 3088 3558 aditum
3123 3503 3267 3558 furis
3290 3504 3839 3578 perveniens,impe-

2196 3591 2343 3647 ravit
2365 3592 2883 3663 serpenti,dicens:
2910 3592 2970 3647 In
2995 3592 3231 3649 nomine
3260 3595 3396 3648 Jesu
3431 3592 3703 3665 praecipio
3734 3593 3843 3649 tibi

2195 3688 2261 3737 ut
2280 3681 2506 3736 aditum
2527 3681 2701 3736 istum
2726 3681 3119 3747 custodias,ac
3144 3682 3328 3737 furem
3355 3683 3463 3737 huc
3485 3683 3838 3755 ingredinon

2194 3769 2515 3841 permittas.
2548 3768 2820 3825 Protinus
2852 3784 3092 3840 serpens
3131 3773 3317 3824 totum
3350 3786 3414 3826 se
3454 3770 3509 3825 in
3544 3770 3748 3828 itinere
3778 3772 3841 3829 in

2190 3866 2586 3917 transversum
2608 3860 2939 3927 tetendit,et
2968 3861 3036 3914 ad
3062 3860 3274 3916 cellam
3300 3860 3620 3917 monachus
3654 3863 3840 3920 rediit.

2189 3951 2537 4022 (h)Cumque
2551 3950 3133 4021 meridianotempore
3144 3952 3345 4008 cuncti
3365 3954 3573 4008 lratres
3584 3954 3847 4024 quiesce-

2191 4043 2341 4107 rent,
2378 4055 2539 4095 more
2581 4038 2757 4094 solito
2798 4040 2889 4094 fur
2929 4040 3180 4107 advenit,
3214 4041 3477 4096 ascendit
3517 4058 3751 4113 sepem;
3782 4047 3844 4099 et

2191 4144 2321 4183 cum
2353 4127 2413 4183 in
2447 4127 2677 4183 hortum
2712 4129 2919 4200 pedem
2952 4129 3285 4200 deponeret,
3304 4128 3447 4184 vidit
3476 4130 3670 4185 subito
3702 4131 3841 4202 quia

2186 4222 2391 4273 tensus
2422 4233 2663 4289 serpens
2684 4217 2986 4273 clausisset
3007 4218 3161 4273 viam
3185 4238 3199 4286 ;
3220 4222 3277 4273 et
3306 4220 3679 4275 tremefactus
3706 4225 3842 4291 post

2187 4307 2568 4377 semetipsum
2592 4305 2865 4373 concidit,
2886 4306 3129 4378 eiusque
3150 4323 3253 4380 pes
3273 4308 3447 4380 (i)per
3467 4307 3835 4365 calceamen-

2187 4400 2310 4452 tum
2342 4396 2401 4453 in
2426 4397 2571 4452 sude
2596 4396 2752 4467 sepia
2772 4395 3229 4469 inhaesit,sicque
3258 4413 3442 4468 usque
3472 4399 3611 4453 dum
3636 4397 3838 4454 hortu-

2185 4485 2357 4542 lanus
2402 4483 2635 4551 rediret,
2669 4485 2945 4540 deorsum
2988 4487 3177 4558 capite
3226 4485 3515 4557 pependit.
3548 4485 3841 4542 Consueta

429 4569 597 4639 τήθη,
619 4568 711 4624 καὶ
729 4564 835 4629 ῐως
856 4541 965 4623 οὐδ
988 4568 1265 4641 κηπουρὸς
1284 4541 1813 4646 ἦλθε,’καταιιέφαλα
1832 4570 1901 4642 (Γ)
1921 4541 2074 4645 ὶκιρε-

2193 4541 2326 4630 hora
2346 4574 2506 4629 venit
2530 4541 3258 4644 hortulanus,pendentem
3290 4541 3353 4629 in
3375 4591 3509 4645 sepe
3531 4541 3717 4630 furem
3741 4541 3837 4631 re;

433 4664 595 4732 μᾶτο.
618 4656 730 4717 Τοῦ
753 4657 844 4715 οῦν
866 4663 1151 4735 κηπουροῦ
1168 4657 1536 4728 ἂλθόντοςρεαὶ
1558 4661 1650 4714 τὸν
1672 4657 1979 4729 κλίπτηνέν
1993 4663 2072 4730 τῷ

431 4753 669 4829 φραγμῷ
695 4750 1036 4825 κρεμάμενον
1069 4748 1432 4824 εὑρίσκοντος,
1461 4753 1541 4821 τῷ
1586 4749 1683 4821 μὶν
1734 4744 1853 4824 ὄφει
1903 4748 2073 4803 εἶπενο

528 4944 580 5013 a)
610 4942 767 5000 Colb.
779 4983 794 5011 ,
813 4940 1032 5014 ίμελανό
1040 4960 1220 5014 μενον.

529 5012 584 5084 δ)
612 5014 777 5086 303.,
807 5012 860 5068 ιν
890 5020 1006 5077 τοῖς
1037 5012 1327 5086 θαύμασιν.

529 5030 584 5084 ο)
614 5030 777 5142 50%.,
807 5030 860 5068 αν
890 5034 1006 5077 τοις
1037 5030 1327 5086 θαύμασιν.

527 5086 580 5156 c)
610 5086 705 5142 Col
756 5127 794 5154 .,
826 5086 971 5156 τινὸς
1016 5086 1359 5156 μονάζοντος.

527 5154 587 5231 εἰ)
619 5158 794 5231 Editi,
820 5154 883 5231 iv
904 5161 993 5231 τῷΔ
1015 5154 1197 5231 αὐτοῦ.

528 5228 579 5296 e)
612 5230 798 5296 Cclb.,
828 5228 926 5296 τήν
952 5225 1181 5283 εἴσοδον.

522 5293 571 5374 Ῑ)
599 5293 1085 5374 Βοεεξᾷκρεμετο,
1118 5300 1146 5353 6
1177 5298 1268 5352 οὗν
1298 5295 1593 5374 ὶιηπούρὸς
1635 5293 1806 5374 ἆλθών
1849 5297 2073 5374 καὶ-,τὸν

429 5366 880 5459 κλέπτηνῖὗρὼν
900 5366 958 5453 ἐν
987 5375 1069 5457 τῷ
1080 5367 1334 5459 Αφοαγμῷ
1354 5366 1717 5459 κοεκμᾷμενον,
1731 5371 1817 5459 ’τῷ
1842 5370 1935 5459 μὲν
1952 5367 2074 5459 δφει

430 5437 937 5518 εἶπεν-εὐχαριστῷ
967 5437 1052 5518 τῷ
1076 5437 1192 5512 eis.
1221 5437 1318 5494 ’δτι
1370 5437 1694 5518 tamam
1784 5437 2073 5511 ἐκελεύθης

430 5510 805 5591 ὑποχωρησον
837 5510 978 5591 ἄρτιο
1006 5510 1949 5591 601Knapamﬁpaﬁnsjubpquv,

498 5584 813 5670 (g'ip‘ermg,
851 5584 964 5640 duo
993 5584 1621 5670 ςειιιιιοεηὲ2ήξ1Ὶιεοιί..ι
1655 5584 1970 5670 compend.
2016 5587 2074 5641 et

429 5656 701 5728 Langia,
744 5658 967 5714 Corvus.
1002 5660 1125 5715 Non
1159 5657 1243 5715 sic
1273 5656 1485 5713 lectum
1521 5672 1553 5711 a
1581 5656 1859 5715 Zacharia
1902 5672 2070 5728 papa.

500 5674 547 5713 In
662 5699 701 5723 .,
744 5674 967 5741 corvus.
988 5674 1125 5740 ,μου
1159 5674 1243 5742 st_c
1274 5674 1493 5741 tectum.
1521 5674 1553 5711 a
1581 5674 1859 5715 taenaria
1902 5674 2070 5728 papa.

500 5674 1001 5803 (hygomeridiani
1029 5745 1215 5788 somni
1257 5729 1524 5788 meminit
1553 5729 1611 5785 S.
1645 5729 1705 5787 P.
1728 5730 2071 5786 Benedictus

2181 4660 2352 4733 perit,
2386 4660 2647 4732 serpenti
2678 4665 2878 4716 autem
2912 4661 3056 4716 dixnt
3087 4677 3100 4715 :
3142 4659 3373 4717 Gratias
3404 4661 3542 4729 Deo,
3576 4660 3837 4733 implesti

2187 4749 2337 4821 quod
2364 4749 2548 4819 jussi;
2582 4750 2786 4806 recede
2819 4750 3014 4804 modo.
3047 4750 3204 4805 104
3228 4750 3335 4813 Qui
3370 4750 3564 4805 statim
3598 4749 3842 4807 absces-

2188 4952 2308 5009 reg.
2337 4950 2387 4993 ο·
2423 4937 2514 4993 48.
2537 4936 2679 4993 Vide
2707 4936 3087 4993 Concordiam
3114 4935 3496 5009 Regularum,
3528 4952 3580 4993 ο.
3610 4937 3701 4992 55.

2260 5007 2324 5079 (ί)
2347 5009 2700 5076 Gemet.,per
2718 5010 3055 5064 calcaneum.
3072 5007 3247 5063 Porro
3274 5026 3388 5063 non
3415 5009 3705 5064 dissimile
3726 5010 3845 5064 mi-

2188 5079 2452 5163 raculum
2491 5096 2525 5163 ιε
2554 5082 2755 5163 sancto
2802 5079 3129 5163 Spiridione
3169 5079 3510 5163 gypriorunm
3535 5081 3838 5163 episcopo

2190 5150 2401 5205 factum
2431 5151 2609 5205 refert
2634 5150 2921 5217 Socrates,
2944 5149 2984 5207 ι.
3017 5166 3034 5205 ι
3064 5149 3391 5207 Ecclesiast.
3431 5149 3607 5218 Hist,
3628 5166 3677 5207 c.
3720 5149 3783 5205 12
3820 5167 3833 5207 :

2186 5223 2353 5278 Fures
2379 5222 2573 5277 media
2601 5226 2757 5277 nocte
2784 5223 2978 5277 caulas
3005 5222 3126 5292 ejus
3153 5222 3403 5278 clanculo
3434 5223 3692 5292 ingressi,
3715 5238 3840 5279 oves

2188 5292 2314 5349 inde
2341 5292 2607 5365 abducere
2626 5294 2926 5348 tentabant.
2951 5292 3055 5349 Sed
3084 5295 3223 5350 Deus
3244 5296 3344 5365 qui
3358 5303 3628 5365 pastorem
3650 5296 3837 5362 ipsum

2184 5364 2454 5431 servabat,
2476 5379 2597 5419 oves
2616 5380 2825 5436 quoque
2852 5366 2968 5436 ejus
2996 5364 3373 5434 conservavit;
3394 5370 3542 5435 [ures
3564 5367 3715 5420 enim
3745 5368 3837 5420 in-

2185 5436 2395 5491 visibili
2431 5437 2683 5507 quadarn
2728 5438 2929 5493 virtute
2962 5439 3245 5492 constricti
3292 5438 3636 5494 tenebantur.
3677 5436 3838 5501 Quos

2183 5512 2381 5579 tamen
2411 5506 2608 5579 postea
2639 5506 2855 5564 liberos
2883 5507 3104 5565 dimisit
3145 5512 3202 5563 et
3230 5509 3409 5564 ariete
3439 5508 3693 5579 donavit,
3725 5509 3838 5564 ad-

2173 5580 2331 5651 jecto
2361 5578 2473 5635 hoc
2510 5579 2693 5652 facete
2723 5580 2876 5636 dicto
2912 5596 2929 5652 ξ
2958 5581 3054 5648 Ne,
3089 5578 3300 5652 inquit,
3331 5582 3550 5652 frustra
3574 5578 3840 5652 vigilasse

2182 5651 2507 5725 videamini.
2542 5650 2749 5725 gdhuc
2781 5650 3033 5707 similius
3060 5650 3313 5725 occurrit
3332 5650 3489 5725 apud
3522 5651 3687 5725 Greg.
3717 5651 3839 5708 Tu-

2181 5738 2333 5793 ron.,
2365 5722 2406 5779 l.
2440 5724 2512 5784 de
2541 5723 2656 5779 Vit.
2692 5724 2955 5791 Patrum,
2988 5724 3160 5793 0.014.
