4210 6160
499 325 614 387 167

1694 314 1983 379 SANCTI
2026 304 2397 375 GREGORII
2442 304 2694 367 MAGNI

3777 297 3899 371 168

495 458 590 514 τὸν
612 451 979 530 Ἀμητερνίας
999 455 1101 519 τῆς
1119 450 1336 515 πόλεως
1356 448 1650 506 ἐπίσκοπον
1670 442 2116 515 καταλαϐὼν,ἰδυ
2133 479 2164 492 -

2290 441 2396 500 etit
2423 440 2494 497 ab
2523 456 2591 496 eo
2621 442 2682 494 ut
2711 454 2846 495 eum
2878 436 3106 511 Equitio
3137 436 3329 493 abbati
3370 437 3787 507 committeret,
3828 459 3897 498 ao

497 526 770 603 orbitatch
787 526 946 600 αύτὸν
968 541 1200 614 Ἐκυτίῳ
1211 545 1289 613 τῷ
1304 540 1594 615 ἡγουμένῳ
1610 538 1958 614 προσαγάγῃ,
1989 536 2141 599 ’ὁπως

2285 531 2579 587 anandum
2606 526 2961 585 monasterio
2987 526 3146 582 illius
3168 529 3621 584 commendaret.
3644 529 3806 585 Tunc
3831 530 3904 586 ad

498 635 551 691 ἐν
578 639 659 708 τῷ
687 628 1215 707 μοναστηρίώαύτοῦ
1239 625 1327 682 διὰ
1348 634 1447 697 τῆς
1471 624 1634 683 αὺτοῦ
1646 625 1984 701 παραθέσεως
2007 628 2143 681 τοῦ·

499 746 591 781 τον
613 721 1002 793 είσδέξηται.’0
1029 716 1121 773 οῦν
1145 718 1440 779 έπισκοπος
1470 715 1524 772 ἐν
1553 721 1632 789 τῷ
1658 715 2008 791 μοναστηρίῳ
2038 736 2144 771 πα-

501 814 882 891 ραγενόμενος,
905 808 1083 886 ἤγαγε
1106 811 1218 883 μεθ’
1242 809 1435 865 ἑαυτοῦ
1456 807 1737 864 Βασίλειον
1756 808 1846 863 τὸν
1874 807 2145 881 μοναχὸν,

498 904 589 960 καί
609 905 698 959 τὸν
710 908 807 959 τοῦ
825 905 960 958 Θεοῦ
983 898 1181 955 δοῦλον
1197 898 1442 956 Ἐκύτιον
1456 895 1773 972 παρεκάλει,
1790 895 1940 959 ὅπως
1952 900 2142 951 τοῦτον

503 995 557 1051 έν
579 1000 647 1069 τῇ
668 995 745 1066 (ιι)
771 988 995 1062 συνοδίᾳ
1017 990 1209 1046 ἑαυτοῦ
1233 985 1578 1061 ὑποδέξηται.
1602 989 1700 1044 "Ov
1722 988 1749 1042 6
1768 988 1921 1061 ἅγιος
1944 985 2145 1047 ἐκεῖνος

502 1086 640 1155 ἀνὴρ
665 1082 1016 1156 θεασάμενος,
1041 1079 1392 1136 εἶπε·Τοῦτον
1421 1077 1476 1133 3v
1501 1076 1855 1152 παρατίθεσαί
1880 1074 2149 1149 μοι,τίμιε

500 1173 811 1250 πάτερ,έγὼ
836 1172 896 1228 ού
921 1174 1111 1245 θεωρῶ
1134 1170 1268 1225 εἶναι
1287 1166 1706 1244 μοναχὸν,ἀλλά
1723 1163 2149 1241 διάϐολον.ῐῐρὸς

502 1264 560 1319 ὅν
586 1262 896 1337 ἀποκριθεὶς
922 1262 950 1316 ὁ
972 1260 1286 1328 ἐπίσκοπος,
1310 1261 1463 1316 166
1492 1257 1629 1313 εἶπε·
1666 1255 1939 1335 Πρόφασιν
1970 1253 2148 1330 λέγεις

506 1354 584 1426 μὴ
613 1353 785 1408 θέλων
816 1354 915 1416 τῆς
948 1348 1216 1423 ἡμετέρας
1235 1347 1502 1419 αἰτήσεως
1534 1346 1856 1402 ὑπακοῦσαι.
1887 1346 1948 1403 Ὀ
1972 1342 2028 1400 δὲ
2054 1348 2149 1400 τοῦ

502 1437 637 1496 Θεοῦ
660 1436 858 1499 δοῦλος
878 1436 1001 1514 ἔφη·
1028 1437 1171 1510 Ἐγὼ
1183 1436 1319 1508 ’ὀπερ
1332 1434 1498 1490 αὐτὸν
1521 1433 1970 1507 εἶναιὸρῶ,τοῦτο
1992 1432 2153 1507 ἀναγ-

501 1528 711 1605 γέλλω.
729 1528 843 1583 Ἵνα
864 1523 920 1581 δὲ
946 1526 1022 1599 μὴ
1052 1522 1229 1589 θέλειν
1253 1544 1321 1598 με
1345 1523 1648 1578 ὑπακοῦσαι
1670 1521 1896 1597 λογίσῃ.
1914 1522 2047 1596 ὅπερ
2063 1541 2154 1576 κε-

508 1611 1167 1692 λεύειςποιῶ.’ὶ’πεδέχθη
1183 1612 1365 1668 τοίνυν
1380 1613 1431 1668 έν
1444 1611 1523 1685 τῷ
1539 1610 2002 1686 μοναστηρίῳ.οὐ
2019 1611 2155 1685 μετὰ

508 1704 724 1768 πολλὰς
748 1702 805 1761 δὲ
833 1704 1064 1781 ἡμέρας,
1107 1706 1135 1760 6
1166 1703 1327 1766 αὐτὸς
1354 1707 1456 1758 τοῦ
1486 1707 1619 1759 Θεοῦ
1651 1701 1850 1765 δοῦλος
1882 1701 2150 1774 Ἐκύτιος,

2253 622 2677 681 monasterium
2700 618 2857 674 venit
2888 618 3216 690 episcopus,
3254 635 3565 691 secumque
3613 620 3898 677 Basilium

2254 711 2609 769 monachum
2629 707 2889 775 deduxit,
2916 712 2972 763 et
2995 707 3289 778 Equitium
3315 708 3720 764 Deifamulum
3749 727 3905 781 roga-

2251 805 2354 872 vit,
2390 806 2455 857 ut
2482 798 2753 857 eumdem
2789 797 3142 853 monachum
3167 798 3224 852 in
3246 800 3756 869 congregationem
3781 816 3905 856 sus-

2254 892 2487 965 ciperet.
2523 892 2705 954 Quem
2738 888 2936 944 statim
2955 886 3037 942 vir
3068 891 3307 942 sanctus
3329 886 3587 953 intuens,
3612 888 3723 943 ait:
3745 889 3903 945 Hunc

2255 997 2431 1053 quem
2464 978 2604 1034 mihi
2637 978 3037 1043 commendas,
3073 977 3257 1043 Pater,
3286 992 3391 1048 ego
3424 993 3538 1032 non
3574 977 3741 1033 video
3775 995 3901 1033 mo-

2258 1070 2510 1127 nachum
2538 1084 2687 1135 esse,
2722 1068 2822 1124 sed
2853 1065 3173 1122 diabolum.
3208 1066 3311 1121 Cui
3343 1065 3441 1121 ille
3472 1068 3621 1125 165
3661 1084 3909 1141 respon-

2256 1160 2343 1215 dit
2375 1176 2388 1215 :
2422 1158 2795 1214 Occasionem
2836 1156 3049 1229 quaeris
3081 1172 3152 1211 ne
3173 1156 3382 1211 debeas
3430 1162 3701 1226 praestare
3747 1157 3903 1229 quod

2259 1252 2410 1323 peto.
2445 1248 2531 1303 Ad
2555 1262 2727 1320 quem
2753 1262 2883 1301 mox
2913 1245 3012 1301 Dei
3037 1244 3291 1300 famulus
3315 1244 3459 1300 dixit
3490 1263 3503 1300 :
3530 1245 3645 1317 Ego
3668 1246 3904 1317 quidem

2259 1337 2369 1393 hoc
2401 1352 2533 1393 eum
2561 1351 2689 1393 esse
2710 1334 3011 1402 denuntio,
3042 1333 3199 1405 quod
3217 1334 3411 1404 video;
3448 1338 3725 1391 netamen
3758 1334 3911 1391 nolle

2263 1445 2357 1485 me
2387 1426 2620 1485 obedire
2649 1425 2970 1497 existimes,
3003 1424 3149 1482 facio
3182 1425 3333 1495 quod
3362 1423 3562 1496 jubes.
3595 1426 3915 1498 Susceptus

2262 1520 2464 1592 itaque
2518 1516 2578 1572 in
2621 1516 2974 1572 monasterio
3025 1519 3133 1572 est.
3179 1515 3305 1571 Non
3356 1522 3482 1588 post
3525 1516 3738 1573 multos
3789 1517 3915 1573 dies

2263 1609 2420 1665 idem
2444 1607 2541 1663 Dei
2573 1605 2831 1663 famulus
2862 1620 2965 1675 pro
2995 1602 3368 1658 exhortandis
3391 1603 3461 1658 ad
3493 1602 3778 1660 desideria
3808 1621 3913 1661 su-

2265 1713 2448 1770 perna
2478 1695 2767 1762 fidelibus,
2794 1692 2962 1766 paulo
2982 1691 3215 1765 longius
3243 1709 3277 1746 a
3307 1690 3454 1747 cella
3485 1692 3785 1764 digressus
3803 1698 3915 1753 est.

509 1797 647 1871 πρὸς
660 1796 723 1851 τὸ
745 1791 1012 1868 οἰκοδομῆ
1024 1814 1110 1849 σαι
1124 1792 1274 1868 λόγῳ
1289 1790 1638 1855 διδασκαλίας
1648 1794 1773 1855 τοὺς
1786 1794 1884 1860 τὴν
1904 1791 2155 1866 οὐράνιον

2285 1790 2334 1855 c)
2368 1788 2491 1853 Quo
2523 1784 2860 1840 discedente
2890 1781 3132 1854 contigit
3163 1785 3227 1836 ut
3255 1780 3313 1836 in
3352 1783 3707 1838 monasterio
3737 1783 3917 1855 virgi-

2401 1891 2410 1892 κ
2478 1873 2525 1892 είς
2577 1889 2677 1892 ξη-
2721 1870 2976 1892 -2---]--.
3008 1870 3192 1892 “-Δ..ξ-
3220 1886 3347 1892 -----
3375 1870 3651 1892 -_!_21-L_L
3699 1888 3807 1892 ____
3842 1889 3889 1892 Α-

507 1886 812 1946 ποθοῦντας
829 1883 935 1938 ἀπό
944 1881 1223 1951 Λαυσιν,όλ
1235 1882 1348 1956 ίγον
1372 1879 1431 1936 ἐκ
1447 1883 1658 1956 μήκους
1675 1886 1772 1939 τοῦ
1789 1902 2030 1957 μοναστη
2038 1882 2158 1957 ρίου

511 1972 724 2046 ἐξῆλθε.
748 1976 959 2032 Τοῦτου
984 1970 1039 2029 δὲ
1063 1972 1397 2046 ἐξελθόντος,
1424 1967 1619 2041 συνέϐη
1643 1969 1696 2027 έν
1716 1976 1794 2043 τῷ
1810 1973 2164 2047 μοναστηρίῳ

511 2069 622 2121 τῶν
652 2063 949 2137 παρθένων,
971 2063 1045 2117 ὧν
1064 2063 1165 2131 τὴν
1192 2063 1564 2137 προνοητικὴν
1589 2061 1905 2137 ἐπιμέλειαν
1937 2062 1966 2117 6
1998 2061 2163 2123 αὐτὸς

512 2155 692 2228 πατὴρ
715 2153 781 2221 ἦν
810 2149 1222 2224 ἀναδεξάμενος,
1256 2149 1382 2223 μίαν
1414 2151 1538 2206 τινά
1562 2149 1613 2224 ἐξ
1645 2149 1845 2220 αὐτῶν,
1877 2152 1994 2221 ἣτις
2023 2149 2159 2205 πάνυ

516 2246 597 2318 (ὁ)
645 2242 782 2299 κατὰ
809 2241 911 2311 τὴν
944 2241 1114 2316 σάρκα
1142 2238 1344 2310 ταύτην
1381 2239 1610 2301 εῧοπτος
1642 2239 1913 2315 ὑπῆρχεν,
1954 2242 2172 2313 πυρετῷ

525 2327 852 2407 λαϐροτάτῳ
874 2327 1414 2407 καταφλέγεσθαι,καὶ
1438 2330 1617 2404 φωνὰς
1642 2328 1853 2403 ἀφιέναι
1883 2326 2173 2404 λέγουσαν

523 2422 748 2482 Πάντως
770 2421 970 2495 ἀρτίως
992 2417 1438 2488 ἀποθνήσκω,έάν
1468 2418 1545 2491 μὴ
1569 2416 1857 2481 Βασίλειος
1878 2419 1907 2473 6
1932 2417 2174 2492 μοναχὸς

524 2507 684 2582 ἲλθῃ,
707 2506 798 2561 καὶ
830 2505 990 2567 αὐτός
1027 2525 1122 2579 μοι
1156 2503 1245 2560 διὰ
1273 2511 1373 2574 τῆς
1407 2502 1715 2579 συνδρομῆς
1742 2512 1840 2575 τῆς
1872 2506 2061 2561 ἑαυτοῦ
2096 2505 2177 2559 ία-

528 2598 735 2671 τρείας,
763 2596 864 2664 τήν
893 2592 1033 2649 ἴασιν
1064 2592 1343 2669 παράσχῃ.
1395 2591 1589 2656 Οὐδεὶς
1638 2594 1731 2649 οῦν
1779 2599 1887 2650 τῶν
1926 2592 2174 2671 ἀδελφῶν

528 2683 745 2758 ἐτόλμα
762 2687 833 2756 τῇ
850 2688 960 2739 τῶν
980 2683 1257 2756 παρθένων
1281 2680 1502 2753 συνοδίᾳ
1532 2683 1883 2761 προσεγγίσαι
1915 2681 1967 2739 ἔν
1995 2704 2053 2739 τε
2082 2688 2179 2739 τοῦ

531 2776 732 2831 ἑαυτῶν
765 2774 971 2848 πασρὸς
1023 2773 1398 2852 ἀναχωρήσει,
1445 2773 1602 2844 πόσῳ
1658 2771 1871 2847 μᾶλλον
1920 2772 2119 2836 ἐκεῖνος
2151 2774 2179 2828 6

528 2864 718 2920 νεωστὶ
750 2863 1208 2939 παραγενόμενος,
1242 2863 1454 2926 οὗτινος
1499 2862 1685 2936 ἀκμὴν
1713 2865 1808 2919 τὸν
1856 2863 1970 2939 βίον
2002 2865 2037 2933 ἡ
2071 2868 2178 2919 τῶν

530 2949 782 3030 ἀδελφῶν
806 2950 1029 3005 συνοδία
1053 2949 1157 3006 οὐκ
1177 2950 1713 3029 ἰγίνωσκεν.Εύθέως
1727 2950 1817 3007 οῦν
1836 2951 2178 3024 ἀπέστειλαν,

530 3040 714 3113 καὶτῷ
728 3044 825 3097 τοῦ
844 3044 981 3096 Θεοῦ
995 3037 1181 3113 δούλῳ
1200 3042 1433 3113 Ἐκυτίῳ
1446 3040 1716 3115 ἐμήνυσαν
1728 3040 1832 3112 ,ὅτι
1855 3044 1890 3112 ἠ
1906 3038 2052 3097 δεῖνα
2080 3063 2186 3116 μο-

541 3132 762 3203 νάστρια
784 3127 1006 3208 σφοδρῷ
1017 3134 1233 3205 πυρετῷ
1247 3129 1665 3208 καταφλέγεται,
1679 3132 1767 3186 καὶ
1783 3131 2068 3189 Βασιλείου
2088 3136 2185 3187 τοῦ

2279 1891 2445 1944 num,
2476 1873 2536 1929 in
2568 1889 2684 1945 quo
2714 1870 2983 1944 ejusdem
3008 1870 3194 1926 Patris
3215 1886 3356 1925 cura
3375 1870 3675 1943 vigilabat,
3698 1888 3817 1929 una
3833 1889 3926 1930 ea-

2279 1980 2406 2021 rum
2432 1980 2559 2036 qua:
2574 1964 2743 2033 juxta
2755 1961 2950 2017 carnis
2971 1960 3151 2031 hujus
3170 1959 3537 2032 putredinem
3555 1962 3823 2034 speciosa
3836 1963 3924 2019 vi-

2280 2051 2550 2119 debatur,
2569 2047 3204 2120 febricitareinciperet,
3220 2051 3277 2104 et
3289 2047 3660 2105 vehementer
3674 2050 3921 2118 anxiari,

2281 2140 2630 2213 magnisque
2669 2138 2794 2210 jam
2846 2153 2963 2193 non
2993 2137 3253 2209 vocibus,
3285 2136 3385 2193 sed
3417 2138 3766 2196 stridoribus
3794 2139 3923 2195 cla-

2285 2244 2443 2286 mare
2475 2244 2489 2284 :
2522 2228 2690 2285 Modo
2714 2227 2990 2284 morilura
3012 2243 3165 2296 sum,
3188 2228 3303 2284 nisi
3326 2227 3576 2285 Basilius
3598 2228 3926 2287 monachus

2283 2319 2495 2390 veniat,
2529 2322 2587 2374 et
2615 2318 2741 2391 ipse
2763 2317 2909 2373 mihi
2939 2333 3039 2389 per
3063 2334 3181 2373 suae
3212 2319 3525 2374 curationis
3548 2319 3807 2375 studium
3830 2336 3932 2375 sa-

2283 2410 2467 2466 lutem
2499 2408 2722 2464 reddat.
2744 2407 2857 2465 Sed
2888 2406 2945 2462 in
2968 2407 3116 2463 tanti
3138 2407 3329 2464 Patris
3361 2408 3629 2466 absentia
3657 2409 3936 2466 accedere

2287 2502 2598 2574 quisquam
2615 2499 3034 2556 monachorum
3051 2499 3108 2554 in
3123 2500 3623 2573 congregationem
3638 2500 3933 2573 virginum

2288 2607 2404 2650 non
2429 2592 2709 2659 audebat;
2742 2594 2957 2663 quanto
2992 2589 3303 2647 minusille
3332 2592 3433 2663 qui
3466 2607 3646 2647 novus
3681 2592 3933 2648 advene-

2289 2684 2398 2751 rat,
2429 2680 2719 2752 cujusque
2750 2678 2940 2734 adhuc
2957 2679 3138 2735 vitam
3162 2679 3536 2752 congregatio
3567 2679 3807 2735 fratrum
3832 2696 3937 2736 ne-

2290 2769 2525 2830 sciebat.
2559 2768 2807 2825 Missum
2839 2776 3071 2839 repente
3100 2776 3206 2838 est,
3239 2774 3296 2824 et
3323 2768 3425 2825 Dei
3458 2768 3674 2825 famulo
3705 2769 3940 2841 Equitio

2293 2858 2651 2926 nuntiatum,
2676 2859 2826 2931 quod
2843 2857 3942 2915 sanctimonialisillaimmeusisfebri-

2292 2951 2405 3006 bus
2434 2954 2728 3015 aestuaret,
2756 2954 2813 3006 et
2833 2948 3035 3005 Basilii
3060 2950 3332 3005 monachi
3356 2949 3744 3006 visitationem
3768 2949 3944 3005 anxie

2295 3046 2596 3113 quaereret.
2622 3041 2744 3105 Quo
2766 3039 2963 3094 audito
2982 3039 3069 3094 vir
3088 3046 3345 3108 sanctus,
3362 3038 3726 3110 dedignanda
3749 3038 3950 3094 subri-

2306 3130 2407 3198 sit,
2431 3136 2605 3202 atque
2626 3128 2708 3184 ait
2731 3145 2745 3184 :
2765 3128 3039 3200 Nunquid
3057 3145 3170 3183 non
3190 3128 3305 3183 dixi
3328 3129 3481 3200 quod
3496 3127 3765 3184 diabolus
3786 3132 3949 3187 esset

540 3184 791 3295 μονάχοῦ
806 3184 905 3289 τὴν
924 3184 1708 3299 έπίσκέψινιστενοχωρδυμένη
1724 3220 1993 3292 ἐπιζητεῖ.
2017 3225 2172 3279 Τοῦτι

2306 3184 2434 3288 iste,
2466 3184 2597 3274 non
2615 3184 2984 3275 monachus?
3015 3222 3096 3274 Ite
3126 3222 3182 3273 et
3212 3184 3448 3273 eum.de
3479 3216 3624 3272 cella
3652 3184 3950 3289 expellite.

538 3307 597 3366 δὶ
616 3309 849 3371 ἀκούσας
871 3310 900 3363 6
924 3305 1132 3371 δίκαιος
1152 3309 1313 3371 οὗτος
1340 3310 1498 3384 ἀνὴρ,
1532 3310 1925 3385 ἠγανάκτησεν,
1951 3311 2190 3384 ὑπομει-

537 3396 721 3461 διάσας
739 3396 796 3455 δὲ
813 3397 1127 3473 είπεν.Ἀρα
1154 3397 1253 3454 οὐκ
1270 3398 1538 3469 εἴπον,ὅτι
1562 3395 1823 3461 διάϐολός
1840 3400 1982 3455 ἐστιν
2007 3400 2186 3464 οὗτος,

535 3489 627 3545 καὶ
641 3489 769 3563 ούχὶ
788 3486 1349 3565 μοναχόςςἌπέλθετε
1361 3486 1571 3556 οῦν,καὶ
1586 3486 1749 3543 έκτοῦ
1760 3487 1987 3544 κελλίου
1999 3493 2187 3544 τοῦτον

543 3576 887 3653 ῥίψατε,περί
904 3573 963 3630 δὲ
977 3582 1077 3644 τῆς
1100 3573 1415 3646 δούληςτοῦ
1431 3580 1585 3646 Θεοῦ,
1606 3577 1640 3646 ἢ
1662 3598 1744 3639 τις
1763 3581 1832 3651 τῇ
1846 3573 2072 3652 ε’ίσϐολῇ
2096 3582 2190 3633 τοῦ

539 3670 776 3740 πυρετοῦ
799 3663 1397 3743 καταφλέγεται,μηδὲν
1424 3669 1817 3739 μεριμνήσητε·
1843 3666 1949 3722 ἀπὸ
1971 3667 2071 3742 γὰρ
2091 3674 2193 3737 τῆς

539 3755 683 3829 ὥρας
704 3753 930 3826 ταύτης,
958 3749 1081 3809 οὔτε
1110 3758 1194 3827 τῷ
1214 3757 1431 3829 πυρετῷ
1451 3754 1723 3825 κοπιάσει,
1756 3754 1881 3811 οὔτε
1904 3755 2188 3813 Βασίλειον

538 3844 881 3915 έπίζητήσει.
903 3842 1268 3917 Ὑποστρέψας
1284 3840 1381 3898 δὶὸ
1396 3844 1662 3918 μοναχὸς,
1687 3844 1835 3918 εὗρεν
1856 3846 1940 3899 ὅτι
1970 3844 2022 3899 ἐν
2050 3843 2193 3920 αὐτῇ

534 3938 608 4009 τῇ
620 3932 837 4008 ὥρατὴν
860 3932 1002 3987 ἴασιν
1017 3936 1051 4001 ἡ
1067 3936 1303 3987 τοῦΘεοῦ
1315 3936 1579 4005 παρθένος
1594 3928 1785 3989 ἔλαϐεν
1796 3934 1869 4005 ,έν
1883 3934 2192 4010 ῇότοῦΘεοῦ

542 4018 738 4082 δοῦλος
762 4021 1008 4082 Ἐκύτιος
1028 4022 1267 4092 μήκοθεν
1286 4020 1547 4095 ὑπάρχῶν
1563 4022 1700 4081 εἷπε.
1725 4023 1923 4095 Τῷτοῦ
1936 4019 2191 4078 διδασκά-

543 4125 644 4167 Λου
671 4108 776 4185 γὰρ
824 4106 1143 4173 ἀκολουθῶν
1189 4106 1568 4186 ὑποδείγματι,
1622 4112 1718 4180 τὴν
1764 4115 1862 4166 τοῦ
1910 4112 2190 4185 θαύματος

540 4200 737 4256 τούτου
779 4194 1002 4271 δύναμιν
1052 4197 1359 4272 εἰργάσατοο
1411 4199 1501 4254 καὶ
1559 4200 1588 4255 6
1630 4216 1818 4274 κυριος
1877 4202 1983 4277 γὰρ
2029 4204 2192 4275 ἡμῶν

546 4290 758 4359 Ἰησοῦς
787 4286 1049 4361 Χριστὸς,
1097 4291 1194 4342 τοῦ
1245 4285 1532 4362 βασιλικοῦ
1582 4286 1984 4361 δυσωποῦντος,
2034 4292 2190 4368 λόγῳ

547 4375 701 4451 μόνῳ
720 4377 819 4446 τὴν
849 4376 994 4432 ἲασιν
1034 4380 1115 4449 τῷ
1140 4376 1339 4433 τούτου
1389 4379 1694 4453 παρέσχετο
1744 4380 1868 4451 υἱῷ,
1907 4380 2087 4443 καθὼς
2135 4378 2187 4434 ἐν

422 4525 434 4531 ,
544 4464 888 4542 εὐαγγελίοις
920 4465 1257 4540 εὑρίσκομεν·
1309 4468 1745 4542 ὑποστρέψαντος
1773 4467 1874 4545 γὰρ
1922 4469 2089 4523 αὐτοῦ
2137 4468 2187 4523 έν

2300 3314 2379 3366 De
2418 3308 2633 3365 ancilla
2663 3312 2857 3365 autem
2885 3307 3001 3376 Dei,
3021 3324 3151 3380 quae
3182 3308 3468 3363 anxietate
3499 3307 3745 3364 febrium
3780 3322 3952 3379 urge-

2299 3402 2420 3464 tur,
2444 3398 2625 3455 nolite
2672 3413 2803 3454 esse
2849 3396 3104 3466 solliciti,
3145 3398 3279 3469 quia
3328 3413 3397 3453 ex
3447 3397 3557 3453 hac
3586 3397 3729 3453 hora
3758 3412 3953 3468 neque

2300 3487 2563 3544 febribus
2591 3486 2923 3542 laboratura
2939 3491 3049 3553 est,
3076 3502 3262 3557 neque
3285 3487 3567 3542 Basilium
3601 3487 3949 3561 quasitura.

2302 3576 2623 3647 Regressus
2669 3578 2759 3630 est
2799 3578 2994 3630 autem
3036 3575 3384 3646 monachus,
3415 3580 3473 3631 et
3496 3593 3560 3631 ea
3591 3575 3735 3631 hora
3763 3575 3949 3633 saluti

2300 3666 2626 3722 restitutam
2648 3664 2750 3720 Dei
2768 3665 3052 3737 virginem
3078 3664 3552 3738 agnovit,qua(d)
3574 3665 3836 3721 eamdem
3864 3682 3954 3721 sa-

2300 3754 2486 3812 lutem
2526 3753 2688 3809 illius
2727 3753 2825 3809 Dei
2882 3751 3136 3808 famulus
3183 3752 3457 3824 Equitius
3496 3755 3666 3827 longe
3721 3755 3957 3828 positus

2300 3845 2476 3913 dixit;
2510 3844 2570 3899 in
2601 3844 2815 3899 virtute
2837 3841 3059 3899 scilicet
3082 3843 3347 3900 miraculi
3377 3846 3709 3917 exemplum
3739 3851 3956 3902 tenens

2301 3933 2588 4006 Magistri,
2634 3932 2734 4005 qui
2776 3931 3054 3987 invitatus
3084 3932 3153 3987 ad
3207 3932 3393 3989 tilium
3433 3934 3619 4007 reguli
3652 3936 3829 4005 (Joan.
3875 3953 3961 4007 ιν,

2300 4024 2415 4095 46),
2448 4039 2578 4080 eum
2615 4022 2739 4078 solo
2786 4021 2963 4077 verbo
3004 4021 3257 4078 restituit
3301 4022 3496 4091 saluti,
3538 4028 3602 4079 ut
3647 4027 3948 4081 revertens

2302 4118 2467 4185 pater
2495 4126 2561 4169 ea
2591 4111 2735 4166 hora
2775 4109 2963 4166 filium
2997 4112 3335 4167 restitutum
3379 4113 3506 4168 vitae
3546 4118 3953 4185 cognosceret,

2302 4217 2419 4274 qua
2448 4200 2629 4256 vitam
2652 4199 2806 4256 illius
2852 4219 2921 4258 ex
2960 4216 3057 4258 ore
3102 4201 3373 4257 Veritatis
3422 4203 3704 4258 audisset.
3728 4203 3957 4258 Omnes

2302 4293 2498 4346 autem
2536 4289 2807 4345 monachi
2838 4290 3171 4362 jussionem
3219 4291 3407 4347 Patris
3473 4291 3565 4347 sui
3611 4291 3955 4362 implentes,

2300 4381 2569 4436 eumdem
2588 4378 2871 4435 Basilium
2902 4397 2968 4437 ex
2990 4379 3323 4436 monasterii
3346 4381 3701 4438 habitatione
3721 4380 3962 4452 repule-

2299 4472 2459 4525 runt.
2512 4468 2620 4535 Qui
2668 4468 2935 4541 repulsus
2990 4470 3159 4540 dixit,
3195 4470 3531 4541 frequenter
3571 4486 3634 4527 se
3671 4469 3955 4527 cellulam

544 4553 849 4627 τῷὶαυτοῦ
881 4552 1040 4629 οἴκῳ,
1071 4554 1126 4611 έν
1164 4554 1304 4630 αὐτῇ
1327 4560 1397 4630 τῇ
1429 4554 1544 4629 ὣρᾳ
1575 4557 1697 4633 εὗρε
1722 4557 1811 4612 τὸν
1863 4557 1979 4613 υἱὸν
2026 4559 2172 4614 αὐτοὶ

2304 4557 2515 4630 Equitii
2538 4556 2784 4630 magicis
2806 4558 3027 4614 artibus
3046 4558 3105 4615 in
3129 4574 3294 4615 aerea
3314 4560 3823 4633 suspendisse,nec
3854 4565 3960 4615 ta-

538 4646 643 4715 τήν
672 4642 821 4713 ἴασιν
856 4641 1274 4718 ὑποδεξάμενον,
1297 4646 1386 4701 ὅτε
1406 4644 1466 4701 έκ
1483 4650 1580 4701 τοῦ
1603 4645 1876 4720 στόματος
1894 4655 1993 4718 τῆς
2026 4648 2192 4719 Ἀλη-

547 4732 692 4799 θείας
722 4736 885 4803 τοῦτο
906 4733 1159 4804 ἀκήκοεν.
1182 4735 1250 4791 Οἱ
1273 4729 1331 4789 δὶ
1355 4735 1587 4811 μοναχοί
1611 4737 1803 4799 πάντες
1825 4738 1923 4807 τήν
1946 4736 2189 4793 κελευσιν

545 4826 643 4877 τοῦ
673 4819 813 4877 ίδίου
846 4822 1050 4898 πατρὸς
1080 4822 1560 4899 ἐκπληρώσαντες,
1589 4824 1682 4880 τὸν
1716 4825 1874 4881 αὐτὸν
1905 4826 2192 4883 Βασίλειον

2304 4663 2437 4705 men
2466 4648 2593 4719 ejus
2623 4646 2953 4721 quempiam
2986 4648 3190 4705 laadere
3218 4650 3497 4721 potuisse.
3529 4648 3638 4716 Qui
3669 4666 3785 4706 non
3816 4655 3973 4720 post

2303 4736 2540 4809 longum
2561 4740 2815 4809 tempus,
2838 4737 2899 4793 in
2932 4737 3038 4794 hac
3060 4737 3319 4795 Romana
3347 4740 3510 4808 urbe,
3542 4740 3979 4798 sxardescente

2302 4826 2424 4883 zelo
2454 4824 2767 4882 Christiani
2798 4826 3019 4899 populi,
3050 4826 3185 4899 igne
3214 4831 3501 4885 crematus
3531 4835 3638 4885 est.

548 4909 608 4965 lx
629 4916 729 4980 τῆς
755 4914 853 4966 τοῦ
884 4913 1255 4987 μοναστηρίου
1283 4913 1563 4976 κατοικίας
1592 4910 1840 4985 ἐδίωξαν.
1872 4914 2215 4988 Διωκόμενος
2243 4910 2323 4985 δὲ,
2350 4906 2452 4991 ἔφη
2499 4918 2717 4989 συχνῶς
2749 4914 2812 4969 τὸ
2857 4917 2953 4969 τοῦ
3002 4914 3250 4971 Ἐκυτίου
3296 4912 3528 4971 κέλλιον.
3563 4919 3790 4980 πυιῆσαι
3835 4921 3989 4983 ταῖς

553 5005 812 5075 μαγικαῖς
839 4998 1010 5057 υύτοῦ
1040 5000 1259 5078 τέχναις
1290 5002 1366 5063 είς
1391 5002 1485 5079 τὸν
1512 5000 1645 5078 ἀέρα
1672 5006 2064 5079 κρεμασθῆναι,
2092 5002 2347 5077 οὐδαμῶς
2376 5000 2435 5058 δὶ
2464 5001 2709 5073 ἠδυνήθη
2742 5001 2803 5057 ἇκ
2829 5007 2937 5057 τῶν
2966 5002 3130 5058 αὐτοῦ
3157 5024 3279 5059 τινα
3306 5004 3369 5060 τὸ
3416 5006 3668 5080 παράπαν
3718 5005 3987 5081 βλάψαι.

551 5088 628 5148 Ού
662 5088 797 5163 μετὰ
825 5087 1002 5145 πολὺν
1030 5088 1088 5145 δὲ
1117 5092 1319 5169 χρόνον
1346 5091 1401 5146 έν
1429 5091 1598 5167 ταύτῃ
1634 5096 1705 5167 τῇ
1734 5096 1842 5147 τῶν
1873 5092 2159 5167 Ῥωμαίων
2200 5092 2384 5163 πόλει,
2420 5091 2576 5163 ζήλῳ
2619 5094 2699 5163 τῷ
2746 5090 2881 5167 πρὸς
2927 5090 3057 5146 Θεὸν
3096 5096 3195 5147 τοῦ
3242 5094 3765 5172 χριστιανικωτάτου
3812 5093 3990 5155 λαοῦ

550 5174 924 5246 ἰκκαυθέντος,
953 5182 1142 5234 τοῦτον
1176 5180 1303 5256 πυρῖ
1337 5186 1636 5249 καυσθῆναι
1676 5182 2063 5252 πεποιήκασιν.

617 5268 711 5326 Ἐν
743 5272 843 5341 μιᾷ
869 5264 927 5324 δὶ
944 5273 1054 5325 τῶν
1078 5270 1301 5344 ἡμερῶν
1327 5267 1387 5325 ἰκ
1406 5274 1503 5325 τοῦ
1524 5270 1691 5325 αὐτοῦ
1707 5291 1948 5344 μοναστη
1958 5272 2077 5347 ρίου
2093 5272 2201 5327 τῶν

2385 5270 2645 5337 Quadam
2676 5287 2808 5329 vero
2841 5271 2934 5330 die
2964 5289 3079 5329 una
3100 5272 3203 5331 Dei
3235 5272 3456 5331 famula
3498 5289 3566 5331 ex
3595 5275 3799 5332 eodem
3833 5292 4003 5334 mo-

550 5355 855 5434 παρθένων,
889 5357 1190 5435 μονάστριά
1219 5379 1304 5423 τις
1335 5357 1414 5425 είς
1430 5359 1524 5415 τὸν
1545 5367 1728 5432 κῆπον
1752 5359 2087 5433 εἰσελθοῦσα,
2112 5381 2172 5417 κα

2314 5360 2567 5420 nasterio
2598 5361 2889 5436 virginum
2916 5361 3153 5421 hortum
3171 5364 3436 5438 ingressa
3462 5368 3555 5422 est
3588 5380 3754 5439 :que
3774 5364 4010 5427 lactu-

626 5557 706 5699 ἕῗέ
726 5559 1105 5699 ἓὲἐῖκεὲἔιῗ

557 5675 1861 5784 πυξέτξῖᾶξιῖρἆᾶτᾌᾝιῖιῖᾱὲιῖἰὶῖᾇὲῖξξξὲἑ

726 5625 1230 5713 aeginium:
1251 5625 1675 5773 εῧωπτοςὶἓοιιιθ
1703 5632 1940 5708 εύωπὸς)
1965 5633 2211 5709 ὑπῆρχεν
2260 5696 2263 5699 ,

730 5724 776 5779 ψ
804 5698 1173 5781 λαμϐροτάτῳ
1188 5703 1375 5779 (haud
1388 5704 1509 5765 dub
1588 5675 1929 5781 λαϐροτάτῳ)
1948 5707 2212 5781 καταφλε-

1948 5726 2212 5788 καταφλε-

2318 5566 2527 5644 γεσθαι.

2390 5640 2466 5709 (ο)
2495 5637 2741 5712 Gemst.,
2773 5655 2877 5712 quo
2897 5639 3279 5712 descendente.

2393 5711 2472 5785 (ά)
2503 5710 2713 5770 Pratel.
2746 5710 2804 5770 et
2823 5711 2969 5784 Big.,
2998 5710 3249 5771 eamdem
3268 5711 3565 5771 salvatam.
