4210 6160
504 373 620 436 179

1725 373 2004 437 SANCTI
2050 369 2416 435 GBEGORII
2460 370 2712 433 MAGNI

3786 367 3908 430 180

515 514 624 586 πῦρ
655 511 814 585 ἧψεν·
843 510 1016 573 οὕτως
1044 507 1100 564 δὲ
1130 508 1193 564 τὺ
1223 506 1371 583 ὕδωρ
1402 507 1453 563 ἐν
1481 513 1601 570 ταῖς
1639 505 1936 580 κανδήλαις
1987 509 2148 582 ἦψεν,

2276 522 2366 574 ;re,
2425 507 2593 579 cujus
2631 506 2822 563 meriti
2852 505 2940 561 vir
2993 505 3103 562 iste
3155 505 3351 573 fuerit,
3408 504 3506 577 qui
3555 503 3911 561 necessitate

504 600 583 672 (α)
617 601 692 660 ὡς
739 600 830 654 ὅτε
883 595 1068 653 ἔλαιον
1111 597 1380 672 ὑπῆρχεν.
1432 599 1780 668 Κατανοήσας
1837 599 1980 671 (Sic)
2038 592 2152 668 οὖν,

504 685 701 759 Πέτρε,
730 697 891 747 ποίας
923 683 1270 756 δικαιοσύνης
1320 686 1348 741 ὁ
1387 683 1666 761 ἄνθρωπος
1708 686 1864 747 οὗτος
1909 688 2153 764 γέγονεν,

505 775 654 837 ὅστις
684 779 753 848 τῇ
783 775 996 852 ἆκάγκῃ
1043 782 1142 845 τῆς
1185 776 1491 838 στενώσεως
1528 777 1874 851 νυττόμενος,
1903 779 2004 848 τῆν
2051 781 2148 833 τοῦ

508 863 785 940 στοιχείου
817 863 972 942 φύσιν
1004 863 1317 938 ἐνήλλαξεν,

577 956 776 1010 ΠΕΤΡ.
808 955 1012 1016 Ὄντως
1043 950 1254 1031 σφόδρα
1281 957 1588 1028 θαυμαστόν
1609 954 1749 1012 ἐστιν
1784 956 1915 1030 ὅπερ
1943 954 2149 1029 ἆκούῳ,

499 1039 626 1096 ἀλλ’
656 1041 854 1111 ἤθελον
883 1048 1084 1118 γνῶναι
1119 1045 1169 1098 ἐν
1199 1043 1331 1117 ποίᾳ
1354 1047 1677 1101 ταπεινώσει
1709 1041 1859 1101 ἔνδον
1906 1045 2149 1120 ὑπῆρχεν

502 1131 532 1185 ὁ
561 1130 794 1204 τοσαύτῃ
826 1130 1029 1205 ὑψώσει
1060 1126 1248 1202 ἔξωθεν
1283 1129 1637 1207 διαλάμπων.

572 1223 724 1278 175
753 1222 1042 1278 ΓΡΗΓΟΡ.
1072 1223 1284 1292 Μεταξὺ
1313 1225 1384 1296 (ὁ)
1416 1228 1525 1278 τῶν
1557 1221 1836 1298 δυνάμεων
1869 1223 1921 1279 ἐν
1969 1223 2148 1288 ποίοις

498 1311 534 1378 ἠ
569 1311 722 1384 ψυχὴ
759 1306 1049 1377 διάκειται⁹
1077 1309 1262 1372 καλῶς
1292 1309 1587 1383 ἐπιζητεῖς·
1639 1309 1847 1387 σφόδρα
1894 1314 1999 1388 γὰρ
2055 1312 2146 1368 τὸν

501 1398 626 1449 νοῦν
657 1391 806 1450 ἔνδον
833 1393 1230 1466 ἐκπλήττουσιν
1264 1396 1314 1450 ἐν
1345 1400 1415 1470 τῇ
1448 1395 1744 1472 δοκιμασίᾳ
1783 1396 1915 1472 ἅπερ
1957 1397 2146 1471 ἔξωθεν

501 1482 743 1559 γίνονται
773 1482 1040 1556 θαύματα.
1070 1482 1280 1539 Τούτου
1313 1480 1368 1538 δὲ
1398 1490 1495 1540 τοῦ
1527 1481 1822 1559 σεϐασμίου
1865 1489 2148 1544 Κωνσταν-

496 1571 618 1626 τίου
645 1567 698 1626 ἓν
729 1572 862 1646 ὅπερ
910 1571 1160 1642 ἐποίησεν
1203 1571 1292 1627 ἐὰν
1333 1574 1596 1651 ἀκούσῃς,
1633 1573 1850 1650 ταχέως
1905 1581 2144 1651 μαθήσῃ,

503 1659 666 1720 ποίας
695 1665 1072 1724 ταπεινώσεως
1104 1662 1346 1738 γέγονεν.

575 1751 776 1809 HETP.
808 1751 996 1807 Ἢνίκα
1028 1753 1150 1825 περὶ
1179 1757 1278 1808 τοῦ
1297 1753 1550 1810 τοιούτου
1575 1755 1847 1828 θαύματος
1868 1755 2143 1834 διηγήσω,

2265 593 2622 665 compulsus,
2655 593 2929 650 elementi
2961 598 3229 650 naturam
3262 593 3527 650 mutavit.

2332 955 2500 1012 Pera.
2531 955 2736 1011 Mirum
2766 959 2854 1011 est
2882 953 3046 1011 valde
3076 954 3231 1027 quod
3258 954 3466 1024 audio;
3492 954 3592 1010 sed
3609 969 3782 1010 nosse
3799 953 3915 1010 vel-

2259 1043 2374 1099 lem
2407 1045 2577 1114 cujus
2620 1042 2971 1098 humilitatis
3002 1043 3154 1114 apud
3208 1059 3270 1099 se
3316 1058 3446 1100 esse
3501 1043 3662 1099 intus
3726 1043 3914 1116 potuit

2257 1133 2385 1197 iste,
2417 1133 2516 1205 qui
2549 1138 2723 1189 tantas
2753 1133 3108 1189 excellentia;
3141 1133 3279 1189 foris
3311 1132 3432 1189 fuit.

2328 1223 2483 1278 176
2528 1222 2788 1278 Gasooa.
2858 1225 3017 1278 inter
3055 1224 3296 1279 virtutes
3352 1221 3614 1279 animum
3660 1239 3914 1296 congrue

2258 1310 2688 1382 requiris,quia
2715 1309 2966 1367 multum
2991 1311 3154 1366 valde
3175 1311 3438 1383 estquod
3461 1311 3782 1367 tentatione
3808 1328 3918 1368 sua

2255 1383 2426 1455 intus
2465 1405 2718 1456 mentem
2769 1399 3069 1456 lacessunt
3102 1400 3250 1455 mira
3281 1418 3404 1471 quas
3432 1401 3570 1456 foris
3602 1401 3768 1456 ﬁunt.
3801 1399 3918 1456 Sed

2257 1490 2306 1544 si
2341 1491 2516 1561 hujus
2542 1489 2862 1546 Constantii
2887 1489 3236 1545 venerabilis
3267 1506 3450 1545 unum
3477 1492 3627 1562 quod
3659 1490 3788 1546 fecit
3807 1507 3914 1546 au-

2264 1579 2380 1646 dis,
2413 1580 2582 1650 cujus
2616 1578 2962 1634 humilitatis
3005 1579 3194 1647 fuerit,
3227 1579 3402 1635 citius
3433 1596 3734 1652 agnosces.

2329 1671 2494 1726 Pam.
2516 1675 2827 1741 Postquam
2854 1669 2984 1725 facti
3009 1669 3165 1724 illius
3191 1669 3300 1724 tale
3326 1670 3670 1726 miraculum
3688 1670 3912 1739 dixisti,

2255 1763 2522 1829 superest
2541 1760 2714 1814 etiam
2743 1762 2806 1813 ut
2827 1774 2920 1813 me
2940 1756 3011 1813 de
3034 1757 3364 1814 humilitate
3387 1759 3602 1815 mentis
3623 1763 3746 1830 ejus
3771 1759 3911 1815 aedi-

504 1838 674 1912 ἔξεστι
704 1837 918 1911 λοιπὸν,
952 1840 1101 1902 ὅπως
1145 1863 1212 1916 με
1240 1843 1330 1898 καὶ
1361 1845 1484 1920 περὶ
1510 1852 1608 1914 τῆς
1636 1849 2014 1909 ταπεινώσεως
2047 1851 2144 1903 τοῦ
2173 1876 2222 1942 Β
2259 1849 2419 1905 ﬁcos.

500 1932 623 1994 νοὸς
655 1931 819 1986 αὐτοῦ
852 1930 1239 2008 οἷκοδομήσῃς.

576 2024 857 2078 ΓΡΗΓΟΡ.
893 2023 979 2076 Ἐν
1008 2027 1087 2095 τῷ
1116 2020 1328 2099 σφόδρα
1355 2025 1454 2094 τὴν
1486 2027 1685 2105 φήμην
1715 2029 1814 2097 τῆς
1845 2028 2150 2103 ἁγιωσύνης

505 2111 672 2166 αὐτοῦ
690 2114 760 2184 (ο)
773 2110 1376 2182 πλατυνθῆναι,πολλοῖ
1391 2113 1449 2169 ἐκ
1461 2113 1734 2195 διαφόρων
1749 2121 1949 2196 χωρῶν
1965 2137 2153 2192 συνερ-

509 2201 759 2275 χόμενοι,
781 2205 971 2256 τοῦτον
995 2203 1268 2275 θεωρῆσαι
1299 2201 1619 2277 ἐπεθύμουν.
1654 2207 1741 2263 Ἐν
1775 2211 1873 2280 μιᾷ
1895 2203 1953 2262 δὲ
1971 2205 2152 2282 ἡμέρᾳ

507 2290 752 2365 γεωργὸς
783 2311 865 2353 τις
890 2289 947 2345 ἐκ
965 2295 1074 2345 τῶν
1100 2289 1157 2346 ἐκ
1191 2294 1401 2365 μήκους
1433 2289 1782 2367 διακειμένων
1803 2295 1985 2350 τόπων
2013 2297 2151 2371 πρὸς

505 2381 569 2432 τὸ
608 2379 891 2434 θεάσασθαι
943 2380 1099 2434 αὑτὸν
1146 2381 1524 2458 παραγέγονεν·
1574 2385 1692 2438 κατ’
1735 2383 1902 2453 αὐτὴν
1955 2382 2011 2440 δὲ
2051 2387 2148 2455 τήν

510 2466 655 2541 ὥραν
682 2464 878 2538 συνέϐη
902 2469 991 2522 τὸν
1013 2464 1167 2544 ἅγιον
1185 2473 1380 2524 τοῦτον
1408 2469 1571 2546 ἄνδρα
1595 2472 1646 2527 ἐν
1667 2471 1868 2548 ξυλίνῳ
1890 2495 2152 2549 τετραπο-

514 2552 1042 2629 δίῳίστάμενον,τᾶς
1065 2553 1342 2628 κανδήλας
1358 2562 1798 2630 σκευάζειν.ῐῐάνυ
1820 2562 1924 2638 γάρ
1941 2566 2018 2636 (d)
2033 2582 2154 2617 στε-

513 2646 603 2706 νὸς
628 2645 874 2720 ὑπῆρχεν
895 2644 964 2720 τῇ
987 2643 1200 2718 ἡλικίᾳ,
1224 2648 1312 2701 καὶ
1351 2648 1535 2724 ἰσχνὸς
1563 2653 1632 2724 τῇ
1662 2655 1759 2706 τοῦ
1782 2652 2035 2725 σώματος
2057 2673 2152 2706 κα·-

508 2740 741 2810 τασκευῇ
763 2735 850 2791 καὶ
874 2733 1092 2805 ἀνειδῆς
1117 2738 1186 2808 τῇ
1212 2741 1418 2818 μορφῇ.
1440 2738 1757 2815 Ἐπιμελῶς
1781 2739 1838 2796 δὲ
1861 2745 1958 2796 τοῦ
1979 2762 2152 2818 παρα-

509 2825 805 2900 γενομένου
825 2834 1070 2905 γεωργοῦ
1097 2833 1231 2907 πρὸς
1258 2832 1320 2888 τὸ
1343 2831 1628 2895 θεάσασθαι
1649 2829 1807 2886 αὐτὸν
1833 2828 2152 2901 ἒπιξητοῦν-

505 2936 600 2978 τος
628 2916 710 2981 τίς
740 2918 769 2973 ὁ
796 2915 1186 2986 εὐλαϐέστατος
1215 2921 1352 2994 ἀνὴρ
1385 2920 1755 2981 Κωνστάντιος
1780 2921 2037 3000 ὑπάρχει,
2061 2920 2152 2976 καὶ

511 3003 660 3067 ὅπως
682 3006 830 3076 αὐτῷ
849 3006 1043 3087 ὀφείλῃ
1065 3009 1440 3086 ἐπιδειχθῆναι
1463 3007 1861 3078 δυσωποῦντος,
1890 3010 1942 3065 οἳ
1962 3013 2153 3065 τοῦτον

513 3099 694 3172 σαφῶς
726 3094 1073 3172 ἐπιστάμενοι
1105 3103 1184 3172 τῷ
1205 3103 1437 3176 γεωργῷ
1458 3099 1616 3154 αὑτὸν
1645 3095 1944 3168 ὑπέδειξαν.
1977 3101 2156 3163 Καθά-

513 3203 613 3258 περ
637 3181 695 3238 δὲ
717 3186 768 3240 οἱ
794 3188 984 3264 ἄφρονι
1011 3186 1268 3265 λογισμῷ
1290 3189 1694 3263 χρώμενοι,καὶ
1726 3187 1786 3242 ἐκ
1803 3195 1902 3258 τῆς
1924 3192 2021 3243 τοῦ
2044 3189 2152 3243 σώο

517 3293 684 3345 ματος
710 3280 1043 3342 κατασκευῆς
1066 3280 1166 3347 τὴν
1191 3278 1385 3353 ἂρετῆν
1405 3274 1559 3353 ἀνδρὶ
1582 3276 1970 3351 ὁρίζονται,τὸν
1994 3278 2154 3334 αὐτὸν

512 3362 716 3439 τρόπον
727 3365 817 3420 καὶ
832 3365 1090 3442 οὗτος,(ε)
1113 3368 1288 3422 στενὸν
1304 3365 1652 3444 καὶᾶμορφον
1675 3367 1764 3421 τὸν
1794 3363 1944 3442 ἅγιον
1965 3368 2159 3422 θεασά-

519 3474 703 3525 μενος,
728 3451 983 3528 οὐδαμῶς
1006 3462 1072 3526 (Γ)
1085 3456 1324 3510 ἐπίστευε
1335 3459 1524 3510 τοῦτον
1538 3454 1802 3530 εἶναιπερὶ
1822 3455 1882 3509 οὗ
1905 3455 2157 3526 ἀκήκοεν.

513 3542 605 3598 Ἐν
630 3539 687 3596 δὲ
707 3547 785 3613 τῷ
807 3540 1063 3618 λογισμῷ
1086 3543 1247 3598 αὑτοῦ
1267 3538 1575 3622 ἀμφιϐολία
1595 3563 1676 3604 τις
1701 3543 1971 3622 ὑπῆρχεν,
2003 3546 2078 3618 ᾦν
2103 3567 2162 3602 τε

509 3629 633 3706 περί
665 3632 832 3687 αὐτοῦ
860 3631 924 3698 ἦν
957 3631 1211 3696 ἀκούσας,
1244 3632 1334 3686 καὶ
1361 3633 1483 3706 περὶ
1515 3633 1588 3687 ῶν
1621 3632 1891 3689 ἐθεάσατοο
1919 3633 2166 3711 διελογί-

525 3725 644 3791 ζετο
664 3721 764 3796 γᾶρ
788 3718 840 3775 ἒν
863 3721 1039 3792 ἑαυτῷ
1063 3722 1140 3794 μή
1166 3720 1418 3776 δύνασθαι
1438 3725 1683 3777 τοιοῦτον
1707 3724 1784 3797 (9)
1804 3725 1982 3778 στενὸν
2007 3724 2161 3793 εἶναι,

523 3811 584 3866 ’ὀν
603 3812 658 3866 ἓν
681 3809 880 3882 πολλῷ
905 3809 1116 3886 μεγέθει
1138 3807 1227 3864 διὰ
1245 3817 1344 3878 τῆς
1368 3812 1558 3890 φήμης
1580 3811 1844 3889 εἶχεν.⁹Ως
1859 3808 1916 3866 δὶ
1938 3811 1996 3867 ἐκ
2008 3813 2167 3868 πλεί-

526 3922 665 3957 στων
684 3900 938 3971 ἀκούσας,
969 3899 1197 3975 φανερὸν
1213 3897 1358 3971 αύτῷ
1379 3901 1616 3975 γέγονεν,
1641 3901 1722 3955 ὅτι
1745 3899 1906 3963 αὐτὸς
1930 3902 2169 3982 ὑπάρχει

523 3989 646 4065 περὶ
671 3989 732 4043 οὗ
754 3989 1111 4064 ἆκήκοεν,ἤρξ
1123 4009 1214 4044 ατο
1237 3986 1658 4064 καταγελᾷν,καὶ
1674 3986 2057 4065 βδελύττεσθαι
2073 3991 2169 4047 αύ-

531 4079 645 4149 τὸν,
669 4077 865 4155 λέγων.
901 4079 1041 4152 Ἐγὼ
1077 4077 1242 4152 μέγαν
1274 4079 1554 4150 ἄνθρωπον
1588 4079 1876 4142 θεάσασθαι
1905 4077 2171 4154 προσεδό-

527 4186 680 4236 κουν,
705 4166 859 4228 οὗτος
885 4163 940 4221 δὲ
959 4166 1244 4240 ἀνθρώπου
1267 4162 1418 4221 οὐδὲν
1438 4163 1576 4241 ἔχει.
1607 4167 1668 4223 Ὀ
1699 4163 1754 4222 δὲ
1781 4171 1879 4221 τοῦ
1911 4172 2044 4222 Θεοῦ
2077 4171 2170 4224 ἂν-

533 4258 749 4330 θρωπος
800 4254 1178 4319 Κωνστάντιος
1226 4259 1388 4310 τοῦτο
1437 4253 1688 4326 ἀκούσας,
1737 4255 2068 4330 καταλείψας
2114 4259 2175 4322 ἃς

531 4343 851 4418 ἐπεμελεῖτο
872 4342 1312 4418 κανδήλας,μετὰ
1333 4342 1576 4415 σπουδῆς
1597 4342 1858 4415 κατῆλθε,
1880 4346 2058 4409 καὶείς
2080 4348 2172 4403 τὸν

526 4441 625 4491 τοῦ
645 4437 894 4513 γεωργοῦ
915 4435 1198 4508 ἀσπασμὸν
1219 4429 1471 4509 ἔδραμεν,
1494 4433 1584 4488 καὶ
1611 4434 1744 4508 μετὰ
1766 4434 1981 4491 πολλοῦ
2002 4438 2174 4493 πόθου

525 4531 644 4588 ταῖς
669 4525 861 4580 ἑαυτοῦ
890 4524 1050 4605 χερσὶ
1079 4527 1270 4579 τοῦτον
1303 4517 1636 4598 περιλαϐὼν,
1669 4524 1868 4598 ἤρξατο
1892 4523 2049 4581 αὐτὸν
2076 4547 2176 4582 κα·-

529 4615 777 4694 ταφιλεῖν
809 4615 896 4669 καὶ
925 4613 1162 4689 μεγάλας
1183 4612 1412 4688 χάριτας
1435 4612 1581 4685 αὖτῷ
1603 4612 1922 4689 ὁμολογεῖν,
1947 4613 2027 4670 ὅτι
2051 4617 2174 4691 περὶ

531 4707 696 4764 αὑτοῦ
718 4706 893 4768 οὓτως
917 4701 1140 4781 ἕκρινεν’
1156 4697 1611 4778 ἕλεγεγᾶραύτῷ,
1631 4704 1752 4760 Ὃτι
1774 4703 1836 4758 σὺ
1861 4705 2024 4778 μόνος
2051 4706 2177 4769 τοὺς

536 4796 855 4876 ὀφθαλμούς
893 4817 990 4852 σου
1020 4791 1176 4872 ἔσχες
1208 4793 1585 4869 ἆνεωγμὲνους
1620 4794 1695 4857 εἷς
1729 4793 1845 4868 ἐμὲ.
1865 4799 1961 4852 Ἐκ
1979 4795 2174 4853 τούτου

536 4887 628 4942 οὗν
659 4891 760 4940 τοῦ
790 4885 1112 4961 πράγματος
1145 4882 1477 4953 κατανοῆσαι
1509 4881 1621 4938 ἐστι
1653 4882 1811 4946 ποίας
1847 4886 1972 4959 παρ’
2004 4886 2175 4960 ἱαυτῷ

2205 4574 2252 4640 D

2335 1938 2598 1994 Gasooa.
2619 1937 2763 2005 Quia
2795 1937 2959 1993 valde
2981 1938 3177 2010 opinio
3200 1938 3530 1994 sanctitatis
3558 1939 3684 2008 ejus
3721 1954 3915 1995 excre-

2259 2034 2438 2094 verat,
2471 2027 2638 2084 multi
2658 2028 2814 2083 hunc
2836 2043 2905 2084 ex
2926 2027 3170 2084 diversis
3195 2027 3504 2100 provinciis
3525 2028 3692 2084 anxie
3718 2028 3912 2084 videre

2260 2118 2834 2182 sitiebant.Quadam
2857 2133 2987 2173 vero
3018 2118 3108 2172 die
3139 2134 3207 2174 ex
3230 2116 3545 2188 longinquo
3569 2117 3692 2173 loco
3733 2118 3805 2173 ad
3829 2116 3919 2172 vi-

2260 2207 2514 2264 dendum
2531 2223 2662 2262 eum
2677 2206 2919 2278 quidam
2936 2205 3185 2262 rusticus
3199 2206 3375 2261 venit.
3391 2206 3608 2262 Eadem
3627 2222 3761 2260 vero
3777 2204 3923 2262 hora

2262 2313 2400 2353 casu
2429 2297 2769 2368 contigerat,
2801 2299 2865 2349 ut
2884 2303 3120 2351 sanctus
3143 2294 3232 2350 vir
3263 2303 3428 2351 stans
3459 2295 3516 2350 in
3548 2295 3757 2368 ligneis
3779 2311 3921 2367 gra-

2262 2386 2454 2454 dibus,
2472 2384 2796 2441 reliciendis
2817 2384 3134 2440 deserviret
3154 2383 3546 2456 lampadibus.
3570 2385 3705 2440 Erat
3725 2389 3920 2439 autem

2263 2477 2510 2550 pusillus
2539 2475 2726 2544 valde,
2759 2477 2892 2532 exili
2926 2475 3112 2531 forma
3141 2483 3316 2548 atque
3344 2477 3635 2548 despecta.
3658 2477 3921 2545 Cumque

2263 2568 2311 2622 is
2331 2567 2512 2638 quiad
2528 2567 2842 2621 videndum
2858 2581 2987 2620 eum
3015 2563 3534 2636 veneratquisnam
3557 2569 3711 2621 esset
3727 2565 3922 2635 inqui-

2261 2660 2431 2723 reret,
2453 2661 2626 2727 atque
2643 2655 2852 2711 obnixe
2884 2659 3100 2725 peteret
3127 2661 3190 2709 ut
3207 2654 3312 2710 sibi
3339 2654 3640 2710 debuisset
3659 2653 3922 2720 ostendi,

2261 2745 2322 2800 hi
2353 2746 2450 2817 qui
2484 2745 2650 2799 illum
2683 2748 2962 2800 noverant
2994 2749 3399 2800 monstrarunt
3427 2746 3561 2816 quis
3592 2749 3764 2800 esset.
3800 2743 3919 2799 Sed

2262 2834 2510 2905 sicut(h)
2541 2833 2726 2889 stultas
2760 2835 2972 2889 mentis
2995 2832 3267 2888 homines
3298 2833 3508 2888 merita
3538 2850 3606 2888 ex
3637 2832 3921 2903 qualitate

2263 2924 2523 2996 corporis
2547 2923 2888 2991 metiuntur,
2911 2939 3044 2978 eum
3061 2922 3366 2994 parvulum
3387 2927 3561 2995 atque
3583 2922 3921 2992 despectum

2263 3014 2484 3078 videns,
2519 3011 2712 3084 ipsum
2747 3012 2902 3068 hunc
2923 3028 3053 3067 esse
3079 3012 3250 3083 coepit
3268 3012 3506 3068 omnino
3528 3028 3642 3067 non
3665 3011 3918 3068 credere.

2265 3101 2328 3158 In
2357 3109 2548 3156 mente
2573 3099 2789 3156 etenim
2815 3099 3030 3156 rustica
3063 3101 3216 3155 inter
3253 3103 3361 3156 hoc
3391 3102 3541 3171 quod
3567 3099 3831 3155 audierat
3862 3103 3925 3154 et

2269 3188 2695 3259 videbat,quasi
2720 3190 2874 3244 facta
2906 3189 3093 3244 fuerat
3122 3190 3386 3260 quaedam
3412 3189 3533 3245 rixa
3558 3204 3572 3255 ;
3595 3198 3645 3243 et
3666 3188 3923 3244 aestima-

2268 3279 2369 3333 bat
2398 3285 2510 3332 tam
2545 3276 2776 3332 brevem
2801 3291 2902 3347 per
2919 3275 3197 3331 visionem
3231 3292 3359 3331 esse
3385 3292 3497 3331 nou
3532 3293 3722 3348 posse,
3747 3291 3921 3347 quem

2266 3373 2381 3422 tam
2417 3367 2714 3438 ingentem
2748 3364 3032 3420 habuerat
3069 3382 3172 3436 per
3200 3365 3552 3436 Opinionem.
3587 3364 3687 3419 Cui
3720 3365 3917 3434 ipsum

2267 3473 2393 3513 esse
2428 3458 2567 3512 dum
2598 3473 2628 3510 a
2669 3455 2936 3527 pluribus
2993 3454 3198 3510 fuisset
3228 3461 3542 3523 assertum,
3573 3454 3834 3525 despexit
3864 3463 3920 3510 et

2269 3545 2438 3617 cmpil
2461 3545 2722 3610 irridere,
2744 3544 2942 3599 dicens
2970 3559 2985 3599 :
3011 3548 3124 3615 Ego
3147 3543 3426 3615 grandem
3459 3544 3755 3598 hominem
3788 3559 3919 3599 cre-

2271 3634 2417 3699 didi,
2449 3633 2559 3689 iste
2590 3641 2782 3688 autem
2808 3633 2878 3687 de
2902 3632 3141 3706 homine
3173 3632 3315 3687 nihil
3339 3632 3532 3688 habet.
3559 3633 3717 3696 Quod
3744 3637 3802 3688 ut
3829 3634 3918 3687 vir

2273 3724 2373 3780 Dei
2422 3721 2798 3780 Constantius
2827 3723 3066 3792 audivit,
3099 3721 3398 3794 lampades
3429 3739 3574 3793 quas
3625 3723 3923 3777 reﬁciebat

2275 3815 2541 3886 protinus
2574 3812 2736 3866 laetus
2760 3811 3113 3882 relinquens,
3139 3813 3400 3867 concitus
3421 3813 3926 3881 descendit,atque

2276 3904 2336 3959 in
2359 3901 2622 3973 ejusdem
2649 3899 2854 3956 rustici
2873 3899 3206 3972 amplexum
3234 3901 3711 3972 ruit,eumqueex
3729 3917 3934 3956 amore

2278 3993 2462 4050 nimio
2484 3991 2878 4063 constringere
2911 3995 3085 4062 cmpit
3113 3991 3388 4060 brachiis,
3417 3997 3474 4048 et
3502 3991 3774 4061 osculari,
3800 4007 3940 4046 ma-

2279 4097 2544 4155 gnasque
2564 4081 2779 4152 gratias
2802 4097 2970 4152 agere
2987 4081 3139 4152 quod
3168 4081 3218 4136 is
3241 4081 3312 4138 de
3334 4098 3396 4137 se
3428 4081 3940 4153 laliajudicasset,

2281 4171 2482 4227 dicens
2505 4187 2517 4226 :
2537 4169 2624 4224 Tu
2648 4168 2811 4224 solus
2835 4169 2892 4223 in
2918 4185 3008 4223 me
3029 4175 3260 4240 apertos
3285 4169 3485 4226 oculos
3508 4170 3786 4225 habuisti.
3803 4169 3944 4234 Qua

2282 4277 2350 4316 ex
2369 4277 2424 4317 re
2440 4259 2802 4332 pensandum
2825 4261 2910 4313 est
2927 4259 3262 4330 cujusapud
3288 4277 3350 4314 se
3364 4258 3718 4315 humilitatis
3735 4259 3944 4324 fuerit,

2284 4350 2383 4423 qui
2398 4349 2811 4420 despicientem
2828 4363 2887 4401 se
2901 4349 3183 4403 rusticum
3209 4348 3464 4420 amplius
3479 4348 3712 4404 amavit.
3731 4347 3952 4412 Qualis

2284 4439 2437 4495 enim
2454 4439 2702 4510 quisque
2717 4437 2868 4508 apud
2887 4437 3516 4501 selateat,contumelia
3530 4437 3689 4493 illata
3706 4437 3946 4508 probat.

2284 4528 2429 4584 Nam
2461 4536 2600 4582 sicut
2625 4525 3218 4596 superbihonoribus,
3247 4525 3333 4582 sic
3365 4525 3708 4597 plerumque
3733 4526 3948 4580 humi-

2288 4620 2371 4674 les
2402 4633 2511 4672 sua
2539 4612 2912 4686 despectione
2942 4614 3010 4686 (ἱ)
3032 4613 3416 4682 gratulantur.
3447 4614 3702 4682 Cumque
3720 4630 3777 4670 se
3794 4614 3952 4674 etin

2286 4705 2493 4763 alienis
2523 4702 2711 4760 oculis
2733 4702 2874 4758 viles
2905 4703 3219 4775 aspiciunt,
3251 4703 3466 4760 idcirco
3496 4705 3776 4776 gaudent,
3799 4703 3960 4774 quia.

2285 4797 2395 4854 hoc
2417 4792 2712 4866 judicium
2744 4790 3072 4847 confirmari
3100 4791 3460 4863 intelligunt,
3495 4793 3651 4865 quod
3693 4793 3764 4848 de
3792 4808 3853 4848 se
3881 4799 3961 4850 et

2284 4886 2397 4956 ipsi
2429 4883 2584 4957 apud
2616 4880 2961 4951 semetipsos
2990 4880 3338 4940 habuerunt.

529 4976 906 5036 ταπεινώσεως
935 4975 1206 5050 ὑπῆρχεν,
1237 4973 1298 5036 ’ὸς
1325 4995 1408 5036 τις
1438 4973 1527 5028 τὸν
1563 4969 1996 5049 βδελυσσόμενον
2028 4975 2188 5036 αὑτὸν
2218 4973 2466 5058 γεωργὸν
2504 4964 2899 5044 περισσοτέρως
2948 4964 3164 5039 μᾶλλον
3216 4968 3518 5042 ἠγάπησεν·
3565 4969 3791 5025 ἑκάστου
3834 4968 3961 5046 γὰρ

531 5065 629 5132 τήν
669 5060 821 5119 ἔνδον
852 5063 1234 5139 κεκρυμμένην
1266 5064 1582 5137 προαίρεσιν
1616 5065 1651 5132 ἡ
1683 5065 2069 5139 προσαγομένη
2104 5055 2260 5145 ὕϐριξ
2293 5061 2601 5136 δοκιμάζει·
2634 5055 2875 5145 καθάπερ
2919 5055 3019 5130 γὰρ
3070 5057 3121 5110 οἱ
3173 5057 3504 5136 ὑπερήφανοι
3550 5064 3669 5122 ταῖς
3722 5059 3966 5132 τιμαῖς,

534 5155 708 5216 οὕτως
742 5153 792 5207 οἱ
821 5153 1235 5232 ταπεινόφρονες
1263 5151 1348 5208 ἐπὶ
1381 5157 1449 5227 τῇ
1481 5154 1682 5206 ἑαυτῶν
1715 5149 2058 5223 ἓξουδενώσει
2090 5141 2449 5233 ἀγάλλονται’
2483 5149 2612 5203 ’ὁταν
2646 5142 2704 5199 δὲ
2741 5145 2832 5198 καὶ
2863 5141 2916 5198 ἒν
2945 5150 3063 5208 τοῖς
3105 5151 3213 5200 τῶν
3263 5145 3575 5220 ἀλλοτρίων
3625 5147 3964 5225 ὀφθαλμοῖς

529 5242 936 5318 ἒξουδενημὲνοι
969 5247 1186 5318 ρῶνται,
1214 5241 1480 5306 πλειόνως
1510 5241 1818 5318 χαίρονται,
1848 5242 1939 5299 καί
1966 5246 2065 5316 τήν
2087 5247 2292 5304 ἑαυτῶν
2317 5242 2492 5321 κρίσιν
2519 5235 2880 5310 στηριχθῆναι
2926 5234 3301 5306 πιστεύουσιν,
3333 5237 3417 5291 ὅτι
3458 5235 3683 5298 ὁποίους
3714 5236 3968 5304 ἑαυτοὺς

534 5337 709 5413 εἶχον,
739 5337 978 5390 τοιοῦτοι
1017 5331 1107 5388 καὶ
1138 5337 1263 5408 παρ’
1293 5329 1510 5388 ἐκείνων
1539 5329 1919 5406 ἐνομίσθησαν.

607 5447 686 5518 (ιι)
718 5444 904 5512 C0|b.,
934 5441 1008 5502 ὡς
1037 5441 1120 5496 ὅτι
1151 5438 1354 5518 ἒλιαιον.

609 5512 685 5592 (1))
719 5519 879 5592 Ριεξιζη
911 5519 1018 5592 τῶν
1054 5512 1321 5592 σημείων.

624 5583 679 5658 σ)’
705 5583 888 5655 Ωοιῖιζ,
928 5583 1312 5650 πλατύνεσθαι.

624 5600 673 5658 c)
705 5600 888 5655 Colb.,
928 5600 1312 5650 πλατύνεσθαι.

600 5600 678 5816 ἑᾶς
710 5660 961 5742 Uterque
985 5660 1146 5748 Cod.,
1181 5659 1375 5751 capto;
1407 5656 1673 5735 ὑπῆρχεν.

625 5753 655 5794 ε
708 5733 914 5808 Iidem,
944 5749 1139 5807 σεμνον
1170 5750 1260 5787 και
1292 5751 1577 5810 αμορφον;
1609 5749 1673 5790 er

2357 5446 2424 5516 (ί)
2452 5438 2613 5516 ῌεθι,
2649 5430 2977 5516 ἒπίστευσεχ.

2357 5507 2432 5585 (νά)
2466 5511 2629 5585 ᾓθβη
2663 5507 3096 5585 μξκρόν.-ΟΟΠ).,
3127 5507 3342 5585 σεμνὸν.

2355 5579 2433 5658 (ἦ)
2466 5579 2841 5658 ξραμμβιᾳθ,
2894 5579 3050 5649 Lyr.,
3083 5579 3306 5658 primus
3349 5580 3568 5658 And...
3597 5581 3822 5658 Gemet.
3886 5591 3975 5644 et,

2285 5651 2439 5717 unus
2467 5654 2663 5728 Carm,
2694 5653 2880 5728 stultae
2907 5651 3110 5728 utentes
3140 5652 3403 5728 hominis,
3426 5651 3517 5710 vel
3547 5652 3861 5711 hominum.

625 5721 676 5807 ej
708 5721 914 5807 Iidem,
944 5721 1143 5807 σεμνὸν
1170 5721 1260 5787 καὶ
1292 5721 1769 5807 ἄμορφόνῖοιιιιοι·
1797 5731 2046 5792 videtur.
2355 5732 2420 5807 (ι)
2447 5726 2592 5784 Aud.
2625 5732 2678 5780 et
2709 5723 2863 5798 Lyr.,
2894 5721 3235 5794 gloriantur.

708 5728 914 5808 Iidem,
944 5728 1139 5807 σεμνὸν
1170 5728 1260 5787 καὶ
1292 5728 1539 5810 ἄμορφον
1558 5728 1596 5804 ξ’
1609 5747 1769 5790 error
1797 5731 2046 5792 videtur.
