4210 6160
348 269 464 330 181

1613 270 2136 335 DIALOGORUM
2181 277 2416 337 LIBER
2462 278 2510 337 1.

3653 282 3768 342 182

421 401 600 456 Pera.
627 398 698 454 Ut
733 413 1008 470 agnosco,
1049 399 1136 454 vir
1172 399 1284 455 iste
1318 415 1570 473 magnus
1607 401 1745 458 foris
1786 404 1898 462 fuit
1937 406 1995 464 in

2186 410 2390 470 HETP.
2410 410 2500 471 Ὠς
2519 410 2704 483 οἶμαι,
2725 410 2752 464 ὁ
2773 411 2868 480 ἂινῆ
2878 431 2906 484 ρ
2930 410 3088 474 οὗτος
3110 411 3274 490 μέγας
3292 415 3386 486 μὶν
3405 413 3624 488 γέγονεν
3643 411 3772 484 ἔξω·

347 488 678 556 miraculis,
704 489 798 544 sed
827 488 1010 558 major
1038 487 1200 542 intus
1221 487 1280 543 in
1306 487 1628 546 humilitate
1649 493 1860 551 cordis.

1017 577 1250 634 CAPUT
1287 578 1360 634 Vl

425 672 510 740 ta)
542 674 619 725 De
648 668 975 724 Marcellino
1007 669 1373 728 Anconitanaz
1399 672 1644 728 civitatis
1665 675 1930 741 episcopo.

424 762 778 815 (ἱειεοοιιιυε.
823 759 1094 829 Ejusdem
1127 776 1350 830 quoque
1374 764 1748 818 Anconitanas
1771 764 2008 820 antistes

349 849 630 904 Ecclesiae
651 850 737 903 vir
759 849 884 902 vitae
922 849 1271 905 venerabilis
1315 851 1685 908 Marcellinus
1709 854 1816 908 fuit
1837 855 2006 923 (Mar-

347 940 548 1011 tyrol.,
569 939 793 1008 9.Ian.),
815 938 892 1009 (ὁ)
915 939 1086 1009 cujus
1106 955 1371 1010 gressum
1404 941 1601 998 dolore
1625 943 1801 999 nimio
1827 946 2004 1016 poda-

345 1045 449 1100 gra
470 1033 1111 1100 contraxerat,eumque
1133 1029 1444 1086 familiares
1465 1032 1555 1086 sui
1572 1032 1750 1087 sicubi
1774 1049 2007 1090 necesse

342 1125 468 1173 erat
491 1119 555 1172 iu
579 1117 849 1172 manibus
883 1117 1158 1174 ferebant.
1182 1118 1437 1182 Quadam
1479 1136 1607 1176 vero
1639 1121 1732 1177 die
1769 1137 1864 1192 per
1885 1122 2002 1177 cul-

338 1223 472 1278 pam
495 1206 741 1262 incuriae
761 1207 958 1262 eadem
979 1207 1178 1264 civitas
1190 1208 1547 1264 Anconitana
1563 1213 1603 1264 l
1620 1212 1657 1265 7
1673 1212 1711 1265 1
1730 1228 2007 1268 succensa

339 1300 454 1351 est.
481 1297 750 1367 Cumque
777 1295 1147 1352 vehementer
1172 1302 1415 1362 arderet,
1437 1311 1848 1356 concurrerunt
1871 1318 2004 1357 om-

335 1403 444 1441 nes
468 1396 534 1440 ut
557 1386 750 1455 ignem
773 1387 1348 1457 exstinguerent.Sed
1375 1389 1489 1444 illis
1512 1408 1719 1460 aquam
1744 1392 2003 1448 certatim

338 1477 818 1549 projicientibus,
852 1479 932 1534 ita
973 1480 1271 1536 crescebat
1293 1480 1549 1548 ﬂamma,
1575 1491 1636 1537 ut
1667 1483 1789 1554 j'tm
1827 1484 2007 1539 totius

345 1566 516 1621 urbis
537 1567 838 1622 interitum
882 1569 1093 1624 minari
1121 1569 1434 1625 videretur.
1473 1571 1732 1643 Cumque
1771 1574 2005 1643 propin-

348 1655 559 1725 quiora
580 1655 691 1710 sibi
714 1673 959 1728 quasque
974 1657 1099 1714 loca
1115 1658 1268 1729 ignis
1285 1660 1834 1734 invaderel,jamquc
1849 1663 2007 1718 urbis

347 1751 578 1814 partem
641 1763 756 1800 non
800 1747 1084 1802 modicam
1126 1749 1572 1814 consumitisset,
1621 1759 1676 1806 et
1723 1753 2006 1807 obsistere

351 1832 559 1888 nullus
577 1833 1100 1899 valeret,deductus
1125 1837 1183 1893 in
1213 1838 1476 1894 manibus
1497 1840 1654 1894 venit
1675 1840 2003 1912 episcopus,

345 1927 411 1979 et
435 1932 594 1978 tanta
617 1924 854 1994 periculi
874 1927 1220 1982 necessitate
1240 1928 1598 1998 compulsus,
1623 1930 2006 1986 familiaribus

340 2012 474 2066 suis
496 2028 558 2066 se
579 2014 944 2083 portantibus
961 2015 1475 2085 praecepit,dicens:
1496 2017 1568 2089 (ι’)
1586 2020 1791 2074 Contra
1810 2020 2004 2091 ignem

343 2118 441 2156 me
466 2101 686 2172 ponite.
711 2103 870 2167 Quod
899 2104 979 2158 ita
1004 2106 1214 2159 factum
1247 2111 1358 2173 est,
1388 2112 1559 2178 atque
1590 2107 1645 2161 in
1671 2124 1737 2164 eo
1760 2107 1886 2164 loco
1917 2114 2007 2166 est

336 2192 590 2261 positus,
613 2193 712 2246 ubi
758 2200 872 2247 tota
899 2195 980 2248 vis
1005 2194 1248 2250 ﬂamma:
1286 2196 1594 2252 videbatur
1642 2197 2003 2256 incumbere.

341 2282 743 2351 Cmpitautem
776 2282 922 2338 miro
966 2285 1134 2338 modo
1172 2284 1231 2340 iu
1263 2287 1644 2355 semetipsum
1669 2287 2004 2346 incendium

346 2371 703 2440 retorqueri,
727 2387 792 2427 ac
831 2371 881 2425 si
923 2372 1230 2429 reﬂexione
1268 2377 1354 2428 sui
1392 2375 1641 2446 impetus
1663 2378 2009 2434 exclamaret

342 2475 410 2514 se
431 2458 777 2532 episcopum
807 2463 1054 2517 transire
1097 2480 1208 2518 non
1244 2480 1428 2535 posse.
1455 2465 1666 2536 Sicque
1691 2468 1898 2524 factum
1923 2477 2008 2525 est

343 2560 404 2604 ut
432 2555 674 2605 ﬂamma
696 2550 953 2607 incendii
993 2551 1092 2608 illo
1116 2554 1364 2612 tern‘ino
1387 2557 1696 2625 reirenata,
1720 2559 1779 2613 in
1801 2565 2008 2615 semet-

347 2638 480 2709 ipsa
504 2640 922 2710 refrigesceret,
950 2646 1008 2698 et
1036 2644 1369 2715 contingere
1410 2645 1652 2704 ulterius
1693 2649 2008 2720 quidquam

343 2727 575 2782 ediﬁcii
602 2745 719 2783 non
750 2731 1002 2788 auderet.
1030 2733 1363 2803 Perpendis,
1389 2733 1573 2803 Petre,
1596 2736 1767 2807 cujus
1791 2738 2011 2792 sancti'

338 2817 482 2871 tatis
526 2817 702 2874 fuerit
755 2836 971 2889 egrum
1015 2821 1309 2879 hominem
1350 2824 1566 2895 sedere,
1607 2830 1666 2882 et
1722 2827 2011 2883 exorando

343 2903 622 2963 flammas
647 2923 912 2980 premere
937 2910 966 2964 ‘l

417 3269 598 3326 Pun.
627 3271 696 3326 Et
719 3273 1011 3344 perpendo
1033 3279 1090 3330 et
1110 3276 1477 3349 obstupesco.

985 3364 1235 3423 CAPUT.
1278 3365 1378 3423 VII

338 3486 416 3542 De
437 3485 708 3542 Nanneso
718 3491 1011 3560 praeposito
1027 3491 1358 3548 monasterii
1374 3495 1432 3549 in
1456 3494 1730 3567 monte(d)
1747 3496 2007 3553 Soractis.

422 3630 780 3688 Gaecontus.
819 3632 890 3689 de
915 3634 1100 3691 vicino
1123 3652 1280 3693 nunc
1305 3637 1428 3694 loco
1446 3639 1546 3695 tibi
1573 3639 1785 3711 aliquid
1813 3659 2009 3699 narra-

343 3721 450 3786 bo,
467 3720 623 3790 quod
647 3725 706 3775 et
727 3720 832 3775 viri
856 3724 1202 3781 venerabilis
1224 3728 1294 3797 (c)
1319 3726 1654 3784 Maximiani
1671 3730 2012 3804 episcopi,et

344 3809 691 3878 Laurionis,
710 3827 877 3880 quem
905 3813 1054 3868 nosti
1077 3816 1328 3870 veterani
1352 3819 1746 3890 monachi,qui
1773 3827 2010 3893 uterque

345 3914 711 3970 nuncusque
731 3906 1014 3970 superest,
1045 3904 1323 3960 relatione
1345 3908 1582 3974 cognovi
1612 3926 1627 3977 ;
1661 3911 1754 3980 qui
1791 3911 2011 3968 scilicet

343 3988 567 4043 Lnnrio
602 3989 659 4042 in
687 3989 784 4046 illo
807 3995 1159 4050 monasterio
1182 3997 1334 4066 quod
1361 3998 1527 4068 juxta
1548 3998 1890 4070 Nepesinam
1917 4019 2008 4056 ur-

347 4078 482 4134 bem
507 4080 589 4149 (Γ)
613 4080 1015 4152 Suppentonia
1035 4091 1290 4153 vocatur,
1321 4087 1390 4143 ab
1413 4090 1710 4146 Anastasio
1732 4092 1854 4146 viro
1876 4085 2032 4149 san-—

346 4168 623 4222 ctissime
648 4171 905 4226 nutritus
923 4176 1031 4227 est.
1066 4175 1171 4240 Qui
1197 4175 1472 4233 nimirum
1497 4181 1860 4251 Anastasius,
1885 4183 2008 4238 vita;

345 4257 708 4314 venerabilis
742 4261 862 4315 viro
893 4261 970 4331 (g)
1001 4263 1275 4320 Nonnoso
1304 4269 1614 4339 prmpoeito
1652 4272 2006 4339 monasterii,

349 4347 510 4416 quod
546 4348 604 4402 in
628 4347 883 4406 Soractis
925 4358 1121 4409 monte
1160 4355 1332 4410 situm
1358 4361 1466 4426 est,
1494 4363 1550 4414 et
1581 4359 2010 4430 propinquitate

351 4434 464 4489 loci
487 4441 546 4490 et
571 4451 800 4492 morum
828 4441 1244 4510 magnitudine,
1266 4451 1323 4499 et
1343 4445 1617 4502 virtutum
1638 4449 1848 4506 studiis
1870 4451 2010 4506 ιιεεὶ-
2042 4477 2088 4542 D

351 4524 467 4578 due
487 4526 848 4597 jungebatur
868 4529 1203 4602 (illarlyrol.,
1234 4535 1270 4588 2
1299 4535 1486 4606 Sept.).
1515 4537 1668 4593 Idem
1695 4555 1820 4594 vero
1850 4538 2010 4595 Non-

351 4629 540 4670 nosns
564 4615 673 4670 sub
695 4619 1020 4688 asperrimo
1050 4623 1140 4676 sui
1173 4625 1514 4681 monasterii
1537 4627 1780 4701 degebat
1802 4632 1970 4685 Patre
1993 4645 2008 4685 :

431 4739 509 4821 (ο)
545 4738 860 4823 Τίιυὶιιερο
904 4743 1128 4823 Gemet.
1153 4755 1236 4803 est
1260 4765 1284 4823 :7
1331 4750 1610 4820 Quomodo
1665 4751 2016 4810 Marcellinus

356 4815 640 4892 episcopus
669 4815 878 4880 positus
930 4821 1007 4871 est
1036 4829 1226 4892 contra
1266 4815 1468 4890 ignem,
1502 4831 1554 4878 et
1584 4827 1888 4880 exstinctus
1916 4833 2012 4881 est.

358 4881 588 4959 Ubian
606 4894 951 4954 argumenta
973 4881 1530 4959 prolixiora'exhibet
1552 4894 1642 4951 hic
1664 4896 1873 4951 Codex.

431 4953 510 5022 (ὁ)
533 4952 949 5029 Gemet.,cujus
967 4952 1217 5029 bressum
1241 4965 1448 5020 nimius
1470 4965 1624 5022 dolor
1641 4974 2015 5026 contraxerat.

433 5037 498 5098 ις)
525 5028 646 5081 Hoc
668 5028 995 5098 exemplum
1023 5037 1198 5090 relert
1211 5037 1574 5095 Vener.Beda
1596 5041 1653 5095 in
1677 5037 1809 5095 Vita
1831 5039 2019 5096 sancti

363 5096 688 5164 Cuthberti,
713 5115 765 5153 c.
796 5096 880 5154 14.

432 5168 514 5236 (d)
529 5169 798 5248 Monshic
816 5173 998 5232 Poetis
1011 5177 1147 5235 olim
1173 5179 1810 5248 decantatusNirgilius
1831 5199 2024 5240 recen-

367 5253 501 5324 sens
530 5245 774 5324 populos
798 5248 892 5324 qui
915 5257 1104 5307 contra
1131 5251 1364 5308 «Eccam
1397 5253 1451 5307 in
1487 5245 1742 5324 praalium
1785 5257 2020 5312 descen-

368 5314 600 5378 derunt,
620 5316 692 5368 de
717 5314 893 5386 hujus
917 5327 1125 5383 montis
1143 5325 1366 5381 accolis
1387 5314 1568 5393 canit,
1592 5327 1814 5383 Aineid.
1839 5330 1877 5384 l.
1902 5344 2018 5384 vn:

623 5420 685 5470 Hi
716 5420 943 5484 Soractis
967 5437 1180 5492 habent
1211 5444 1386 5483 arces.

377 5499 443 5554 Et
462 5499 752 5572 Horatius,
791 5506 862 5566 l.i
884 5515 1083 5598 Cum,"
1111 5519 1236 5580 ode
1257 5515 1295 5570 9
1328 5526 1344 5568 :

622 5602 851 5731 £1313
874 5622 961 5695 ιιι,
992 5631 1116 5689 ,εει
1149 5617 1293 5675 nive
1330 5612 1618 5666 candidum

2117 499 2200 551 θεν
2234 496 2285 552 ἐν
2315 496 2572 570 θαύμασι,
2611 496 2808 571 μείζων
2844 495 2901 553 δέ
2944 496 3155 564 ἔνδοθεν
3188 501 3242 555 ἐν
3273 501 3766 579 ταπεινοφροσύνῃ.

2760 589 3119 653 ΚΕΦΑΛ.ξ.

2188 678 2318 748 Περὶ
2350 673 2729 746 Μαρκελλίνου
2764 675 3065 732 ἐπισκόπου
3109 682 3208 744 τῆς
3254 680 3426 749 αὐτῆς
3456 680 3693 742 πόλεως.

2188 768 2689 825 ΓΡΠΓΟΡΙΟΣ.Ἐν
2701 772 2770 841 τῇ
2789 766 2924 842 αὐτῇ
2940 767 3119 823 τοίνυν
3132 777 3230 838 τῆς
3246 771 3536 847 Ἀγκώνων
3551 771 3767 835 πόλεως

2115 853 2380 926 ἐκκλησίᾳ
2395 854 2686 917 ἐπίσκοπος
2707 855 2922 929 γέγονεν
2944 857 3079 930 ἀνὴρ
3098 857 3234 912 πάνυ
3255 861 3323 931 τῇ
3344 857 3591 929 πολιτείᾳ
3607 855 3768 913 εὐλα-

2116 936 2391 1008 ϐέστατος,
2418 940 2796 1015 Μαρκελλῖνος
2817 940 3079 1017 τοῦνομα,
3100 947 3310 1006 οὗτινος
3331 947 3432 1014 τήν
3449 950 3556 1000 τῶν
3581 944 3766 1002 ποδῶν

2120 1030 2272 1103 βάσιν
2307 1033 2340 1099 ἡ
2373 1037 2472 1100 τῆς
2494 1029 2797 1106 ποδαλγίας
2826 1034 2982 1096 νόσος
3011 1035 3351 1103 συνέσπασεν,
3377 1032 3516 1091 ὥστε
3534 1042 3766 1106 κινηθῆ-

2114 1141 2199 1174 ναι
2232 1119 2392 1175 αὐτὸν
2423 1122 2497 1193 μή
2522 1117 2796 1185 δόνασθαυ
2823 1120 2952 1177 ἀλλ’
2971 1123 3114 1178 ὃπου
3141 1124 3300 1200 χρεία
3321 1124 3388 1193 ἦν
3407 1125 3568 1180 αὑτὸν
3593 1122 3766 1180 ἀπελ-

2115 1209 2243 1274 θεῖν,
2273 1207 2324 1261 ἐν
2343 1212 2461 1268 ταῖς
2484 1208 2672 1285 χερσὶν
2692 1213 2798 1264 τῶν
2825 1208 3042 1264 οῗκείων
3065 1211 3232 1265 αὑτοῦ
3256 1211 3546 1287 ὑπουργῶν
3568 1215 3761 1267 τοῦτον

2118 1294 2494 1370 βαστάζεσθαι.
2524 1298 2596 1352 Εὖ
2620 1299 2698 1370 (Ιι)
2726 1303 2823 1369 μιᾷ
2853 1294 2910 1352 δέ
2933 1300 3116 1373 ἡμέρᾳ
3138 1296 3228 1354 διὰ
3253 1300 3592 1372 πταίσματός
3613 1320 3765 1365 τινος

2116 1385 2374 1457 ἀμέλειαν
2397 1388 2431 1455 ἡ
2457 1384 2592 1455 αὗτή
2615 1387 2778 1448 πόλις
2800 1393 2837 1443 Ι
2855 1389 2950 1444 78
2975 1389 3188 1463 Ἀγκὼν
3213 1387 3556 1464 ἐνεπυρίσθη.
3577 1393 3682 1444 Τοῦ
3706 1387 3764 1444 δὲ

2114 1475 2282 1546 πυρὸς
2315 1471 2564 1552 σφοδρῶς
2592 1476 2690 1545 τῆν
2723 1475 2886 1532 πόλιν
2933 1478 3398 1550 κατανεμομένου,
3430 1477 3765 1552 συνέδραμον

2115 1566 2364 1636 ἅπαντες,
2399 1563 2563 1626 ε’ῗπως
2595 1561 2918 1621 κατασϐέσαι
2963 1567 3091 1622 αὐτὸ
3136 1565 3434 1638 δυνηθῶσι.
3476 1569 3618 1643 Πρὸς
3647 1568 3676 1623 ὅ
3707 1567 3767 1623 δὶ

2114 1659 2194 1726 τῷ
2223 1658 2349 1729 πυρί
2385 1651 2530 1728 ὕδωρ
2564 1653 2842 1730 ἐπέχυνον,
2867 1655 3200 1730 πλειοτέρως
3223 1660 3258 1726 ἡ
3284 1656 3420 1734 φλὸξ
3458 1657 3765 1732 ὑπερηόξα-

2038 1787 2082 1852 Β
2112 1764 2222 1804 νεν.
2238 1744 2377 1799 ὥστε
2399 1742 2595 1799 λοιπὸν
2621 1743 2864 1814 παντελῆ
2885 1744 3160 1802 ἀπώλειαν
3179 1751 3247 1821 τῇ
3272 1746 3408 1822 αὐτῇ
3430 1747 3593 1803 πόλει
3615 1748 3768 1803 ἄπει-

2116 1832 2135 1852 ‘
2197 1844 2218 1852 Α
2235 1839 2259 1850 υ
2389 1833 2447 1852 ,τι
2500 1831 2525 1852 εν
2631 1830 2673 1852 δι
2703 1831 2727 1852 ᾗ
2845 1835 2858 1852 Ι
3059 1836 3070 1852 1
3261 1837 3274 1852 \
3343 1841 3366 1852 ν
3529 1835 3539 1852 Ι
3659 1839 3678 1852 ι

2116 1832 2184 1902 λη
2195 1839 2372 1902 θῆναι.
2389 1833 2476 1888 Ἑν
2495 1831 2607 1904 ὅσῳ
2627 1830 2684 1889 δι
2701 1831 2996 1913 διαφόρους
3010 1836 3283 1898 τόπουςτὸ
3297 1841 3405 1909 πῦρ
3419 1835 3763 1914 κατέφλεξεν,

2113 1921 2289 1976 καὶού
2317 1922 2510 1996 μικρὸν
2542 1922 2705 1996 μέρος
2735 1923 2932 1979 λοιπὸν
2956 1932 3058 1994 τῆς
3088 1926 3305 1986 πόλεως
3336 1927 3768 1999 κατενεμήσατο,

2119 2008 2351 2085 μηδενὸς
2384 2012 2687 2080 ὑποστῆναι
2723 2009 3044 2087 δυναμένου,
3077 2015 3106 2068 ὁ
3137 2012 3434 2078 ἐπίσκοπος
3468 2014 3627 2094 χερσί
3659 2017 3766 2090 βαο

2116 2100 2445 2174 σταζόμενος
2467 2096 2755 2169 κατέλαϐε,
2779 2103 2869 2156 καὶ
2890 2106 2958 2175 τῇ
2983 2100 3146 2178 ὀδύνῃ
3171 2107 3270 2169 τῆς
3291 2109 3390 2158 τοῦ
3412 2107 3581 2178 πυρὸς
3603 2104 3770 2180 ἀνάγ-

2115 2211 2183 2262 κη
2201 2219 2215 2254 ,
2234 2191 2574 2266 νυττόμενος,
2593 2197 2710 2255 τοῖς
2732 2191 2888 2248 αὐτὸν
2913 2193 3265 2266 βαστάζουσιν
3288 2192 3761 2268 ἐκέλευσε,λέγων·

2117 2282 2402 2336 Κατέναντι
2427 2285 2523 2336 τοῦ
2545 2283 2714 2356 πυρὸς
2737 2280 2832 2355 ἐμὶ
2858 2283 3080 2350 θὴσατε,
3103 2282 3235 2356 ὅπερ
3266 2281 3461 2338 λοιπὸν
3488 2283 3578 2337 καὶ
3600 2283 3764 2360 γέγο-

2113 2392 2201 2426 νεν
2223 2371 2312 2424 καὶ
2335 2370 2386 2426 ἐν
2413 2369 2600 2442 ἐκείνῳ
2621 2375 2698 2442 τῷ
2719 2369 2873 2442 τόπῳ
2887 2368 3066 2441 ἐτέθη,
3082 2371 3134 2425 ἐν
3149 2370 3195 2442 ᾧ
3217 2376 3360 2426 πᾶσα
3380 2373 3414 2441 ἡ
3438 2375 3537 2436 τῆς
3558 2369 3761 2450 φλογὸς

2117 2457 2343 2532 δύναμις
2374 2454 2734 2528 ἐπιϐληοεῖσα
2781 2457 3047 2537 ἇφαίνετο.
3075 2461 3314 2535 Ἠρξατο
3364 2457 3422 2515 δὲ
3468 2461 3763 2533 θαυμαστῷ

2113 2551 2304 2625 τρόπῳ
2327 2549 2390 2603 τὸ
2416 2553 2524 2624 πῦρ
2544 2549 2680 2623 πρὸς
2703 2549 2862 2604 ἑαυτὸ
2889 2547 3266 2628 ὑποστρέφειν,
3301 2549 3440 2604 ὥστε
3462 2554 3647 2626 φωνῆς
3679 2545 3768 2602 δί-

2117 2660 2217 2709 κην
2241 2639 2558 2712 κεκραγέναι
2587 2641 2656 2711 τῇ
2680 2644 2781 2707 τῆς
2807 2637 3164 2712 ὑποστροφῆς
3186 2637 3352 2692 αὑτοῦ
3373 2634 3672 2707 δυναστείᾳ,
3683 2635 3761 2709 μή

2121 2726 2372 2783 δύνασθαι
2392 2729 2484 2782 τὸν
2509 2727 2802 2783 ἐπίσκοπον
2821 2726 3134 2802 παρελθεῖν.
3153 2726 3311 2785 Οὕτω
3321 2728 3501 2782 τοίνυν
3519 2726 3767 2803 γέγονεν,

2120 2815 2260 2873 ὥστε
2277 2819 2376 2888 τήν
2401 2821 2498 2872 τοῦ
2520 2817 2869 2891 ἐμπυρισμοῦ
2898 2815 3080 2894 φλόγα
3113 2815 3687 2892 χαλιναγωγηθεῖσὰν,
3710 2814 3764 2871 ἐν

2119 2907 2266 2980 αὑτῷ
2313 2911 2392 2979 τῷ
2440 2906 2704 2981 ὁροθεσίῳ
2731 2905 2946 2982 ψυχράν
2988 2907 3276 2978 θεῖναι,καὶ
3305 2912 3401 2962 τοῦ
3434 2905 3635 2962 λοιποῦ
3687 2906 3765 2978 μὴ

2122 2995 2353 3072 ἅψασθαί
2394 3015 2542 3056 τινος
2567 3001 2675 3051 τῶν
2703 2996 3032 3069 κτισμάτων.
3065 2999 3383 3066 Κατανοεῖς,
3415 2993 3770 3072 Πετρέ,ποίας

2121 3085 2429 3160 ἁγιωσύνης
2459 3085 2704 3159 ὑπῆρχεν
2739 3082 2895 3147 οὗτος
2922 3085 2950 3139 ὁ
2980 3084 3284 3157 ἅνθρωπος,
3309 3085 3393 3140 ὅτι
3415 3085 3644 3154 ἀσθενὴς
3665 3081 3768 3156 ὢν,

2035 3150 2078 3217 C
2116 3150 2207 3230 καὶ
2236 3150 2720 3245 καθεξόμενος,“δι’
2751 3173 2924 3248 εὐχῆς
2951 3173 3050 3241 τήν
3079 3150 3279 3251 φλόγα.
3295 3150 3623 3229 κατέπαυσεν
3650 3195 3667 3244 ς

2193 3265 2396 3320 ΠΕΤΡ.
2429 3265 2712 3332 Κατανοῶ,
2741 3262 2830 3316 καὶ
2862 3260 2982 3316 λίαν
3016 3260 3419 3336 ὲκπλήττομαι.

2756 3354 3019 3410 ΚΕΦΑΛ.
3060 3354 3133 3411 Z‘.

2119 3443 2254 3519 Περὶ
2285 3443 2580 3502 Νοννώσου
2611 3441 2952 3516 σευτεραρίου
2997 3444 3167 3515 μονῆς
3207 3449 3308 3512 τῆς
3351 3441 3429 3505 εἰς
3457 3440 3520 3496 τὸ
3551 3447 3767 3521 Σεραφ-

2795 3533 2893 3601 θῆν
2935 3525 3085 3606 ὄρος.

2191 3625 2602 3681 ΓΡΗΓΟΡΙΟΣ.
2625 3620 2753 3694 Περὶ
2767 3617 3168 3690 πλησιάζοντος
3180 3621 3352 3676 τόπου
3364 3625 3457 3676 νῦν
3471 3619 3554 3676 σοί
3567 3641 3619 3674 τι
3641 3617 3766 3690 διηο

2119 3715 2190 3788 γη
2200 3734 2260 3768 σο
2270 3711 2527 3786 μαι,ὅπερ
2540 3707 2906 3785 παρὰἂνδρῶν
2922 3705 3167 3766 εὐλαϐῶν
3182 3709 3576 3787 ἂφηγουμένων
3592 3708 3773 3782 μεμά-

2120 3802 2626 3873 θηκα,Μαξιμιανοῦ
2649 3798 2795 3873 λέγω
2815 3795 2881 3868 δὴ
2907 3803 3004 3854 τοῦ
3024 3797 3321 3854 ἐπισκόπου
3347 3797 3437 3852 καὶ
3461 3797 3760 3871 Λαυρίονος

2119 3893 2372 3969 γέροντος
2396 3908 2494 3961 μον
2505 3891 2666 3962 αχοῦ,
2691 3887 2850 3962 ὅνπερ
2872 3887 2961 3942 καὶ
2985 3887 3047 3942 σὺ
3063 3886 3462 3964 ἔγνως,ο’ἰτινες
3483 3887 3573 3941 καὶ
3595 3884 3769 3964 μέχρι

2117 3985 2215 4037 τοῦ
2234 3983 2322 4033 νῦν
2357 3977 2637 4052 περίεισιν.
2669 3978 2766 4038 Ὃς
2804 3997 2889 4039 τις
2921 3977 3167 4050 Λαυρῖων
3207 3975 3258 4031 ἐν
3299 3981 3378 4048 τῷ
3413 3975 3766 4050 μοναστηρίῳ

2116 4073 2196 4141 τῷ
2224 4065 2549 4139 διακειμένῳ
2576 4066 2815 4135 πλησίον
2846 4067 2944 4133 τῆς
2973 4067 3037 4139 (ἱ)
3070 4066 3328 4128 Νεπεσίας
3355 4063 3596 4134 πόλεως,
3631 4062 3768 4138 ὅπερ

2119 4156 2358 4231 Ὑπόκρη
2371 4176 2499 4229 μνον
2523 4152 2793 4223 καλεῖται,
2807 4154 3312 4229 παρὰἈναστασίου
3329 4151 3515 4226 ἀνδρὸς
3534 4153 3771 4228 ἁγιωτά-

2117 4268 2214 4304 του
2235 4244 2521 4324 ἀνετράφη.
2545 4244 2603 4298 ’0
2634 4241 2724 4297 οὖν
2751 4241 2912 4306 αὐτὸς
2943 4245 3318 4312 Ἀναστάσιος,
3351 4241 3471 4298 λίαν
3498 4242 3764 4316 ὑπάρχων

2120 4340 2189 4410 τῇ
2219 4333 2474 4405 πολιτείᾳ
2515 4327 2828 4406 σεϐάσμιος,
2861 4332 2998 4387 πάνυ
3028 4336 3352 4410 προσέκειτο
3382 4332 3654 4403 Νοννώσῳ
3684 4334 3766 4403 τῷ

2121 4424 2450 4502 δευτεραρίῳ
2479 4430 2580 4494 τῆς
2612 4429 2786 4497 μονῆς
2805 4430 2906 4493 τῆς
2930 4423 2981 4479 ἐν
2999 4429 3079 4497 τῷ
3103 4426 3383 4504 Σεραφθήν
3413 4419 3528 4498 ὄρει
3559 4419 3770 4475 διακει-

2124 4518 2310 4591 μένης,
2340 4512 2429 4567 καὶ
2466 4509 2558 4567 διά
2585 4514 2686 4581 τῆν
2715 4516 2813 4566 τοῦ
2842 4513 3016 4567 τόπου
3047 4511 3418 4583 πλησιότητα,
3441 4511 3528 4565 καὶ
3561 4506 3650 4564 δια
3669 4509 3769 4576 τῆν

2118 4610 2224 4662 τῶν
2255 4605 2406 4675 ἠθῶν
2442 4601 2702 4678 μεγίστην
2732 4601 3094 4674 κοσμιότητα.
3118 4603 3179 4658 Ὀ
3210 4598 3268 4656 δὲ
3297 4600 3457 4662 αὑτὸς
3482 4600 3772 4661 Νοννῶσος

2124 4733 2288 4788 Nunc
2312 4726 2827 4808 sanctihSylvestri,
2847 4726 2944 4797 qui
2978 4726 3034 4782 in
3052 4743 3125 4808 eo
3155 4726 3411 4808 latitasse
3433 4725 3636 4788 fertur,
3651 4739 3766 4808 no:

2127 4805 2283 4860 mine
2311 4797 2625 4872 insignitur
2677 4797 2770 4872 hic
2818 4815 3008 4854 mons.
3052 4798 3268 4854 Nomen
3318 4797 3764 4872 tamentsancti

2127 4873 2382 4946 Gregorii
2412 4867 2529 4927 sivo
2561 4871 2820 4946 nondum
2857 4876 3175 4946 mutaverat
3196 4887 3217 4946 :_
3245 4873 3395 4942 quod
3430 4867 3597 4946 facile
3626 4884 3765 4946 pro:

2129 4938 2395 5003 battunc
2427 4944 2686 5013 nondum
2718 4941 3160 4997 disseminatam
3187 4938 3467 4998 de'eancti
3496 4938 3769 5013 Sylvestri

2133 5016 2390 5080 latebris,
2441 5014 2512 5070 de
2561 5011 2836 5068 meditato
2885 5014 2954 5068 ad
3005 5015 3365 5070 Constantini
3409 5011 3770 5069 curationem

2131 5086 2516 5152 infanticidio,
2591 5085 2976 5158 ejusdemque
3051 5086 3417 5158 imperatoris
3483 5084 3774 5156 baptismo

2133 5163 2327 5219 Roma:
2359 5158 2669 5224 celebrato,
2705 5157 3029 5213 historiam.

2203 5236 2272 5303 (ε)
2304 5228 2670 5302 Syracusani,
2704 5227 2774 5284 de
2803 5245 2917 5300 quo
2949 5247 3100 5296 saepe
3131 5229 3187 5284 in
3238 5229 3523 5303 epistolis.

2203 5296 2273 5374 0)
2311 5296 2458 5369 Vide,
2487 5318 2604 5374 cap.
2655 5317 2795 5372 δρψ,
2821 5296 3022 5358 ἠοειιηι
3065 5320 3098 5358 a
3134 5306 3187 5359 ct
3217 5303 3251 5359 b
3276 5296 3402 5374 (col.
3439 5303 3562 5372 185,
3592 5306 3707 5354 not.
3740 5296 3779 5352 b

2218 5393 2291 5432 ε).

2133 5383 2190 5434 et
2205 5377 2291 5530 (2)).
2309 5444 2563 5530 βορροεί
2587 5445 2860 5530 meminit
2880 5454 3116 5530 sanctus
3137 5447 3472 5530 Gregorius,
3493 5448 3601 5510 lib.
3619 5438 3789 5499 olim.

2136 5516 2355 5592 mind.
2391 5519 2480 5586 11,
2511 5516 2680 5592 θρξεξΣ
2711 5519 2802 5592 50,
2826 5535 2974 5592 eunc
3005 5521 3043 5575 Ι.
3077 5537 3162 5586 ιιι,
3193 5516 3362 5592 epist.
3394 5516 3496 5586 51.

2207 5583 2474 5664 (h)i_1eg.,
2508 5583 2607 5664 μιᾷ
2637 5583 2828 5664 stum
2849 5591 2894 5664 Al;
2905 5594 3104 5662 μερῶν.

2209 5655 2281 5735 (ι’)’
2310 5655 2477 5735 Re§.,
2507 5655 2798 5733 Νεμεσίάς,
2839 5655 3022 5733 0515.,
3055 5655 3375 5721 Νεσπεσίας.
