4210 6160
395 310 511 372 183

1615 305 1899 370 SANCTI
1945 304 2313 370 GREGORII
2359 308 2601 370 MAGNI

3699 306 3818 365 184

397 444 500 498 ὑπὸ
533 443 912 522 σκληρότατον
942 444 1146 521 πατέρα
1177 445 1268 499 τὸν
1297 448 1396 511 τῆς
1429 447 1602 514 μονῆς
1631 438 1796 494 αὓτοῦ
1837 437 2046 514 διῆγεν·

2178 443 2268 498 sed
2289 443 2419 514 ejus
2439 457 2631 500 mores
2653 441 2796 497 mira
2821 453 3049 510 semper
3065 437 3494 510 aequanimitate
3517 437 3818 495 tolerabat.

398 531 549 588 ἀλλὰ
572 536 672 605 τήν
698 535 1051 612 σκληρότητα
1069 537 1176 588 τῶν
1187 531 1382 588 τούτου
1396 532 1570 600 ἠθῶν,
1587 529 1904 602 θαυμασίως
1917 525 2054 583 πᾶν-

399 642 524 676 τοτε
544 627 612 697 τῇ
640 624 990 700 μακροθυμίᾳ
1006 621 1282 698 ὑπέφερεν.
1302 621 1400 676 Καὶ
1429 620 1576 674 οὕτω
1597 624 1716 680 τοῖς
1738 615 2059 694 ἆδελφοῖςέν

405 711 676 785 πρᾳότητι
702 713 1018 786 προίστατο,
1034 710 1171 766 ὥστε
1192 711 1283 764 τὸν
1302 713 1399 764 τοῦ
1423 710 1625 782 πατρὸς
1637 709 1829 780 θυμὸν,
1847 704 1935 762 διὰ
1957 712 2056 776 τῆς

405 801 594 854 ἑαυτοῦ
612 801 1109 874 ταπεινοφροσύνης
1129 798 1362 855 πάντοτε
1382 797 1734 872 κατεπράϋνε.
1752 797 1830 854 Τὸ
1847 794 1905 851 δὲ
1925 794 2056 850 αὐτὸ

409 890 772 961 μοναστήριον
805 888 857 944 ἐν
889 894 958 963 τῇ
995 887 1265 963 ἀκροτάτῃ
1289 892 1386 942 τοῦ
1410 883 1570 963 ὅρους
1601 889 1815 960 κορυφῇ
1848 883 2059 940 διακεί-

365 979 369 984 ’
405 996 565 1048 μενον
603 977 861 1056 ὑπάρχευ
895 979 1014 1032 ὃθεν
1043 977 1178 1052 πρὸς
1228 977 1292 1032 τὸ
1347 983 1576 1046 ποιῆσαι
1627 981 1749 1038 τοῖς
1796 971 2058 1052 ἀδελφοῖς

407 1065 602 1137 μικρὸν
625 1067 896 1140 κηπάριον
931 1063 1159 1140 οὐδεμία
1190 1065 1380 1136 ἰσότης
1413 1065 1464 1120 ἐν
1497 1069 1578 1137 τῷ
1607 1065 1761 1136 τόπῳ
1788 1063 2056 1140 ἐφαίνετο.

400 1153 489 1208 Ἐν
526 1150 583 1207 δὲ
622 1157 701 1226 τῷ
739 1159 835 1210 τοῦ
885 1154 1049 1231 ὅρους
1097 1153 1323 1231 πλαγίῳ
1353 1156 1433 1226 (α)
1467 1153 1647 1213 στενὸς
1678 1147 1845 1213 τόπος
1880 1152 2059 1224 ὑπῆρ-

404 1261 527 1316 χεν,
575 1242 633 1297 ’ὀν
666 1242 947 1318 ἐπεκράτει
979 1241 1138 1298 λίθου
1170 1242 1558 1317 παμμεγέθους
1584 1241 1936 1313 ἂπόκλασμα.
1968 1240 2060 1296 Ἐν

401 1335 500 1404 μιᾷ
528 1327 585 1386 δὲ
617 1333 800 1407 ἡμέρᾳ
831 1334 858 1387 ὁ
893 1328 1294 1393 εύλαϐέστατος
1327 1333 1466 1406 ἀνὴρ
1496 1333 1785 1393 Νοννῶσος
1811 1328 1862 1384 ἐν
1888 1331 2062 1400 ἑαυτῷ

404 1416 751 1495 διελογίζετο
783 1417 1094 1491 ἐπιτήδειον
1120 1419 1214 1476 τὸν
1245 1421 1410 1476 τόπον
1437 1420 1700 1496 ὑπάρχειν
1724 1420 1860 1493 πρὸς
1880 1420 2063 1488 κήπου

411 1529 657 1580 ποιησιν,
672 1508 758 1564 ἐὰν
774 1512 849 1582 μὴ
876 1510 903 1564 ὁ
926 1507 1080 1574 λίθος
1095 1510 1255 1564 αὐτὸν
1270 1509 1573 1585 ἐπεκράτει.
1587 1513 1792 1564 Τοῦτον
1817 1505 1875 1563 δὲ
1892 1527 2063 1578 ,μετα-

405 1593 624 1668 κινῆσαι
643 1600 981 1669 πεντήκοντα
1003 1600 1163 1674 ζεύγη
1191 1601 1334 1673 βοῶν
1355 1599 1456 1654 οὐκ
1482 1596 1772 1668 ἠδύναντο’
1793 1597 1911 1653 ὅθεν
1935 1596 2064 1653 λοι-

404 1687 505 1741 πὸν
527 1687 628 1742 οὐκ
649 1687 715 1756 ἦν
738 1686 894 1750 ἐλπὶς
911 1690 982 1760 (ὁ)
1001 1685 1069 1743 δι’
1092 1688 1438 1763 ἀνθρωπίνου
1460 1686 1705 1761 καμάτού
1727 1691 1887 1743 τοῦτο
1911 1684 2062 1760 γενέ-ο

410 1779 553 1834 σθαι.
576 1777 830 1850 Ἀρίστην
855 1775 912 1833 δὲ
937 1776 1146 1852 βουλὴν
1172 1777 1630 1852 βουλευσάμενος,
1647 1777 1735 1833 ἐπὶ
1755 1778 1855 1846 τὴν
1877 1776 2062 1846 θείκὴν

411 1865 734 1944 καταφεύγει
763 1869 1038 1941 βοήθειαν,
1065 1867 1155 1924 καὶ
1196 1867 1250 1923 ἐν
1281 1867 1472 1940 ἐκείνῳ
1500 1871 1580 1939 τῷ
1607 1868 1761 1940 τόπῳ
1791 1867 1866 1929 εἰς
1890 1865 2060 1940 εὐχὴν

408 1955 596 2010 ἑαυτὸν
621 1952 852 2011 δέδωκεν
876 1956 927 2011 ἐν
949 1961 1018 2031 τῇ
1040 1960 1325 2032 νυκτερινῇ
1343 1956 1572 2032 ἠσυχίᾳ.
1597 1957 1811 2030 Πρωίας
1834 1953 1892 2011 δὶ
1912 1976 2064 2029 γενο-

414 2043 585 2117 μένης
611 2043 664 2100 ἐν
699 2047 849 2118 αύτῷ
881 2051 962 2118 τῷ
998 2047 1154 2120 τόπῳ
1185 2050 1236 2102 οἱ
1267 2045 1495 2126 ἀδελφοὶ
1547 2047 1925 2122 παρεγένοντο,
1972 2045 2063 2100 καὶ

410 2130 528 2188 ἰδοὺ
546 2135 609 2188 τὸ
629 2134 966 2209 μέγεθοςτοῦ
984 2136 1237 2191 τοιούτου
1262 2134 1420 2200 λίθου
1445 2137 1602 2211 εὗρον
1623 2137 1696 2208 (c)
1721 2133 1987 2210 μακρόθεν
2011 2132 2060 2203 ἒξ

411 2223 618 2278 ἐκείνου
665 2227 767 2278 τοῦ
805 2226 982 2280 τόπου
1023 2228 1177 2282 179
1227 2227 1624 2299 ὑποχωρῆσαν,
1671 2224 1761 2278 καὶ
1800 2227 1869 2298 τῇ
1901 2221 2063 2278 αύτοῦ

413 2312 772 2388 ὑποχωρήσει
801 2311 1122 2388 πλατυσμὸν
1161 2315 1404 2390 γενέσθαι
1448 2315 1585 2389 πρὸς
1624 2315 1806 2385 κήπου
1840 2311 2060 2383 ποίησιν

411 2405 529 2462 τοῖς
559 2398 839 2478 ἀδελφοῖς.

483 2491 542 2545 Ἐ
591 2487 751 2562 ἂλλῳ
792 2491 972 2546 τοίνυν
1005 2496 1202 2567 καιρῷ,
1251 2490 1304 2547 ἐν
1353 2494 1465 2565 δσῳ
1496 2492 1524 2546 ὁ
1554 2491 1715 2554 αὐτὸς
1766 2486 2059 2563 σεϐάσμιος

418 2577 558 2652 ἀνὴρ
583 2575 860 2649 κανδήλας
891 2579 942 2636 ἐν
963 2586 1043 2654 τῷ
1065 2581 1335 2656 εύκτηρίῳ
1355 2577 1604 2652 ἕπλυνεν,
1630 2581 1728 2655 μία
1755 2579 1815 2637 ἐκ
1832 2585 1939 2637 τῶν
1961 2583 2062 2636 αύ-

415 2670 514 2721 τοῦ
545 2671 749 2741 χειρῶν
782 2667 859 2733 εἰς
888 2670 986 2738 τὴν
1038 2677 1143 2744 γῆν
1192 2674 1432 2725 πεσοῦσα
1470 2665 1780 2745 συνετρίϐη,
1814 2669 1952 2725 ὣστε
1981 2669 2058 2732 είς

419 2753 651 2811 πλεῖστα
683 2755 975 2830 κλάσματα
1003 2759 1248 2833 γενέσθαι
1278 2759 1467 2829 αὐτήν.
1501 2760 1615 2826 Τὴν
1645 2756 1703 2813 δὲ
1730 2763 1827 2814 τοῦ
1857 2760 2061 2832 πατρὸς

421 2841 792 2922 σφοδροτάτην
808 2848 980 2924 ὀργῆν
994 2843 1763 2926 φόϐουμενος,ἃπαντατᾶτῆς
1776 2846 1941 2918 κανδή
1952 2845 2058 2917 λης

420 2935 710 3010 κλάσματα
741 2939 1081 3016 συναγαγὼν,
1114 2940 1346 2996 ἐνώπιον
1373 2945 1472 2995 τοῦ
1501 2941 1885 3015 θυσιαστηρίου
1928 2937 2058 3010 ἔθη-

419 3046 532 3094 κεν,
555 3026 742 3082 έαυτὸν
777 3024 834 3082 δὲ
864 3027 940 3090 είς
962 3028 1130 3105 εὐχὴν
1152 3026 1371 3084 δέδωκε.
1393 3029 1795 3103 Ηληρώσαντος
1821 3027 1875 3083 δὲ
1894 3027 2058 3084 αὐτοῦ

416 3116 517 3184 τὴν
538 3114 835 3191 εὐχήν,καὶ
858 3116 1207 3187 ἂναστὰντος,
1228 3115 1356 3192 ὒγιῆ
1377 3120 1477 3188 τὴν
1500 3116 1776 3188 κανδήλαν
1801 3119 1972 3192 εὗρεν,
1991 3120 2055 3187 ἧς

2167 531 2378 602 Sicque
2401 531 2677 587 fratribus
2697 532 2934 601 praeerat
2955 527 3014 583 in
3039 527 3506 594 mansuetudine,
3533 526 3685 582 sicut
3698 543 3822 583 cre-

2169 619 2271 675 bro
2297 619 2485 676 Patris
2513 619 2875 676 iracundiam
2902 634 2968 674 ex
2990 615 3320 672 humilitate
3341 615 3823 688 mitigabat.0uia

2167 725 2301 765 vero
2326 710 2454 781 ejus
2478 708 2899 766 monasterium
2925 707 2986 763 in
3021 722 3246 762 summo
3270 705 3485 764 montis
3520 705 3822 762 cacumine

2171 799 2348 856 situm
2385 804 2492 868 est,
2517 799 2590 855 ad
2639 798 2960 872 quemlibet
2994 814 3235 869 parvum
3275 797 3505 852 hortum
3548 796 3822 852 fratribus

2176 889 2555 945 excolendum
2580 888 2734 945 nulla
2749 889 2978 960 patebat
3002 885 3270 959 planities
3288 903 3300 940 :
3317 902 3467 942 unus
3482 890 3675 942 autem
3700 885 3825 940 bre-

2170 978 2455 1034 vissimus
2480 977 2644 1035 locus
2665 980 2722 1033 in
2747 978 2922 1035 latere
2943 977 3156 1033 montis
3170 983 3515 1041 excreverat,
3531 991 3705 1047 quem
3729 976 3823 1030 in-

2171 1069 2357 1139 gentis
2396 1070 2521 1126 saxi
2567 1068 2909 1125 naturaliter
2946 1067 3248 1138 egredicns
3275 1065 3456 1121 moles
3478 1064 3820 1134 occupabat.

2169 1155 2422 1219 Quadam
2449 1157 2541 1212 die
2565 1157 2700 1212 dum
2725 1156 3036 1211 Nonnosus
3057 1153 3143 1208 vir
3160 1151 3502 1209 venerabilis
3524 1151 3822 1223 cogitaret,

2171 1244 2322 1314 quod
2349 1244 2552 1300 saltem
2574 1245 2644 1301 ad
2669 1245 3040 1300 condimenta
3063 1240 3285 1298 olerum
3317 1242 3628 1297 nutrienda
3661 1240 3826 1296 locus

2157 1333 2321 1402 idem
2339 1337 2510 1404 aptus
2532 1332 2811 1406 potuisset
2839 1333 3101 1398 existere,
3126 1332 3174 1386 si
3198 1331 3356 1386 hunc
3373 1331 3554 1386 moles
3593 1329 3714 1386 saxi
3753 1329 3826 1386 il-

2171 1419 2287 1477 lius
2309 1439 2424 1479 non
2449 1427 2690 1488 teneret,
2714 1422 2965 1479 occurrit
2989 1422 3206 1486 animo,
3235 1421 3388 1492 quod
3409 1421 3675 1475 eamdem
3699 1436 3827 1475 mo-

2171 1511 2286 1566 lem
2343 1511 2422 1584 (hl
2483 1513 2906 1583 quinquaginta
2964 1511 3141 1567 boum
3207 1511 3371 1581 paria
3427 1525 3654 1565 movere
3709 1525 3827 1565 non

2173 1608 2428 1671 possent.
2454 1601 2714 1672 Cumque
2745 1602 2816 1656 de
2845 1599 3104 1656 humano
3145 1599 3341 1655 labore
3363 1600 3513 1655 facta
3533 1605 3683 1655 esset
3703 1598 3830 1654 des-

2175 1687 2416 1758 peratio,
2441 1688 2510 1742 ad
2534 1687 2796 1742 divinum
2829 1703 2891 1742 se
2925 1685 3188 1742 solatium
3211 1685 3482 1750 contulit,
3506 1700 3679 1756 seque
3704 1682 3825 1739 illic

2177 1779 2462 1831 nocturno
2489 1775 2722 1832 silentio
2745 1776 2805 1831 in
2823 1776 3142 1832 orationem
3166 1775 3344 1831 dedit.
3368 1775 3627 1844 Cumque
3649 1788 3826 1830 mane

2171 1863 2324 1920 facto
2347 1866 2414 1920 ad
2431 1867 2699 1922 eumdem
2732 1865 2922 1922 locum
2947 1866 3154 1921 fratres
3179 1864 3460 1932 venirent,
3481 1865 3824 1920 invenerunt

2171 1953 2383 2010 molem
2408 1958 2585 2011 tanta;
2608 1955 3032 2027 magnitudinis
3054 1954 3208 2010 180
3225 1955 3295 2010 ab
3319 1955 3521 2010 eodem
3549 1954 3672 2010 loco
3696 1953 3823 2008 lon-

2171 2046 2306 2117 gius
2339 2046 2670 2114 recessisse,
2725 2062 2950 2118 suoque
3001 2063 3229 2104 secessu
3269 2046 3498 2118 largum
3548 2044 3822 2100 fratribus

2172 2134 2430 2206 spatium
2455 2136 2517 2207 (ι)
2544 2135 2799 2194 dedisse.

2239 2491 2369 2548 Alio
2409 2508 2641 2564 quoque
2685 2497 2946 2566 tempore
2984 2509 3118 2550 cum
3162 2494 3315 2550 idem
3351 2493 3443 2549 vir
3467 2493 3814 2551 venerabilis

2167 2578 2465 2651 lampades
2479 2583 2688 2639 vitreas
2708 2583 2768 2639 in
2793 2583 3043 2641 oratorio
3067 2584 3304 2652 lavaret,
3326 2598 3438 2639 una
3459 2599 3527 2640 ex
3553 2584 3678 2654 ejus
3699 2598 3820 2638 ma-

2168 2670 2344 2726 nibus
2374 2672 2595 2739 cecidit,
2621 2689 2749 2743 quas
2790 2688 2893 2744 per
2918 2673 3262 2729 innumeras
3289 2680 3477 2744 partes
3491 2673 3670 2728 fracta
3690 2670 3814 2727 dis-

2168 2758 2353 2815 siluit:
2372 2761 2434 2832 (j)
2455 2760 2548 2831 qui
2571 2761 3143 2818 vehementissimum
3168 2761 3351 2818 Patris
3375 2760 3705 2818 monasterii
3728 2760 3815 2815 fu-

2167 2863 2350 2904 rorem
2393 2849 2631 2917 timens,
2672 2849 2956 2920 lampadis
2992 2851 3256 2922 protinus
3277 2851 3471 2908 omnia
3491 2851 3811 2922 fragmenta

2166 2936 2419 3008 collegit,
2441 2942 2616 3009 atque
2645 2943 2778 2994 ante
2807 2941 2990 2995 altare
3028 2939 3240 3009 posuit,
3281 2954 3458 3010 seque
3495 2955 3626 2994 cum
3649 2937 3814 3009 gravi

2167 3025 2383 3098 gemitu
2408 3026 2467 3080 in
2489 3025 2810 3082 orationem
2836 3027 3010 3083 dedit.
3049 3029 3312 3099 Cumque
3335 3028 3406 3083 ab
3428 3027 3690 3084 oratione
3713 3041 3810 3081 ca-

2167 3120 2274 3187 put
2295 3115 2762 3185 levasset,sanam
2780 3116 3107 3188 lampadem
3138 3117 3370 3188 reperit,
3392 3134 3567 3188 quam
3600 3116 3814 3172 timens

417 3205 485 3259 τὰ
513 3201 800 3278 κλάσματα
831 3202 1172 3283 φοϐούμενος
1203 3207 1268 3276 ἦν
1302 3209 1637 3283 συναγαγών.
1668 3207 1728 3264 Ὀ
1761 3201 2053 3279 σεϐάσμιος

2178 3220 2270 3276 per
2317 3205 2638 3277 fragmenta
2662 3205 2987 3279 collegerat.
3021 3207 3231 3278 Sicque
3264 3207 3323 3261 in
3363 3208 3594 3262 duobus
3639 3205 3817 3260 mira-

420 3290 511 3347 οὖν
539 3294 699 3358 οὗτος
720 3295 853 3371 ἀνὴρ
874 3294 926 3349 ἐν
953 3300 1065 3358 τοῖς
1091 3292 1210 3350 δυσὶ
1235 3296 1451 3358 τούτοις
1483 3295 1737 3369 θαύμασι,
1767 3292 1862 3351 δύο
1893 3297 2062 3351 πατέ-

427 3403 536 3458 ρων
558 3384 658 3453 τὴν
683 3381 908 3458 δύναμιν
928 3383 983 3440 ἐν
994 3390 1063 3459 τῇ
1082 3383 1452 3457 ἐπιδείξειτῶν
1467 3385 1707 3459 σημείων
1727 3383 2062 3458 ἐμιμήσατο⁶

422 3469 477 3526 ἐν
493 3475 562 3545 τῇ
583 3469 859 3546 μεταθέσει
877 3477 972 3528 τοῦ
993 3473 1171 3541 λίθου,
1187 3475 1504 3550 Γρωγορίου
1524 3478 1622 3530 τοῦ
1638 3472 1793 3548 λόγῳ
1805 3475 1897 3529 τὸν
1915 3473 2068 3538 λίθον

427 3563 907 3632 μετακινήσαντος·
942 3560 994 3616 ἐν
1028 3559 1086 3615 δὲ
1113 3568 1214 3630 τῆς
1244 3559 1527 3632 κανδήλης
1549 3565 1624 3634 (ιι)
1647 3562 1935 3631 ἀνακτίσει,
1967 3564 2066 3632 τήν

420 3651 518 3703 τοῦ
549 3649 783 3703 Δονάτου
815 3645 1062 3722 δύναμιν,
1121 3652 1243 3719 ἣτις
1292 3650 1355 3704 τὸ
1403 3650 1770 3723 κεκλασμένον
1803 3653 2066 3728 ποτήριον

425 3734 478 3792 ἐν
514 3740 584 3811 τῇ
615 3739 809 3813 πρώτῃ
847 3735 1099 3815 ὑγιότητι
1121 3738 1569 3811 ἆπεκατέστησει.

498 3829 702 3886 ΠΕΤΡ.
737 3828 928 3893 Καθὼς
957 3833 1168 3902 θεωρῶ,
1211 3828 1410 3904 ἐχομεν
1457 3827 1625 3902 ὅμοια
1671 3834 1777 3886 τῶν
1819 3830 2070 3886 παλαιῶν

424 3915 518 3970 νέα
543 3913 812 3988 θαύματά.

497 4004 688 4058 ΓΡΗΓ.
722 4002 906 4063 Θέλεις
937 4003 987 4058 έν
1016 4007 1083 4078 τῇ
1113 4008 1209 4059 τοῦ
1232 4005 1518 4062 Νοννώσου
1540 4003 1763 4081 ἐργασίᾳ
1793 4007 1987 4081 ὅμοιόν
2017 4031 2069 4064 τι

427 4096 535 4148 τῶν
566 4095 664 4147 τοῦ
695 4090 1004 4148 Ἐλισσαίου
1034 4096 1103 4167 (e)
1135 4095 1397 4171 γνωρίσαι
1423 4115 1437 4166 ;

501 4182 701 4238 HETP.
735 4179 890 4236 Θέλω
918 4183 1009 4236 καὶ
1037 4183 1172 4238 πάνυ
1204 4183 1475 4258 ἐπιθυμῶ.

498 4273 693 4326 ΓΡΠΓ.
719 4269 939 4328 Ἐλαίου
956 4273 1087 4327 ποτὲ
1104 4271 1156 4327 ἐν
1173 4277 1254 4346 τῷ
1274 4275 1624 4348 μοναστηρίῳ
1644 4279 1823 4350 λεῖψις
1839 4276 2070 4352 γέγονεν,

425 4360 492 4430 ἦν
523 4356 580 4414 δὲ
612 4357 807 4415 λοιπὸν
833 4361 860 4414 ὁ
885 4362 1077 4436 καιρὸς
1100 4366 1198 4417 τοῦ
1228 4366 1495 4438 σωρεύσαι
1517 4361 1576 4419 ἐκ
1595 4369 1704 4419 τῶν
1727 4363 1956 4441 δένδρων
1976 4368 2074 4430 τὰς

427 4448 637 4520 ἐλαίας,
671 4449 799 4506 ἀλλ’
830 4449 1090 4526 οὐδαμῶς
1121 4455 1329 4525 καρπὸς
1358 4453 1414 4509 ἐν
1438 4460 1555 4518 τοῖς
1576 4459 1672 4510 τοῦ
1706 4457 2072 4533 μοναστηρίου

2175 3291 2320 3348 culis
2348 3293 2596 3349 duorum
2617 3293 2850 3349 Patrum
2873 3294 3117 3350 virtutes
3156 3295 3420 3351 imitatus
3441 3300 3554 3351 est:
3586 3293 3644 3350 in
3669 3292 3819 3349 mole

2175 3381 2400 3437 scilicet
2421 3381 2568 3450 saxi,
2595 3382 2811 3439 factum
2841 3382 2917 3454 (k)
2941 3382 3203 3455 Gregorii
3225 3385 3318 3455 qui
3339 3392 3591 3440 montem
3611 3382 3816 3450 movit;

2174 3469 2234 3524 in
2258 3470 2621 3540 reparatione
2659 3485 2792 3526 vero
2832 3469 3143 3542 lampadis,
3183 3473 3451 3528 virtutem
3477 3471 3548 3544 (ι)
3585 3469 3817 3538 Donati,

2174 3559 2272 3629 qui
2305 3559 2551 3616 fractum
2585 3559 2824 3616 calicem
2855 3560 3112 3631 pristinae
3133 3559 3522 3617 incolumitati
3545 3559 3816 3616 restituit.

2246 3829 2414 3886 Pn'rn.
2448 3830 2759 3900 Habemus,
2794 3835 2857 3887 ut
2901 3831 3092 3902 video,
3129 3833 3197 3889 de
3223 3831 3507 3905 exemplis
3529 3832 3824 3890 veteribus

2176 3935 2323 3976 nova
2345 3919 2650 3977 miracula.

2247 4009 2504 4065 Gazaca.
2546 4009 2724 4066 Visne
2751 4009 2968 4081 aliquid
3003 4010 3058 4066 in
3102 4012 3436 4082 operatione
3475 4010 3731 4069 Nonnosi
3754 4011 3827 4066 de

2176 4096 2503 4154 imitatione
2525 4114 2753 4171 quoque
2783 4099 2964 4155 Elisaei
2996 4101 3384 4171 cognoscere?

2247 4193 2418 4244 Pera.
2447 4187 2603 4260 Volo,
2627 4193 2798 4261 atque
2815 4189 3110 4246 inbianter
3131 4191 3322 4263 cupio.

2249 4277 2505 4333 GasGon.
2538 4277 2683 4334 Dum
2714 4279 2964 4350 quadam
3017 4281 3110 4336 die
3168 4281 3228 4336 in
3278 4282 3626 4338 monasterio
3656 4288 3822 4337 vetus

2177 4365 2368 4423 oleum
2403 4369 2651 4436 deesset,
2675 4367 2909 4440 iamque
2930 4368 3267 4441 colligendae
3287 4371 3450 4428 oliva:
3473 4376 3702 4443 tempus
3728 4371 3824 4426 in-

2177 4457 2597 4527 cumberet,sed
2622 4457 2840 4514 fructus
2858 4458 2918 4514 in
2940 4459 3086 4515 oleis
3099 4459 3290 4516 nullus
3308 4461 3821 4532 appareret,visum

427 4536 667 4614 δένδροις
682 4539 1252 4640 ἐφαίνετο.([)Βουλῆς
1271 4541 1361 4598 οὖν
1379 4544 1407 4598 ὁ
1421 4545 1713 4620 πατήρζτῆς
1731 4552 1902 4618 μονῆς
1920 4545 2062 4623 γέγο-

2183 4547 2330 4602 Patri
2357 4547 2696 4604 monasterii
2716 4547 2914 4619 fuerat
2947 4553 3008 4605 ut
3036 4550 3483 4622 circumquaque
3520 4551 3727 4606 fratres
3761 4551 3825 4606 in

427 4650 535 4700 νεν,
558 4628 707 4692 ὅπως
729 4631 784 4684 o't
806 4627 1036 4705 ἀδελφοὶ
1055 4632 1207 4708 πέριξ
1232 4634 1366 4707 πρὸς
1385 4632 1512 4694 τοὺς
1530 4630 1757 4710 ἔχοντας
1775 4634 1959 4695 ἐλαίας
1982 4635 2070 4691 ἐπὶ

426 4723 508 4792 τῷ
532 4719 745 4790 συνάξαι
763 4719 1096 4792 ἀπέλθωσιν,
1114 4725 1197 4796 (g)
1216 4723 1367 4785 ὃπως
1388 4722 1447 4778 ἐκ
1466 4722 1561 4777 τοῦ
1583 4725 1778 4795 μισθοῦ
1799 4727 1897 4790 τῆς
1921 4723 2075 4802 ἐργα-

430 4809 546 4871 σίας
572 4807 747 4864 αὒτῶν
773 4806 1075 4877 δυνηθῶσιν
1093 4811 1279 4886 ὀλίγον
1300 4808 1482 4867 ἔλαιον
1507 4813 1558 4868 ἐν
1583 4816 1650 4886 τῇ
1673 4817 1813 4887 μονῇ
1836 4813 2071 4891 ἐνέγκαι,

429 4896 492 4951 Ὁ
514 4893 571 4948 δὲ
597 4899 694 4950 τοῦ
715 4900 848 4951 Θεοῦ
868 4897 1156 4974 ἄνθρωπος
1174 4902 1477 4970 Νοννῶσος,
1499 4897 1634 4972 μετὰ
1653 4897 1873 4970 πολλῆς
1892 4921 2075 4956 ταπει-

504 5020 769 5144 ἱιὲόὲοιδ.
818 5021 996 5078 habet
1025 5024 1216 5081 adhuc
1247 5022 1462 5096 σεμνός,
1497 5041 1599 5097 pro
1638 5025 1855 5094 στενός;
1907 5027 2070 5102 Reg.,

483 5110 777 5306 ngf‘ﬁeg”
811 5157 882 5216 δι’
913 5162 1264 5237 ἀνθρωπίνων
1297 5169 1518 5241 χειρῶν.

483 5304 485 5306 γ
523 5234 572 5306 c)
605 5236 787 5306 Colb.,
823 5235 1096 5306 μηκόθεν;
1129 5243 1186 5294 et
1206 5245 1378 5306 paulo
1401 5245 1518 5306 post

523 5234 572 5307 ο)
605 5234 787 5319 (1011),,
823 5234 1057 5306 μηκόθεν
1083 5255 1096 5305 ;
1129 5243 1186 5294 et
1205 5234 1531 5312 paulo-post
1555 5236 1875 5313 πλατυσμὸν
1907 5262 2073 5319 γεγο-

427 5303 561 5360 νότα
586 5305 745 5368 πρός.

499 5323 861 5523 ﬁnditque
885 5378 1022 5434 Cod.
1049 5381 1215 5454 Reg,
1249 5398 1330 5438 8c.
1362 5385 1420 5439 et
1449 5381 1637 5452 Colb.,
1669 5380 1981 5456 ἀνακτησει.

521 5452 569 5521 ϐ)
601 5451 785 5516 (3011),,
811 5455 1041 5523 Ανοῇσαιᾼ.

521 5452 569 5521 ϐ)
601 5451 785 5516 (3011),,
824 5455 1041 5521 νοῆσαι,

596 5523 764 5599 MSS"
801 5521 979 5599 9001'?)
1015 5518 1079 5594 δή
1112 5525 1248 5598 (vel)
1277 5528 1357 5580 τῶ
1387 5526 1572 5599 πατρί.

494 5595 570 5668 (g)
596 5595 774 5668 Reg,
803 5595 983 5654 ὅπως.

496 5666 576 5748 (It)
593 5666 934 5732 In.Ed.ante
947 5668 1140 5739 Guss.,
1155 5670 1476 5744 quingenta;
1490 5671 1797 5748 corrigitur
1814 5671 1903 5730 hic
1918 5688 2077 5732 error

2179 4636 2522 4708 colligendis
2554 4637 2724 4694 olivis
2748 4639 2816 4694 ad
2835 4638 3157 4695 exhibenda
3178 4640 3462 4696 extraneis
3481 4642 3666 4713 jopera
3686 4655 3828 4712 per-

2179 4729 2686 4797 gerent,quatenus
2707 4743 2776 4782 ex
2799 4729 3059 4785 mercede
3079 4730 3167 4785 sui
3185 4729 3376 4800 operis
3396 4728 3829 4799 aliquantulum

2179 4817 2530 4874 monasterio
2552 4816 2740 4874 oleum
2755 4819 3308 4891 deportarent.Quod
3327 4820 3415 4875 vir
3429 4821 3655 4876 Domini
3676 4819 3835 4876 Non-

2180 4923 2358 4964 nosus
2380 4906 2502 4963 fieri
2543 4923 2674 4964 cum
2699 4923 2912 4980 magna
2933 4907 3267 4966 humilitate
3288 4909 3609 4981 prohibuit,
3634 4926 3704 4966 ne
3726 4925 3831 4964 ex-

2180 5050 2246 5089 ex
2271 5033 2404 5088 Mss.
2447 5036 2588 5103 tam.
2624 5033 2786 5103 Angl.
2815 5047 2988 5102 quam
3030 5033 3202 5101 Gall.,
3243 5041 3295 5090 et
3335 5051 3398 5090 ex
3440 5037 3636 5091 Graeca
3675 5050 3830 5089 vers.

2251 5106 2313 5175 (ἱ)
2336 5106 2397 5159 In
2420 5102 2602 5158 Editis
2623 5102 2817 5158 contra
2841 5103 2981 5160 Mss.
3006 5105 3176 5160 fidem
3200 5106 3450 5174 additur,
3474 5108 3554 5163 ad
3581 5105 3836 5162 excolen-

2179 5175 2310 5232 dum
2340 5176 2582 5230 hortum.

2217 5317 2228 5329 .
2254 5247 2314 5328 ti)
2336 5246 2552 5314 Germ.,
2574 5244 2886 5315 Compend.
2913 5251 2970 5303 et
2992 5263 3140 5304 unus
3159 5249 3398 5321 Theod.,
3421 5248 3519 5321 qui
3545 5247 3837 5306 vehemen-

2182 5323 2754 5466 mmnéognomento
2794 5390 3238 5466 Thaumaturgi,
3278 5392 3529 5466 Neoces.
3563 5392 3622 5449 in
3651 5391 3840 5448 Ponto

2181 5461 2671 5538 ep_isc.,_in‘cujus
2695 5461 2886 5538 Vitaa
2924 5470 3124 5521 sancto
3162 5461 3436 5538 Gregorio
3473 5465 3640 5535 Nyss.
3665 5479 3844 5520 cons-

2183 5535 2368 5602 cripta
2389 5533 2603 5602 legitur
2623 5533 2731 5589 hoc
2753 5535 3121 5598 miraculum.

2253 5605 2639 5682 (θρα-μνειῇ
2662 5605 2969 5682 intruria
2993 5608 3100 5666 fuit
3128 5608 3438 5682 episcopus
3463 5612 3522 5668 et
3548 5623 3652 5682 pro
3684 5623 3849 5666 mar-

2179 5675 2310 5756 tyre
2342 5675 2555 5736 colitur
2583 5677 2676 5734 die
2703 5677 2738 5732 7
2768 5679 2910 5753 Aug.
