4210 6160
403 275 529 336 189

480 411 655 464 Pera.
689 408 856 480 Volo,
885 415 1062 482 atque
1089 409 1198 467 hoc
1228 411 1565 470 omnimodo
1593 429 1859 487 exposco.

1053 499 1290 557 CAPUT
1331 501 1424 559 1X.

543 590 616 644 De
642 590 719 660 (a)
752 591 1041 661 Bonifacio
1061 591 1367 648 Ferentina
1395 593 1640 650 civitatis
1669 597 1939 669 episcopo.

477 677 839 735 GREGORJUS.
871 680 1002 736 Fuit
1034 680 1120 735 vir
1157 679 1283 736 vitae
1323 684 1676 740 venerabilis
1726 687 2060 742 Bonifacius

401 769 668 837 nomine,
698 769 799 840 qui
834 768 893 824 in
923 786 992 826 ea
1023 769 1253 826 civitate
1283 789 1411 844 quas
1445 773 1705 830 Ferentis
1745 775 1960 831 dicitur
1989 778 2058 848 (b)

400 858 810 928 episcOpatum
861 859 1056 914 ofﬁcio
1104 861 1316 925 tenuit,
1379 867 1434 917 et
1483 863 1749 920 moribus
1798 865 2061 936 implevit

399 947 720 1018 (Μανίαν-οὶ.
748 948 813 1002 14
843 949 1022 1019 Maii).
1048 949 1232 1020 Hujus
1256 949 1440 1006 multa
1459 951 1740 1009 miracula
1759 952 1810 1009 is
1841 955 1943 1026 qui
1965 956 2062 1010 ad-

397 1037 520 1093 huc
541 1043 814 1108 superest
844 1038 1215 1096 Gaudentius
1241 1042 1550 1114 presbyter
1581 1047 1794 1099 narrat.
1820 1045 1926 1111 Qui
1950 1063 2062 1101 nu-

393 1129 578 1184 tritus
602 1131 664 1186 in
705 1131 834 1201 ejus
856 1131 1166 1203 obsequio,
1197 1137 1358 1188 tanto
1387 1134 1539 1189 valet
1569 1135 1642 1190 de
1672 1134 1774 1192 illo
1817 1153 2061 1208 quisque

392 1219 660 1274 veracius
691 1219 993 1291 dicere,(c)
1019 1227 1238 1292 quanto
1261 1221 1344 1278 eis
1373 1223 1528 1279 hunc
1560 1223 1802 1296 contigit
1824 1227 2062 1282 interes-

391 1325 481 1365 se.
508 1307 702 1380 Hujus
729 1309 993 1365 Ecclesiae
1006 1311 1194 1382 gravis
1207 1311 1370 1368 valde
1390 1316 1922 1384 paupertasinerat.
1939 1334 2061 1388 qua

393 1397 570 1454 bonis
588 1399 882 1454 mentibus
897 1416 1026 1456 esse
1041 1400 1399 1457 soletcustos
1414 1404 1446 1458 h
1459 1403 2058 1477 umilitatis,nihilque

394 1485 555 1543 aliud
599 1489 672 1542 ad
706 1504 881 1544 omne
901 1489 1410 1561 stipendium,nisi
1436 1509 1614 1548 unam
1645 1496 2058 1551 tantummodo

396 1578 639 1633 vineam
671 1577 926 1634 habebat
960 1595 972 1632 :
1006 1595 1130 1650 quas
1161 1581 1417 1652 quodam
1451 1583 1545 1638 die
1578 1583 1655 1639 ita
1675 1585 1958 1655 grandine
1989 1586 2061 1640 ir-

397 1675 615 1724 ruente
636 1676 858 1724 vastata
888 1677 992 1736 est,
1026 1676 1090 1724 ut
1108 1669 1166 1725 in
1189 1688 1256 1726 ea
1284 1672 1484 1741 paucis
1513 1671 1571 1727 in
1591 1674 1804 1729 vitibus
1827 1675 1917 1730 vix
1936 1693 2058 1747 par-

1671 281 2194 349 DIALOGORUM
2239 287 2467 349 LIBER
2512 289 2562 349 Ι.

3707 295 3834 354 190

2090 424 2146 488 Α
2247 421 2452 478 ΠΕΤΡ.
2488 417 2665 490 Θέλω,
2696 419 2786 474 καὶ
2816 423 2978 475 τοῦτο
3009 421 3164 477 παντὶ
3193 421 3384 498 τρόπῳ
3414 423 3569 482 αὶτῶ.

2800 512 3070 567 ΚΕΦΑΛ.
3111 517 3186 569 Θ“.

2327 598 2458 672 Περὶ
2489 598 2816 674 Βονιφατίου
2849 598 3146 654 ἐπισκόπου
3176 600 3394 664 πόλεως
3425 603 3656 676 Φέρνης.

2237 689 2638 744 ΓΡΠΓΟΡΙΟΣ.
2673 690 2839 761 Ἀνήρ
2868 709 2952 749 τις
2981 689 3226 764 ὑπῆρχεν
3254 689 3502 765 ἐναρέτου
3534 691 3816 756 πολιτείας

2163 778 2558 851 (9)Βονιφάτιος
2570 777 2814 852 τοῦνομα
2831 777 2882 833 ἐν
2895 783 2963 852 τῇ
2981 783 3228 854 Φερνήτῃ
3247 779 3517 857 λεγομένῃ
3534 781 3820 846 πόλει.”ος

2164 885 2247 925 τις
2275 866 2376 933 τήν
2409 865 2609 936 ταύτης
2641 865 2942 935 ἐπισκοπὴν
2975 872 3105 921 πᾶσι
3155 869 3381 942 τρόποις
3437 869 3818 944 χρηστότητος

2162 954 2556 1029 κατεκόσμησε.
2593 958 2725 1030 Περὶ
2757 955 2957 1010 τούτου
2988 955 3174 1012 πολλὰ
3221 958 3496 1030 θαυμάσια
3543 955 3815 1035 διηγεῖται

2165 1041 2482 1106 Γαυδέντιος
2499 1047 2578 1117 (h)
2603 1046 2631 1099 6
2653 1039 3041 1120 πρεσϐύτερος,
3064 1046 3122 1108 ’ὸς
3153 1067 3236 1108 τις
3266 1047 3354 1100 καὶ
3379 1051 3472 1100 νῦν
3492 1047 3760 1120 περίεστιν
3786 1048 3814 1106 6

2164 1132 2215 1186 ἐν
2243 1139 2310 1201 τῆ
2345 1132 2510 1188 αὐτοῦ
2541 1133 2806 1209 ὑπουργία
2839 1134 3185 1211 ἀνατραθρεὶς.
3235 1138 3486 1192 Τοσαῦτα
3535 1135 3638 1210 γὰρ
3687 1136 3813 1210 περὶ

2164 1221 2328 1278 αὐτοῦ
2363 1221 2445 1276 ἐπ’
2477 1221 2733 1293 ἀληθείας
2767 1220 2985 1278 δύναται
3021 1225 3214 1300 λέγειν,
3248 1222 3344 1279 ὅσα
3365 1227 3450 1279 καὶ
3478 1220 3599 1298 ὄψει
3621 1225 3808 1300 παρὼν

2162 1309 2436 1366 ἐθεάσατο.
2489 1314 2702 1368 Τούτου
2728 1313 2827 1380 τήν
2868 1310 3161 1383 ἐκκλησίαν
3193 1311 3532 1390 σφοδροτάτη
3566 1313 3814 1388 πτωχεία

2163 1406 2437 1478 κατεῖχεν·
2467 1407 2584 1464 τοῖς
2616 1397 2672 1454 δὲ
2700 1400 2924 1475 ἀγαθοῖς
2955 1401 3249 1477 λογισμοῖς
3271 1401 3813 1466 συνεῖναιδιαπαντὸς

2165 1488 2388 1561 εἴθιστο,
2457 1488 2832 1569 φυλακτήριον
2885 1492 3113 1554 τούτους
3165 1498 3262 1560 τῆς
3312 1493 3813 1569 ταπεινοφροσύνης

2162 1601 2335 1652 κεκτη
2349 1583 2525 1654 μένος.
2559 1579 2726 1638 Οὐδὲν
2758 1579 2812 1636 δὲ
2842 1579 3023 1656 ἓτερον
3051 1583 3126 1644 εἰς
3158 1587 3330 1638 πᾶσαν
3355 1581 3622 1654 διοίκησιν
3648 1585 3809 1659 εἶχεν,

2163 1671 2210 1725 εί
2238 1673 2312 1744 μή
2334 1667 2426 1725 ἕνα
2447 1671 2536 1725 καὶ
2563 1672 2728 1744 μόνον
2749 1670 3166 1744 ἀμπελῶνα.Ἐν
3185 1677 3283 1746 μιᾷ
3296 1670 3544 1748 δὲὴμέρᾳ
3559 1671 3810 1747 χαλάζης

400 1760 462 1813 vi
496 1759 723 1829 rarique
756 1758 974 1815 racemi
1006 1767 1395 1818 remanerent.
1429 1763 1614 1827 Quam
1637 1779 1767 1818 cum
1791 1763 1890 1820 Dei
1918 1783 2057 1835 prae-

2168 1760 2526 1832 ἐπελθούσης,
2549 1762 2642 1816 καὶ
2675 1763 2837 1824 αὐτὸς
2861 1761 3155 1832 κατελύθη,
3178 1760 3315 1818 ὥστε
3341 1765 3418 1837 μὴ
3443 1763 3738 1835 ἀπομεῖναι
3761 1763 3811 1818 ἐν

408 1849 600 1903 dictus
653 1847 740 1903 vir
787 1848 1294 1906 reverentissimus
1355 1851 1681 1908 Bonifacius
1747 1853 2055 1926 episcopus

408 1938 616 1993 fuisset
645 1939 972 2009 ingressus,
1007 1955 1254 2012 magnas
1273 1941 1660 2012 omnipotenti
1695 1942 1808 1998 Deo
1838 1944 2056 2016 gratias

400 2026 620 2093 retulit,
641 2028 781 2099 quia
802 2029 859 2083 in
883 2027 1011 2097 ipsa
1030 2045 1134 2084 sua
1154 2029 1346 2086 adhuc
1372 2029 1567 2102 inopia
1586 2047 1711 2087 sese
1732 2033 2054 2103 angustiari

394 2118 690 2188 cognovit.
711 2117 820 2172 Sed
845 2133 980 2172 cum
1005 2118 1132 2190 jam
1155 2123 1385 2189 tempus
1412 2119 1668 2192 exigeret
1691 2125 1754 2176 ut
1777 2124 1886 2192 ipsi
1913 2139 2056 2194 quo-

395 2222 516 2277 que
530 2205 742 2262 racemi
757 2207 860 2278 qui
881 2214 1304 2275 remanserant,
1322 2214 1712 2267 maturescere
1730 2212 2057 2283 potuissent

394 2297 708 2352 custodem
733 2296 913 2353 vineas
941 2314 1010 2354 ex
1045 2315 1199 2355 more
1232 2299 1451 2369 posuit,
1477 2317 1718 2373 eamque
1739 2300 1939 2357 solerti
1971 2302 2054 2356 vi-

396 2387 646 2458 gilantia
666 2388 885 2443 servari
909 2389 1196 2460 praecepit.
1215 2390 1478 2456 Quadam
1494 2407 1628 2447 vero
1651 2391 1742 2447 die
1759 2391 2055 2448 mandavit

396 2477 745 2532 Constantio
771 2478 1099 2550 presbytero
1121 2479 1317 2549 nepoti
1337 2495 1465 2546 suo,
1493 2484 1560 2536 ut
1579 2485 1794 2536 cuncta
1817 2480 1936 2535 vini
1959 2497 2054 2536 va-

397 2564 572 2621 scula
601 2565 657 2620 in
682 2566 996 2638 episcopio,
1022 2567 1337 2640 omniaque
1359 2568 1532 2636 dolia,
1554 2570 1636 2624 ita
1667 2574 1732 2625 ut
1763 2575 1896 2625 ante
1917 2585 2054 2625 con-

400 2661 698 2720 sueverat,
715 2656 838 2726 pice
850 2657 1160 2727 superfusa
1173 2645 1710 2728 prmpararet.0uod
1726 2673 1860 2714 cum
1877 2674 2055 2728 nepos

401 2742 572 2799 illius
603 2745 900 2816 presbyter
926 2745 1207 2814 audisset,
1238 2745 1405 2802 valde
1435 2747 1760 2803 admiratus
1790 2753 1880 2802 est
1900 2746 2052 2818 quod

401 2833 576 2904 quasi
610 2835 817 2890 insana
836 2834 1194 2908 preciperet,
1220 2841 1283 2891 ut
1319 2835 1438 2891 vini
1470 2836 1711 2892 vascula
1740 2834 2053 2909 praeparari

401 2924 642 2990 faceret,
666 2923 766 2994 qui
788 2923 984 2979 vinum
1009 2924 1253 2980 minime
1275 2924 1512 2981 haberet
1535 2944 1549 2994 ;
1575 2941 1681 2981 nec
1698 2930 1892 2982 tamen
1918 2941 2057 2998 prm-

397 3012 973 3084 sumpsitinquirere
989 3030 1089 3070 cur
1106 3013 1500 3085 taliajuberet,
1514 3015 1644 3086 sedj
1657 3016 1812 3070 ussis
1830 3015 2052 3071 obtem-

402 3118 638 3174 perans,
675 3103 874 3158 omnia
902 3120 970 3159 ex
993 3120 1148 3159 more
1173 3105 1531 3175 praeparavit.
1551 3104 1629 3175 (ά)
1653 3105 1814 3159 Tunc
1843 3105 1933 3159 vir
1954 3103 2054 3159 Dei

401 3191 635 3245 vineam
671 3191 977 3262 ingressus
1010 3209 1271 3248 racemos
1301 3192 1551 3266 collegit,
1576 3194 1644 3248 ad
1677 3193 2056 3250 calcatorium

401 3278 638 3344 detulit,
671 3294 998 3351 omnesque
1020 3280 1228 3335 exinde
1245 3281 1440 3352 egredi
1463 3281 1756 3354 precepit,
1775 3282 2058 3354 solusque

404 3371 486 3426 ibi
517 3388 651 3427 cum
687 3389 803 3428 uno
831 3372 1066 3444 parvulo
1098 3372 1342 3445 puerulo
1363 3375 1669 3444 remansit,
1691 3391 1865 3446 quem
1889 3375 1946 3430 in
1970 3391 2057 3432 eo-

406 3461 540 3516 dem
559 3461 872 3518 calcatorio
889 3463 1175 3535 deposuit,
1200 3467 1258 3519 et
1271 3463 1424 3519 calca
1434 3479 1492 3518 re
1507 3465 1658 3534 ipsos
1675 3463 2058 3536 paucissimos

406 3568 678 3606 racemos
697 3552 843 3606 fecit.
869 3555 1134 3624 Cumque
1150 3569 1219 3607 ex
1240 3551 1448 3608 iisdem
1469 3552 1712 3608 racemis
1730 3570 1936 3624 parum
1960 3552 2062 3608 ali-

403 3641 549 3711 quid
583 3640 703 3694 vini
735 3641 1037 3708 deﬂueret,
1067 3643 1238 3712 ccepit
1260 3642 1368 3699 hoc
1398 3643 1482 3697 vir
1503 3641 1604 3698 Dei
1631 3643 1755 3698 suis
1787 3643 2057 3698 manibus

400 3731 464 3785 in
498 3746 675 3801 parvo
694 3747 828 3786 vase
857 3732 1174 3801 suscipere,
1201 3741 1254 3787 et
1285 3748 1388 3804 per
1416 3739 1629 3788 cuncta
1649 3732 1807 3788 dolia
1833 3733 2060 3789 omnia-

402 3834 519 3889 que
553 3836 694 3874 vasa
722 3836 847 3892 quin
870 3825 1071 3891 parata
1094 3822 1341 3888 fuerant,
1368 3837 1470 3893 pro
1492 3821 1890 3878 benedictione
1911 3820 2061 3876 divi-

400 3908 562 3974 dere,
597 3915 663 3964 ut
692 3925 759 3964 ex
810 3911 1014 3965 eodem
1065 3909 1200 3965 vino
1231 3909 1430 3966 omnia
1489 3910 1639 3968 185
1689 3910 1930 3967 vascula
1966 3910 2061 3968 vix

400 3999 601 4054 infusa
628 3999 988 4054 viderentur.
1011 3999 1158 4056 Cum
1190 4016 1326 4056 vero
1350 4015 1418 4055 ex
1440 3999 1666 4071 liquore
1689 4000 1810 4057 vini
1848 4017 2054 4072 parum

401 4087 626 4160 aliquid
661 4088 720 4143 in
743 4088 898 4144 vasis
919 4089 1199 4144 omnibus
1231 4088 1507 4156 misisset,
1539 4093 1740 4145 vocato
1789 4088 2058 4160 protinus

403 4179 765 4250 presbytero,
790 4177 974 4247 jussit
1003 4194 1286 4250 pauperes
1317 4179 1544 4236 adesse.
1577 4179 1744 4234 Tunc
1772 4179 1947 4250 cmpit
1975 4179 2058 4234 vi-

403 4284 546 4322 num
571 4267 630 4322 in
663 4266 974 4322 calcatorio
996 4283 1254 4324 crescere
1286 4268 1370 4324 ita
1394 4275 1455 4323 ut
1485 4269 1683 4324 omnia
1716 4285 1844 4340 quae
1885 4267 2060 4324 allata

408 4357 976 4428 tuerantpauperum
1009 4355 1549 4428 vasculaimplcret.
1573 4357 1796 4422 Quibus
1826 4373 1962 4413 cum
1998 4371 2058 4412 se

404 4444 612 4500 idonee
642 4446 1003 4502 satisfecisse
1032 4447 1416 4518 conspiceret,
1449 4463 1517 4503 ex
1545 4446 1856 4503 calcatorio
1873 4447 2059 4517 jussit

405 4551 652 4604 puerum
673 4536 741 4606 (ε)
762 4535 1489 4606 descendere,apothecam
1534 4535 1769 4603 clausit,
1792 4539 1964 4607 atque
1986 4535 2053 4608 (Γ)

401 4624 686 4695 impresso
707 4623 899 4695 sigillo
924 4626 1158 4696 proprio
1182 4625 1470 4681 munitam
1520 4625 1776 4696 reliquit,
1803 4640 2054 4696 moxque

405 4713 472 4766 ad
522 4712 845 4768 Ecclesium
904 4713 1099 4768 rediit.
1164 4712 1262 4768 Die
1310 4729 1446 4770 vero
1492 4712 1666 4768 tertia
1714 4712 2055 4784 praedictum

401 4804 801 4860 Constantium
833 4806 1233 4878 presbyterum
1266 4805 1506 4875 vocavit,
1539 4810 1595 4861 et
1623 4804 1884 4861 oratione
1904 4805 2058 4862 facta

403 4892 752 4964 apothecam
785 4893 988 4965 aperit,
1019 4899 1076 4950 et
1105 4911 1246 4950 vasa
1274 4895 1332 4950 in
1376 4893 1591 4967 quibus
1637 4893 2054 4952 tenuissimum

467 5017 544 5087 (a)
579 5016 642 5072 In
675 5017 871 5073 Germ.
902 5023 960 5074 et
991 5018 1122 5076 aliis
1143 5019 1574 5091 antiquioribus
1595 5019 1732 5077 Mss.
1757 5019 2053 5091 scribitur,

400 5087 754 5158 Banefacius.

473 5165 549 5231 (b)
583 5162 667 5214 Ita
703 5161 914 5217 melius
938 5163 1270 5234 CodexReg.
1299 5180 1472 5220 ncccc
1495 5164 1978 5231 an.,San-Germ.
2001 5171 2061 5221 et

399 5230 542 5308 Mss.
583 5249 728 5301 pene
759 5251 963 5308 omnes
997 5252 1012 5302 ;
1047 5237 1147 5308 ubi
1181 5230 1384 5290 Ekcusi
1429 5230 1669 5302 habent,
1716 5235 2055 5308 episcopatus

397 5306 646 5373 o/ﬁa’um
674 5305 878 5370 tenuit,
902 5312 955 5361 et
976 5307 1229 5363 moribus
1261 5308 1414 5377 impl.

465 5383 540 5450 (ε)
569 5378 830 5450 ρει-ηομ,
862 5378 1057 5434 Germ.
1089 5385 1145 5434 et
1167 5376 1392 5450 primus
1420 5379 1666 5444 Theod..
1695 5383 1906 5450 quanto
1925 5376 1998 5434 ei.

467 5448 549 5518 (α)
566 5447 684 5502 Hoc
703 5452 1032 5523 testimonio
1049 5446 1480 5508 utiturAdrian.
1497 5454 1556 5509 P.
1569 5494 1582 5521 ,
1597 5446 1764 5523 epist.
1781 5453 1850 5507 ad
1867 5446 2026 5523 Caro!
2040 5489 2053 5504 .

401 5517 653 5598 Lupia
687 5521 934 5598 septima
962 5517 1683 5598 synodo,‘cap._16,#'l‘orn_t
1719 5540 1796 5578 vu
1835 5519 2051 5598 Concil.

471 5593 548 5661 (a)
583 5589 827 5666 Plurimi
857 5589 1345 5656 mssfascendcri.
1371 5593 1432 5666 _In
1464 5595 1569 5666 Ed.
1599 5593 2058 5666 Gilot.,Vatic.et

405 5659 734 5732 nonnullis,
746 5663 1032 5743 discedere,
1049 5668 1206 5747 quod
1230 5664 1487 5723 versioni
1503 5664 1711 5724 Gram
1726 5659 1912 5740 magis
1923 5679 2056 5720 con.

2165 1849 2312 1924 αὒτῷ
2329 1850 2627 1929 σταφυλήν,
2653 1853 2696 1908 εἰ
2723 1854 2800 1926 μή
2908 1851 3045 1908 ὅπου
3063 1855 3153 1908 καὶ
3176 1851 3226 1908 ἔν
3246 1851 3528 1927 βοτρύδιον
3551 1853 3626 1916 εἷς
3651 1853 3814 1928 ἀραιά

2163 1941 2272 2012 κλή
2283 1941 2524 2013 ματα,είς
2547 1940 2604 1996 δν
2622 1942 2648 1995 ὁ
2662 1941 2994 2020 προλεχθεὲς
3011 1937 3405 2006 εὐλαϐέστατος
3427 1945 3558 2018 ανὴρ
3577 1943 3812 2021 Βονιιρά-

2161 2050 2276 2092 τιος
2308 2031 2336 2085 6
2369 2029 2666 2092 ἐπίσκοπος
2697 2029 2982 2101 ιῖσελθὼν,
3013 2031 3470 2106 εὐχαριστηρίους
3499 2033 3701 2105 ὕμνους
3731 2037 3812 2105 τῷ

2163 2116 2560 2192 παντοδυνάμῳ
2591 2123 2708 2191 Θεῷ
2737 2118 3034 2193 ἅνεπεμψε,
3066 2119 3154 2174 καί
3187 2141 3272 2175 τοι
3305 2121 3359 2174 ἐν
3389 2121 3615 2194 τοιαύτῃ
3664 2142 3812 2175 πτω-

2163 2210 2288 2284 χείᾳ
2299 2209 2388 2264 καὶ
2404 2210 2653 2265 στενώσει
2669 2207 3082 2284 ὑπάρχων.⁰’οτε
3096 2207 3151 2264 δὲ
3166 2209 3358 2264 λοιπὸν
3372 2211 3399 2264 6
3411 2211 3598 2283 καιρὸς
3613 2213 3676 2282 (i)
3688 2230 3815 2264 κατ-

2164 2293 2326 2353 έλαϐε
2348 2302 2443 2353 τοῦ
2461 2297 2734 2370 ὡριμάσαι
2755 2297 2956 2360 αὐτοὺς
2975 2296 3569 2372 τοὺςέναπομείναντας
3588 2297 3808 2372 ὀλίγους

2166 2387 2421 2461 βότρυας,
2444 2385 2660 2466 φύλακα
2680 2391 2778 2442 τοῦ
2801 2385 3129 2460 ἀμπελῶνος
3155 2389 3288 2442 κατά
3311 2388 3374 2442 τὸ
3406 2385 3525 2451 ἔθος
3548 2387 3809 2458 κατέστη-

2164 2495 2242 2531 σε·
2265 2477 2354 2531 καὶ
2373 2477 2568 2531 τάῦτον
2592 2477 2854 2553 ἀγρύπνῳ
2870 2475 3088 2553 φυλακῇ
3106 2482 3390 2551 τηρεῖσθαι
3413 2475 3809 2534 ἐκέλευσεν.Ἐν

2167 2569 2265 2638 μιᾷ
2297 2562 2353 2620 δὲ
2382 2566 2564 2640 ἡμέρᾳ
2594 2565 2952 2638 Κωνσταντίῳ
2979 2569 3058 2637 τῷ
3101 2560 3452 2640 πρεσϐυτέρῳ
3501 2567 3578 2637 τῷ
3621 2566 3814 2620 ἐαυτοῦ

2163 2653 2390 2729 ἀνεψιῷ,
2423 2655 2764 2729 προσέταξεν,
2796 2653 2953 2716 ὅπως
2987 2653 3091 2709 δλα
3117 2655 3185 2710 τὰ
3211 2654 3262 2709 ἐν
3292 2660 3372 2727 τῷ
3395 2653 3696 2727 ἐπισκοπίῳ
3715 2657 3813 2709 τοῦ

2164 2742 2321 2799 οἴνου
2342 2743 2503 2814 σκεύη
2528 2747 2606 2817 (k)
2629 2743 3007 2815 πληθυνθῶσι,
3030 2745 3119 2798 καὶ
3140 2749 3464 2812 πισσοθῶσι,
3486 2744 3664 2808 καθὼς
3691 2739 3812 2808 ἔθος

2165 2834 2433 2908 ὑπῆρχεν,
2455 2835 2627 2908 Ὃπερ
2651 2835 2679 2888 ὁ
2705 2828 3066 2908 πρεσϐύτερος
3089 2835 3117 2888 6
3137 2832 3301 2888 αὐτοῦ
3324 2833 3541 2907 ἀνεψιὸς
3557 2833 3813 2904 ἀκούσας,

2165 2922 2284 2977 Λίαν
2317 2922 2638 2996 ἐθαύμασεν,
2669 2923 2753 2976 ὅτι
2775 2922 2924 2976 οἶνον
2955 2925 3030 2996 μή
3054 2922 3226 2998 ἔχων,
3248 2922 3316 2978 τά
3346 2921 3509 2993 σκεύη
3540 2926 3639 2978 τοῦ
3661 2921 3813 2976 οἴνου

2163 3011 2449 3084 ἑτοιμάσαι
2471 3013 2701 3087 ἀνυγιῶς
2727 3009 3026 3068 ἐκέλευσεν.
3048 3011 3124 3068 Ού
3157 3011 3250 3084 μέν
3265 3033 3420 3086 τοιγε
3441 3008 3814 3085 ἐπετόλμησεν

2165 3098 2484 3170 ἐκζητῆσαι,
2518 3096 2661 3154 διατί
2688 3103 2913 3154 τοιαῦτα
2942 3098 3286 3174 προσέταξεν,
3311 3099 3458 3155 ἀλλά
3477 3105 3546 3174 τῇ
3570 3098 3814 3155 κελεύσει

2167 3189 2331 3244 αὐτοῦ
2363 3188 2691 3257 ὑπακούσας,
2723 3189 2898 3243 πάντα
2925 3187 3062 3242 κατὰ
3087 3188 3150 3242 τὸ
3185 3186 3304 3248 ἔθος
3325 3189 3762 3260 ἡτοίμασε.Τότε
3785 3187 3812 3243 6

2165 3273 2449 3352 ἅνθρωπος
2477 3280 2574 3332 τοῦ
2597 3281 2731 3332 Θεοῦ
2761 3276 2837 3337 εἰς
2857 3276 2948 3330 τὸν
2969 3273 3272 3348 ἀμπελῶνα
3296 3273 3576 3340 εἰσελθὼν,
3600 3277 3698 3344 τήν
3724 3276 3813 3330 εὑ-

2165 3364 2706 3446 ρεθεῖσανζσταφυλήν
2724 3363 2966 3434 συνάξας,
2993 3363 3070 3428 εἲς
3087 3366 3186 3434 τήν
3212 3362 3382 3434 ληνὸν
3397 3361 3700 3440 ἀπήγαγεν,
3725 3363 3814 3418 καί

2163 3457 2367 3518 πάντας
2400 3453 2595 3510 ἐκεῖθεν
2625 3458 2690 3529 (ι)
2721 3451 2954 3525 ἐξελθεῖν
3003 3451 3286 3521 κελεύσας,
3324 3452 3485 3525 μόνος
3533 3453 3666 3524 μετὰ
3695 3453 3814 3516 ἐνὸς

2167 3551 2363 3620 σεμνοῦ
2384 3543 2676 3620 παιδαρίου
2690 3540 2844 3600 ἔνδον
2860 3543 3145 3617 ἀπέμεινεν
3157 3545 3262 3600 ,Ἐν
3287 3540 3345 3598 δὲ
3365 3547 3431 3617 τῇ
3447 3541 3602 3614 ληνῷ
3613 3539 3674 3597 τὰ
3689 3563 3817 3598 παι-

2167 3634 2283 3690 δίον
2307 3635 2518 3710 βαλὼν,
2534 3632 3049 3704 πατηθῆναιαύτοὺς
3061 3633 3188 3694 τοὺς
3213 3630 3441 3705 ὀλίγους
3465 3632 3694 3707 βότρυας
3716 3652 3814 3686 πε-

2164 3726 2612 3796 ποίηκεν.Ἠνίλα
2627 3720 2684 3778 δὲ
2697 3721 2745 3792 ἐξ
2771 3721 2946 3777 αὐτῶν
2960 3724 3104 3784 οἶνος
3117 3719 3301 3794 ὀλίγος
3315 3718 3602 3794 προελθεῖν
3614 3720 3814 3794 ἤρξατο

2164 3818 2357 3870 τοῦτον
2389 3813 2417 3868 6
2446 3815 2542 3867 τοῦ
2574 3815 2707 3867 Θεοῦ
2734 3809 3018 3885 ἄνθρωπος
3050 3814 3171 3870 ταῖς
3202 3805 3368 3870 ἰδίαις
3399 3808 3588 3884 χερσὶν
3617 3806 3669 3861 ἐν
3717 3811 3815 3882 (m)

2167 3903 2484 3977 σεμνοτάτῳ
2513 3899 2722 3978 ἀγγείῳ
2753 3899 3064 3973 δεξάμενος,
3097 3897 3176 3960 εἷς
3207 3897 3312 3953 ὅλα
3333 3899 3398 3954 τὰ
3429 3898 3815 3971 ἐτοιμασθέντα

2166 3991 2328 4062 σκεύη
2365 3990 2622 4065 εὐλογίας
2655 3991 2818 4064 χάριν
2852 3985 3177 4063 ὂιεμέρισεν·
3207 3985 3345 4042 ὥστε
3368 3985 3532 4061 μόλις
3556 3985 3812 4042 πάντατά

2164 4081 2355 4157 ἀγγεῖα
2377 4079 2437 4136 ἐκ
2462 4084 2559 4135 τοῦ
2588 4077 2752 4134 αὐτοῦ
2780 4080 2933 4136 186
2965 4076 3113 4133 οἴνου
3136 4085 3464 4148 παινθῆναι.
3489 4078 3635 4134 Μετὰ
3669 4073 3724 4132 δὲ
3751 4077 3814 4132 τὸ

2167 4169 2444 4246 βληθῆναι
2477 4168 2528 4224 ἐν
2562 4165 2728 4223 ἅπασι
2757 4173 2874 4230 τοῖς
2908 4167 3143 4244 ἀγγείοις
3171 4167 3375 4238 ταύτην
3403 4169 3502 4237 τήν
3532 4165 3812 4243 εὐλογίαν,

2162 4257 2394 4321 καλέσας
2418 4257 2511 4313 τὸν
2533 4252 3165 4333 πρεσϐύτερον,παρευθί›
3189 4256 3318 4320 τοὺς
3341 4256 3606 4336 πτωχούς
3638 4276 3816 4331 παρα-

2165 4360 2414 4427 γενεσθαι
2447 4346 2714 4404 ἐκέλευσε.
2745 4349 2883 4404 Τότε
2910 4345 3114 4422 ἤρξατο
3136 4348 3164 4402 ὁ
3185 4349 3328 4409 οἶνος
3360 4346 3413 4403 ἐν
3435 4350 3504 4420 τῇ
3537 4345 3693 4418 ληνῷ
3715 4345 3812 4400 αὐ-

2165 4441 2362 4510 ξάνειν,
2395 4438 2536 4494 ὥστε
2565 4438 2772 4494 ἅπαντα
2798 4438 2865 4492 τὰ
2895 4435 3178 4512 ἐνεχθέντα
3208 4441 3316 4493 τῶν
3349 4441 3591 4514 πτωχῶν
3623 4436 3813 4509 ἀγγεῖα

2165 4533 2691 4606 γεμισθῆναι.Τοῦτο
2709 4527 2803 4582 οὗν
2827 4531 3153 4598 θεασάμενος
3167 4527 3254 4581 καὶ
3272 4523 3810 4600 πληροφορηθεὶς,τὸ

2161 4615 2378 4674 παιδίον
2403 4616 2464 4673 ἐκ
2482 4624 2580 4687 τῆς
2596 4615 2769 4686 ληνοῦ
2782 4614 3056 4671 ἐκέλευσεν
3069 4613 3435 4681 ἀνελθεῖν-τήν
3452 4611 3509 4667 δὲ
3521 4612 3806 4682 ἀποθήκην

2161 4706 2402 4778 κλείσας,
2425 4705 2513 4760 καί
2534 4707 2634 4776 τήν
2657 4701 2794 4759 ἰδίαν
2819 4699 3088 4781 σφραγῖδα
3111 4701 3446 4774 ἐπιθέμενος,
3477 4700 3612 4774 μετά
3640 4700 3813 4778 ἀσφα-

2162 4795 2313 4859 λείας
2343 4795 2622 4866 κατέλιπε,
2652 4794 2744 4849 καὶ
2774 4790 2970 4857 εὐθέως
3011 4791 3063 4847 ἐν
3085 4795 3154 4866 τῇ
3177 4790 3442 4864 ἐκκλησίᾳ
3491 4791 3811 4866 ύπέστρεψε.

2161 4887 2312 4945 Μετὰ
2342 4883 2400 4941 δὶ
2428 4885 2618 4960 τρίτην
2646 4884 2878 4960 ἡμέραν,
2911 4881 3004 4938 τὸν
3037 4880 3416 4958 προλεχθέντα
3440 4882 3812 4939 Κωνστάντιον

2161 5030 2393 5073 sonum.

2233 5090 2306 5158 (Γ)
2335 5087 2506 5142 Caret
2536 5084 2643 5158 hac
2672 5100 2810 5139 voce
2847 5083 3166 5158 Compend.

2336 5160 2520 5231 Colb.,
2555 5153 2783 5231 ὀνόματι
2816 5155 3158 5231 Βονιᾷιράτιος.

2233 5226 2316 5302 (7t)
2349 5226 2514 5300 Reg.,
2603 5226 2894 5302 ἐπίσκοπος
2925 5226 3093 5302 ᾅρτις,

2333 5292 2511 5380 ΙΫἯῘ,
2531 5299 2668 5380 ξπου
2699 5292 2751 5352 ἔν
2785 5297 3069 5380 βυτ-ρύδιον
3096 5299 3173 5362 εἷς
3194 5297 3361 5377 ὀλίγα
3385 5297 3591 5380 φύλλα,
3624 5295 3702 5358 εἷς
3727 5299 3812 5360 δν.

2231 5367 2302 5448 (
2331 5367 2516 5448 ῼοῐῦέ,
2543 5367 2919 5448 ξφθασενξτοῦ.

2232 5440 2309 5521 (ξ)
2332 5440 2511 5521 Idem
2528 5440 3108 5521 βδξίξκπληθρνθῶσιο
3190 5513 3203 5521 .
3305 5519 3314 5521 -
3547 5506 3562 5521 .
3773 5509 3802 5521 -

2231 5506 2490 5592 _M_ss.,
2525 5506 2757 5588 ἐξελθεῖν
2779 5506 3090 5592 ἐκέλευσεν,
3119 5513 3208 5572 καὶ
3244 5519 3412 5590 μόνος
3438 5506 3581 5592 μετὰ
3600 5509 3841 5571 σιμ-νοΐ).

2233 5585 2333 5663 (νὴ)
2365 5588 2502 5661 Reg.
2514 5629 2529 5657 ,
2561 5585 2896 5663 μικροτάτῳ.
