4210 6160
352 327 463 385 191

1559 323 1833 384 SANCTI
1880 323 2247 386 GREGORII
2294 321 2538 383 MAGNI

3639 313 3752 374 192

348 455 438 509 τὸν
463 450 825 529 πρεσϐύτερον
847 453 1098 522 καλέσας,
1121 454 1210 506 καὶ
1234 453 1404 527 εὐχὴν
1426 454 1682 523 ποιήσας,
1703 455 1804 523 τήν
1836 453 1982 508 ἀπο-

2108 455 2385 527 liquorum
2400 423 2972 519 infuderat,ubertim
2985 447 3181 504 vinum
3196 447 3500 504 fundentia
3513 448 3752 517 invenit,

351 544 523 612 θήκην
547 542 831 614 ἢνοιξε.“ῐ’ἁ
853 540 909 596 δὲ
928 541 1088 610 σκεύη
1116 541 1167 595 ἐν
1187 543 1270 602 οἷς
1295 542 1322 595 6
1340 539 1837 618 ἐκπιεσθείςόλίγος
1850 543 1992 604 οἶνος

351 628 588 702 ἐϐλήθη,
622 629 867 704 δαψιλῶς
906 631 998 685 τὸν
1040 630 1186 684 οἶνον
1232 629 1530 705 ἐκχύνοντα
1569 631 1736 705 εὗρεν·
1765 630 1901 686 ὥστε
1947 632 1992 686 εἷ

353 719 540 789 ἐδέησε
562 722 652 776 τὸν
680 720 969 774 ἐπίσκοπον
996 717 1187 792 ὀλίγον
1207 717 1464 793 βραδύναι
1486 724 1583 773 τοῦ
1605 719 1992 790 εἶσελθεῖν,τὴν

352 817 458 883 γῆν
488 817 586 877 τῆς
621 809 901 877 ἀποθήκης
932 813 1100 861 πᾶσαν
1126 805 1212 862 ἐπὶ
1235 811 1331 862 τοῦ
1356 807 1822 882 ὑπερεκχεομένου
1841 808 1992 864 οἲνου

352 903 429 970 (α)
444 897 965 965 σκεπασθῆναι.Τότε
982 901 1060 968 τῷ
1079 891 1425 970 πρεσϐυτέρῳ
1439 897 1574 968 μετᾶ
1587 897 1995 970 αὐστηρότητος

353 983 650 1052 ἐκέλευσεν,
677 979 769 1036 ’ίνα
803 979 992 1054 μηδενὶ
1021 983 1085 1037 τὸ
1121 987 1300 1055 θαῦμα
1327 986 1494 1038 τοῦτο
1527 983 1733 1056 ἐξείπῃ,
1763 981 1942 1047 ἓωςοῦ
1965 984 1994 1038 6

351 1070 646 1132 ἒπίσκοπος
680 1071 740 1126 ἐκ
765 1078 864 1140 τῆς
896 1071 1174 1144 παρούσης
1200 1076 1347 1140 ζωῆς
1371 1068 1632 1146 μέτὲλθῃ,
1651 1068 1995 1146 φοϐούμενος

356 1164 430 1233 μή
465 1182 580 1222 πως
611 1159 664 1214 ἐν
691 1164 760 1234 τῇ
781 1159 1031 1235 γεγονυίᾳ
1068 1157 1293 1232 δυνάμει
1322 1164 1418 1215 τοῦ
1451 1160 1747 1233 θαύματος,
1781 1159 1869 1215 διὰ
1898 1165 1995 1216 τοῦ

350 1252 457 1305 τῶν
482 1251 782 1324 ἀνθρώπων
801 1248 1044 1317 ἐπαίνου,
1069 1243 1283 1323 βλάϐην
1305 1249 1425 1304 τινὰ
1445 1249 1734 1324 ὑπομείνῃ·
1759 1252 1834 1323 (b)
1856 1251 1994 1304 πάνυ

352 1341 456 1413 γὰρ
487 1339 581 1400 τὰς
612 1337 829 1410 πράξεις
855 1337 951 1399 τὰς
978 1337 1176 1411 ἀγαθὰς
1209 1338 1236 1391 6
1267 1343 1374 1392 τῶν
1422 1337 1722 1412 ἀνθρώπων
1779 1335 1996 1401 ἔπαινος

351 1423 758 1502 παραϐλάπτειν
791 1425 994 1480 εἷ’ωθεν·
1027 1426 1116 1481 καὶ
1148 1425 1199 1480 ἐν
1229 1427 1408 1499 τούτῳ
1435 1432 1516 1500 τῷ
1545 1432 1642 1482 τοῦ
1667 1425 1996 1482 διδασκάλου

2106 545 2184 599 ita
2214 551 2276 598 ut
2309 543 2705 614 pavimentum
2725 553 2897 595 omne
2917 536 3314 592 excrescentia
3336 537 3470 592 vina
3509 537 3750 592 invade-

2105 638 2254 698 rent,
2278 633 2326 687 si
2352 632 2541 686 adhuc
2562 629 2870 702 episcopus
2896 625 3116 683 tardius
3139 625 3436 682 intrasset.
3456 627 3620 682 Tunc
3641 630 3756 682 ter-

2103 721 2352 777 ribiliter
2375 720 2708 792 presbytero
2731 716 3081 789 przecepitne
3094 731 3400 786 quousque
3423 716 3620 786 ipsein
3638 732 3758 772 cor-

2104 827 2241 881 pore
2269 811 2506 876 viveret,
2558 809 2667 864 hoc
2716 806 3066 862 miraculum
3097 804 3372 877 cuiquam
3415 805 3697 861 indicaret
3728 823 3742 874 ;

2105 900 2524 971 pertimescens
2545 895 2902 953 videlicetne
2923 895 2982 950 in
3015 895 3228 950 virtute
3260 894 3396 949 facti
3428 895 3617 950 favore
3643 894 3759 950 hu-

2105 1005 2280 1044 mano
2315 987 2602 1058 pulsatus,
2635 986 2771 1042 inde
2803 985 2958 1040 intus
2983 985 3364 1048 insuesceret,
3414 983 3570 1038 unde
3611 983 3751 1038 foris

2109 1077 2452 1134 hominibus
2470 1091 2722 1147 magnus
2734 1077 3069 1146 appareret:
3087 1088 3247 1129 exem
3258 1071 3417 1143 plum
3431 1074 3605 1128 etiam
3630 1076 3750 1128 Ma-

2105 1167 2277 1238 gistri
2299 1183 2569 1236 sequens,
2592 1165 2694 1236 qui
2718 1170 2780 1220 ut
2803 1180 2909 1218 nos
2931 1163 3001 1218 ad
3028 1163 3176 1217 viam
3203 1161 3554 1216 humilitatis
3577 1161 3755 1232 (g)in-

2105 1259 2372 1324 strueret,
2396 1256 2467 1310 de
2493 1255 2808 1325 semetipso
2829 1251 3129 1323 discipulis
3151 1252 3439 1322 praecepit,
3465 1252 3662 1306 dicens
3686 1258 3754 1306 ut

2106 1360 2171 1400 ea
2203 1361 2325 1416 quis
2347 1344 2646 1412 vidissent,
2671 1342 2744 1413 (h)
2784 1341 3005 1398 nemini
3039 1341 3315 1406 dicerent,
3339 1355 3632 1410 quousque
3663 1339 3755 1395 Fi-

2111 1432 2228 1489 lius
2259 1433 2515 1490 hominis
2538 1451 2571 1489 a
2602 1431 2846 1488 mortuis
2878 1433 3205 1502 resurgeret
3246 1429 3456 1499 (Matth.
3492 1445 3630 1497 xvn,
3673 1427 3754 1499 9).

356 1515 717 1594 ὑποδείγματι
745 1513 1140 1585 ἒξακολουθῶν,
1179 1515 1327 1578 ὅστις
1359 1517 1508 1588 ἡμᾶς
1542 1516 1597 1572 ἓν
1627 1523 1693 1586 τῆ
1725 1525 1950 1587 ταπεινῆ
1985 1515 2096 1592 ὁδῷ
2125 1527 2223 1590 τῆς
2253 1521 2753 1596 ταπεινοφροσύνης
2794 1515 3030 1594 ὁδηγῶν,
3078 1521 3192 1578 τοῖς
3241 1517 3430 1571 ἑαυτοῦ
3485 1521 3751 1588 μαθηταῖς

353 1605 677 1677 ἐνετείλατο,
711 1604 911 1680 λέγων,
943 1606 1065 1680 περὶ
1100 1606 1173 1660 ὧν
1206 1604 1470 1680 ἔθεώρουν
1503 1605 1774 1680 σημείων,
1791 1605 1884 1662 ’ίνα
1908 1605 2096 1680 μηδεεὶ
2121 1609 2372 1680 εἷ’πωσιν,
2393 1610 2496 1673 ἓως
2521 1611 2582 1665 οὗ
2604 1611 2632 1664 6
2655 1610 2778 1670 Υἱὸς
2799 1613 2895 1663 τοῦ
2917 1606 3203 1681 ἂνθρώπον
3228 1604 3287 1662 ἒκ
3305 1607 3505 1680 νεκρῶς
3529 1607 3758 1675 ἁναστῆ.

425 1701 619 1753 ΠΕΤΡ.
639 1696 965 1772 Προφάσεως
989 1693 1239 1769 εὐκαίρου
1259 1694 1640 1773 ἀναφανείσης,
1669 1695 1994 1766 ἐπιζητῆσαι

2173 1703 2347 1758 Pars.
2380 1702 2527 1767 Quia
2555 1701 2786 1757 occasio
2817 1706 2952 1771 apta
2981 1714 3043 1753 se
3076 1697 3346 1768 praebuit,
3385 1697 3526 1752 libet
3564 1696 3759 1767 inqui-

351 1784 492 1840 θὲλω
521 1784 570 1839 τί
611 1783 864 1858 βούλεται
898 1784 1059 1856 εἶναι,
1093 1783 1177 1839 ὅτι
1201 1785 1229 1838 ὁ
1262 1783 1550 1857 λυτρωτής
1572 1787 1733 1858 ἡμῶν
1762 1785 1911 1850 Θεὸς,
1941 1785 1992 1839 ἐν

353 1872 464 1945 ὅσῳ
500 1879 616 1934 τοῖς
650 1869 768 1927 δυσὶ
799 1873 1028 1950 τυφλοῖς
1068 1874 1130 1928 τὸ
1181 1877 1295 1951 φῶς
1344 1871 1662 1949 ἐχαρίσατο,
1717 1873 1992 1930 ἐκέλευσεν

352 1962 501 2025 ὅπως
529 1960 719 2036 μηδενῖ
744 1961 990 2017 ε’ἰπωσιν·
1019 1962 1209 2017 ἐκεῖνοι
1227 1960 1284 2017 δὲ
1305 1961 1994 2042 ἀπελθόντες,διεφήμισαν

351 2052 510 2106 αὐτὸν
544 2051 596 2105 ἐν
626 2052 770 2125 πάσῃ
801 2057 869 2120 τῆ
901 2058 970 2126 γῆ
1003 2049 1182 2125 ἐκείνῃ
1211 2071 1226 2122 ;
1261 2053 1337 2124 μή
1369 2049 1420 2106 τί
1441 2072 1501 2126 γε
1523 2053 1550 2107 6
1576 2054 1878 2127 μονογενὴς
1897 2057 1995 2107 τοῦ

349 2143 553 2215 πατρὸς
581 2141 726 2210 Υἱὸς,
769 2140 860 2195 καὶ
906 2143 1003 2196 τοῦ
1052 2141 1206 2217 ἁγίου
1254 2143 1560 2214 πνεύματος
1613 2139 1884 2204 συναῖδιος
1940 2142 1991 2198 ἐν

349 2230 530 2302 τούτῳ
557 2235 638 2301 τῷ
666 2231 947 2306 πράγματι
981 2229 1200 2304 θέλημα
1229 2231 1404 2308 εἶχεν,
1437 2232 1570 2306 ὅπερ
1601 2228 1703 2286 οὐκ
1742 2229 1992 2303 ἠδυνήθη

351 2320 666 2403 πληρῶσαι·
701 2318 836 2374 ὥστε
864 2320 927 2374 τὸ
977 2323 1178 2393 θαῦμα,
1230 2319 1364 2393 ὅπερ
1412 2321 1758 2390 σιωπηθῆναι
1806 2321 1993 2394 ἤθελε,

357 2405 628 2482 μηδαμῶς
661 2409 733 2480 (ο)
763 2405 1058 2477 δυνηθῆναι
1088 2405 1486 2483 ἀποκρυϐῆναι.

424 2502 616 2551 ΓΡΗΓ.
649 2496 710 2552 Ὁ
743 2496 1028 2570 λυτρωτής
1059 2499 1219 2568 ἡμῶν
1253 2498 1402 2569 Θεὸς,
1427 2495 1516 2552 διὰ
1544 2502 1641 2553 τοῦ
1672 2500 1866 2569 θνητοῦ
1888 2500 1999 2554 σώ-

353 2582 783 2658 ματος,ἓκαστον
811 2585 941 2659 ὅπερ
965 2585 1417 2660 εἷργάσατο,ἠμῖν
1442 2584 1844 2663 ὐπόδειγμα(ά)
1856 2589 1998 2662 πρά-

354 2674 483 2744 ξεως
515 2669 839 2748 παρέσχετο·
867 2672 956 2728 ’ίνα
992 2673 1082 2727 καὶ
1113 2675 1276 2746 ἡμεῖς
1311 2671 1532 2748 δυνάμει
1564 2675 1808 2748 σημείων
1833 2675 1999 2752 ἐργα-

357 2763 594 2836 ζόμενοι,
626 2762 814 2836 τρόπῳ
843 2762 1079 2835 τοιούτῳ
1107 2768 1222 2825 τοῖς
1255 2763 1462 2839 ἴχνεσιν
1494 2765 1658 2820 αὐτοῦ
1690 2764 1997 2821 ἐπακολου-

355 2857 594 2918 θοῦντες,
629 2853 994 2928 ἀπροσκόπτῳ
1026 2851 1155 2909 ποδὶ
1186 2852 1238 2908 ἐν
1268 2861 1382 2918 τοῖς
1408 2863 1507 2925 τῆς
1537 2857 1817 2930 παρούσης
1850 2863 2000 2927 ζωῆς

353 2941 536 3020 ἔργοις
557 2940 891 3016 ὁδεύσωμεν,
913 2943 1226 3015 θαυμασίως
1248 2947 1644 3016 νομοθετήσας,
1673 2947 1764 3000 καὶ
1784 2947 1992 3021 ἡσυχά-

2117 1806 2238 1846 rere
2269 1789 2550 1861 quidnam
2582 1789 2660 1844 sit
2690 1789 2843 1860 quod
2872 1787 3218 1857 Redemptor
3236 1789 3432 1841 noster
3457 1799 3592 1840 cum
3615 1785 3763 1839 duo-

2115 1878 2223 1934 bus
2241 1881 2405 1936 cecis
2425 1877 2627 1934 lumen
2652 1875 2926 1944 reddidit,
2943 1875 3120 1947 jussit
3143 1881 3204 1930 ut
3233 1873 3453 1930 nemini
3476 1873 3753 1941 dicerent,

2112 1971 2170 2024 et
2199 1967 2282 2022 illi
2324 1969 2606 2024 abeuntes
2637 1967 3084 2022 diﬂ'amaverunt
3104 1979 3237 2019 eum
3271 1963 3336 2034 (i)
3360 1962 3418 2017 in
3443 1966 3625 2018 totam
3643 1965 3762 2017 ter-

2111 2073 2236 2112 ram
2270 2056 2430 2112 illam
2461 2056 2682 2128 (Matth.
2733 2072 2809 2124 ix,
2852 2055 2966 2124 27).
3019 2052 3438 2124 Nunquidnam
3487 2050 3760 2122 unigeni-

2111 2149 2206 2202 tus
2236 2146 2436 2216 Filius,
2460 2145 2610 2202 Patri
2640 2153 2694 2201 et
2723 2147 2924 2200 sancto
2973 2142 3214 2214 Spiritui
3269 2145 3611 2207 coaeternus,
3649 2139 3757 2194 hac

2111 2234 2171 2290 in
2202 2251 2260 2291 re
2288 2235 2434 2291 velle
2489 2233 2715 2302 habuit,
2765 2233 2921 2304 quod
2965 2249 3078 2288 non
3135 2232 3326 2305 potuit
3380 2229 3639 2303 implere,
3692 2234 3758 2287 ut

2112 2324 2459 2380 miraculum
2491 2323 2647 2396 quod
2699 2322 2879 2378 taceri
2926 2320 3134 2388 voluit,
3185 2320 3430 2376 minime
3476 2319 3760 2391 potuisset

2110 2413 2389 2470 abscondi
2419 2412 2448 2468 ‘I

2183 2501 2444 2558 Gnaeos.
2478 2503 2834 2574 Redemptor
2887 2503 3087 2556 noster
3117 2515 3216 2572 per
3256 2497 3500 2556 mortale
3548 2513 3756 2570 corpus

2113 2607 2286 2647 omne
2315 2591 2472 2662 quod
2515 2592 2654 2663 egit,
2686 2590 2796 2647 hoc
2829 2590 2998 2646 nobis
3039 2590 3099 2644 in
3147 2588 3472 2659 exemplum
3510 2585 3757 2642 actionis

2114 2680 2381 2752 praabuit,
2417 2683 2482 2735 ut
2540 2695 2646 2752 pro
2695 2683 3027 2737 nostrarum
3075 2677 3286 2733 virium
3337 2675 3572 2731 modulo
3627 2674 3755 2745 ejus

2111 2769 2354 2840 vestigia
2373 2773 2709 2841 sequentes,
2741 2768 3027 2824 inoffenso
3059 2767 3200 2838 pede
3234 2765 3426 2838 operis
3459 2763 3760 2835 praesentis

2109 2859 2242 2915 vitae
2273 2874 2578 2928 carpamus
2601 2858 2774 2914 viam.
2799 2855 3140 2914 Miraculum
3165 2871 3420 2926 namque
3445 2855 3683 2922 faciens,
3706 2860 3761 2910 et

2111 2947 2284 3003 taceri
2301 2947 2503 3018 jussit,
2525 2950 2582 3004 et
2602 2951 2799 3003 tamen
2827 2947 3005 3002 taceri
3027 2961 3141 3002 non
3167 2944 3387 3016 potuit;
3413 2948 3473 2999 ut
3493 2941 3758 2998 videlicet

356 3037 460 3100 ζειν
473 3030 845 3099 κελεύσας,καὶ
864 3029 1075 3103 μᾶλλον
1095 3033 1441 3102 σιωπηθῆναι
1458 3033 1556 3088 οὐκ
1568 3032 1837 3105 ἠδυνήθη·
1854 3033 1994 3090 ὥστε

2112 3045 2168 3094 et
2196 3035 2360 3094 electi
2387 3036 2516 3107 ejus
2542 3035 2808 3108 exempla
2835 3035 3108 3092 doctrinae
3133 3034 3292 3090 illius
3340 3040 3669 3104 sequentes,
3694 3031 3756 3087 in

355 3119 548 3176 λοιπὸν
568 3121 656 3175 καὶ
684 3121 810 3181 τοὺς
860 3118 1147 3184 ἐκλεκτοὺς
1185 3123 1313 3184 τοὺς
1360 3127 1440 3195 τῷ
1485 3120 1848 3200 ὑποδείγματι
1894 3130 1994 3192 τῆς

352 3209 514 3264 αὐτοῦ
555 3207 908 3270 διδασκαλίας
955 3209 1410 3282 ἀκολουθοῦντας,
1458 3212 1511 3266 ἐν
1553 3214 1635 3274 οἷς
1681 3211 1996 3289 εργάζονται

355 3300 633 3374 μεγίστοις
655 3299 912 3371 θαύμασι,
937 3294 1204 3373 κρυϐῆναι
1231 3302 1322 3374 μὲν
1346 3302 1802 3375 ταῦτα,πρόθεσιν
1825 3298 1994 3377 ἔχειν,

350 3387 480 3444 ἀλλ’
507 3389 597 3444 ’ἰνα
625 3389 714 3444 καὶ
744 3387 918 3465 ἕτεροι
979 3389 1338 3466 ὠφεληθῶσι,
1379 3391 1579 3467 φανερᾶ
1623 3391 1993 3445 καθίστανται·

347 3483 508 3534 τοῦτο
541 3476 598 3534 δὲ
627 3479 715 3533 καὶ
747 3477 1210 3554 ταπεινοφροσύνη
1249 3479 1478 3554 μεγίστη
1517 3479 1771 3554 ὑπάρχει,
1804 3479 1887 3533 δτι
1931 3478 1998 3534 τὰ

351 3569 483 3648 ἔργα
515 3571 688 3625 αὐτῶν
715 3565 983 3644 κρυϐῆναι
1015 3569 1256 3637 θέλουσι,
1286 3570 1378 3624 καὶ
1409 3568 1674 3646 ὠφέλειαν
1699 3568 1922 3642 μείζονα
1943 3571 1993 3625 ἐν

348 3667 427 3732 τῷ
455 3665 624 3716 ταῦτα
655 3661 1000 3728 σιωπηθῆναι
1035 3659 1111 3730 μή
1153 3656 1427 3713 δύνασθαι·
1479 3656 1751 3732 Οὐδαμῶς
1801 3657 1856 3714 δέ
1884 3681 1934 3714 τι
1968 3660 1995 3714 6

349 3750 536 3825 κύριος
568 3751 806 3824 γενέσθαι
838 3746 1103 3818 ἠθέλησεν
1135 3747 1267 3821 ὅπερ
1298 3755 1525 3818 ποιῆσαι
1569 3749 1675 3804 οὐκ
1717 3746 1992 3820 ἠδυνήθη·

351 3840 404 3896 εἷ’
426 3861 478 3895 τι
515 3837 572 3894 δὲ
610 3839 734 3914 περὶ
767 3837 930 3893 αὐτοῦ
961 3836 1177 3912 λέγεται
1209 3835 1458 3906 θελῆσαι,
1489 3836 1580 3892 καὶ
1613 3838 1690 3911 μή
1736 3837 1984 3910 θελῆσαι,

353 3934 681 4000 σωματικῶς
725 3926 888 3981 αὐτοῦ
925 3931 1041 3988 τοῖς
1091 3926 1400 4000 ἀνθρώποις
1445 3924 1869 4000 ἐπιδημοῦντος,
1915 3928 1991 3991 είς

354 4017 631 4092 ἡμετάραν
663 4013 1010 4070 διδασκαλίαν
1046 4021 1114 4087 (e)
1149 4012 1466 4091 ὑπόδειγμα
1493 4013 1746 4075 δέδωκεν.

426 4109 622 4162 ΠΕΤΡ.
657 4105 899 4178 Ἀρέσκει
933 4101 962 4158 6'
993 4103 1193 4179 λέγεις.

424 4200 613 4250 ΓΡΗΓ.
647 4194 857 4266 ’Δκμὴν
887 4192 1048 4268 ὀλίγα
1072 4194 1192 4249 τινὰ
1211 4199 1319 4250 τῶν
1349 4193 1523 4272 ἔργων
1556 4196 1880 4274 Βονιφατίου
1901 4201 1998 4254 τοῦ

352 4284 672 4352 ἐπισκόπου,
697 4285 831 4356 ἅπερ
857 4283 1274 4357 κατελείψαμεν,
1297 4285 1514 4348 οὗτινος
1538 4285 1720 4358 μνείαν
1735 4285 2000 4358 ἐποιησά-

357 4377 513 4449 μεθα,
537 4371 823 4447 διεξελθεῖν
849 4370 1054 4428 δίκαιον
1079 4376 1435 4448 ἡγοῦμαι.Ἐν
1450 4373 1606 4449 ἄλλῳ
1625 4376 1803 4432 τοίνυν
1825 4382 2000 4453 καιρῷ

2108 3127 2341 3199 magnis
2364 3143 2493 3198 quaa
2526 3127 2769 3193 faciunt,
2788 3127 2963 3182 latere
2980 3125 3223 3196 quidem
3247 3124 3308 3178 in
3328 3123 3624 3179 voluntate
3646 3121 3754 3177 ha-

2105 3215 2301 3283 beant,
2333 3216 2431 3271 sed
2459 3219 2521 3270 ut
2553 3215 2779 3285 prosint
2800 3212 2950 3276 aliis,
2980 3211 3301 3284 prodantur
3323 3210 3486 3267 inviti
3513 3230 3527 3278 ;
3553 3214 3752 3281 quate-

2106 3322 2220 3360 nus
2247 3308 2303 3360 et
2334 3319 2565 3375 magna
2587 3302 2938 3358 humilitatis
2959 3302 3038 3358 sit
3068 3302 3224 3373 quod
3259 3317 3363 3356 sua
3383 3316 3558 3372 opera
3578 3298 3754 3354 taceri

2106 3397 2408 3466 appetunt,
2423 3394 2486 3462 (1')
2503 3397 2560 3448 et
2574 3407 2796 3463 magna:
2815 3390 3080 3446 utilitatis
3096 3390 3335 3460 sitquod
3359 3405 3556 3444 eorum
3579 3403 3756 3459 opera

2106 3483 2280 3540 taceri
2312 3498 2431 3537 non
2463 3485 2728 3554 possunt.
2759 3481 2886 3536 Non
2910 3496 3046 3552 ergo
3076 3479 3254 3536 voluit
3276 3478 3562 3534 Dominus
3583 3477 3753 3549 quid-

2107 3590 2278 3644 quam
2312 3572 2460 3638 fieri,
2492 3575 2550 3627 et
2581 3571 2823 3626 minime
2857 3571 3085 3641 potuit;
3128 3569 3224 3624 sed
3271 3568 3410 3640 quid
3444 3567 3588 3624 velle
3629 3568 3756 3637 ejus

2107 3663 2369 3719 membra
2397 3661 2670 3731 debeant,
2713 3660 2926 3731 quidve
2956 3660 3027 3715 de
3067 3659 3152 3715 eis
3191 3659 3368 3714 etiam
3418 3656 3755 3712 nolentibus

2107 3754 2228 3821 fiat,
2259 3751 2531 3809 doctrinas
2563 3750 2894 3823 magisterio
2924 3749 3255 3821 exemplum
3288 3747 3468 3805 dedit.

2179 4114 2344 4170 Ρετιι.
2379 4112 2571 4170 Placet
2601 4113 2756 4186 quod
2791 4113 2956 4171 dicis.

2179 4205 2436 4260 Gasoon.
2467 4202 2674 4259 Adhuc
2704 4221 2888 4276 pauca
2935 4202 3132 4274 aliqua
3171 4217 3298 4274 qum
3343 4201 3413 4256 de
3467 4197 3750 4255 Bonifacii

2108 4294 2368 4367 episcopi
2389 4310 2560 4365 opere
2590 4300 2928 4366 supersunt,
2961 4293 3094 4364 quia
3124 4292 3250 4363 ejus
3283 4291 3624 4346 memoriam
3655 4287 3748 4342 fe-

2111 4383 2322 4450 cimus,
2355 4398 2764 4454 exsequamur.
2814 4380 2940 4437 Alio
2987 4396 3241 4452 namque
3288 4383 3550 4450 tempore
3597 4373 3752 4431 beati

349 4437 447 4520 τοῦ
482 4437 748 4538 μακαρίου
865 4437 1186 4538 Προκούλου
1208 4437 1304 4520 rei}
1339 4437 1612 4540 μάρτυρός
1632 4468 1666 4536 ἡ
1688 4473 1788 4536 τῆς
1811 4437 1994 4542 ἑορτῆς

2113 4437 2339 4530 Proculi
2363 4437 2966 4543 martj'risnatalitius
2997 4437 3431 4544 propinquabat
3460 4469 3603 4535 dies,
3637 4481 3753 4536 quo

353 4552 681 4624 ἔπλησιαζεν
703 4551 999 4628 ἡμέρα.Ἐν
1022 4551 1168 4625 αὐτῷ
1189 4551 1247 4608 δὲ
1268 4559 1348 4627 τῷ
1367 4554 1519 4629 τόπῳ
1539 4555 1678 4631 ἀνήρ
1698 4577 1778 4619 τις
1794 4557 2002 4632 εὐγενὲ-

355 4665 545 4706 στατος
568 4643 822 4714 γατῴκει,
848 4647 1228 4714 Φορτουνᾶτας
1250 4642 1510 4720 τοῦνομα·
1537 4643 1684 4709 ὅστις
1701 4650 1780 4718 τῷ
1799 4643 1996 4701 σεϐασ-

358 4735 467 4806 μίῳ
495 4731 677 4806 τούτῳ
709 4729 862 4805 ἀνδρὶ
893 4730 1112 4801 πολλὴν
1143 4732 1344 4788 ἱκεσίαν
1375 4736 1739 4809 προσήγαγεν,
1774 4733 1868 4789 τίνα
1894 4736 1994 4804 τὴν

353 4821 694 4895 λειτουργίαν
727 4819 1107 4884 ἐπιτελοῦντος
1129 4821 1296 4876 αὐτοῦ
1317 4828 1417 4891 τῆς
1442 4826 1539 4877 τοῦ
1565 4823 1831 4897 μακαρίου
1856 4825 1996 4896 μάρ-

349 4931 511 4987 τυρος
534 4913 683 4968 187
711 4909 928 4987 ἑορτῆς,
950 4911 1208 4987 εὐλογίαν
1232 4911 1283 4967 ἐν
1307 4916 1386 4985 τῷ
1409 4911 1542 4986 οἷ’κῳ
1563 4911 1725 4968 αὐτοῦ
1745 4911 1994 4987 ἐπικλίνη

446 5075 502 5218 (ιζ
533 5073 718 5142 Colb.,
761 5072 1068 5142 πιανθῆναι.

447 5149 476 5202 b
537 5147 692 5201 Hanc
725 5145 1025 5218 periodum
1059 5163 1068 5200 ι

447 5145 500 5215 b)
537 5147 692 5201 Hanc
725 5145 1025 5215 periodum
1059 5163 1125 5202 ac
1158 5148 1515 5204 sententiam
1549 5145 1858 5204 Zacharias
1889 5149 1995 5204 ad-

353 5216 688 5292 diditecum
721 5218 780 5271 in
817 5216 1205 5292 Latinoiteatu
1239 5219 1403 5275 nulla
1433 5219 1554 5274 sint
1582 5219 1710 5290 ejus
1733 5220 1995 5292 vestigia.

350 5291 900 5364 Signiﬁcatdautein
937 5290 1240 5364 :rlllultam
1295 5293 1442 5347 enim
1485 5306 1679 5347 nocere
1719 5290 1998 5348 consuevit

352 5359 508 5421 bonis
534 5361 803 5430 aperibus,
838 5359 1121 5417 hominum
1152 5363 1292 5417 laus.

419 5436 492 5506 (ε)
527 5427 692 5503 Mss.,
726 5427 996 5506 ἠδυνήθη,

417 5501 496 5576 (Δ)
531 5501 694 5577 Reg.,
727 5501 1020 5577 εἴργασατο
1049 5501 1143 5577 ’ἱνα-
1171 5503 1359 5576 ἡμεῖς.

417 5522 496 5576 (α)
531 5522 694 5577 neg.,
727 5522 1020 5631 ειρῖασατο
1058 5523 1138 5558 ινα
1171 5522 1359 5576 ημεις,

348 5578 684 5712 δέὲἒκὲξεη
737 5573 808 5629 ὑπ
846 5571 1045 5655 δειγμα
1091 5575 1334 5654 γέγονεν.
1389 5577 1572 5648 ΟοΊὶ).,
1625 5574 1997 5651 ὑποδείγματα

443 5669 596 5710 ωκεν.

2112 4563 2172 4619 in
2205 4563 2328 4619 loco
2366 4563 2450 4618 vir
2481 4561 2693 4618 nobilis
2751 4563 3104 4618 Fortunatus
3153 4561 3390 4617 nomine
3438 4557 3749 4614 manebat:

2107 4653 2208 4724 qui
2231 4651 2458 4723 magnis
2480 4651 2750 4722 precibus
2764 4651 2836 4706 ab
2859 4652 3059 4707 eodem
3075 4648 3388 4707 venerabili
3404 4649 3524 4703 viro
3549 4648 3756 4717 postu-

2105 4741 2247 4798 lavit
2278 4746 2342 4796 ut
2371 4758 2503 4796 cum
2536 4741 2689 4811 apud
2715 4740 2942 4796 beatum
2976 4747 3285 4813 martyrem
3317 4739 3631 4795 missarum
3655 4751 3752 4790 so-

2107 4831 2322 4888 lemnia
2352 4834 2567 4903 ageret,
2600 4829 2752 4886 188
2785 4830 2857 4900 (Ic)
2890 4829 2963 4885 ad
3002 4829 3460 4886 benedictionem
3499 4829 3750 4887 dandam

2106 4919 2166 4976 in
2189 4936 2353 4977 suam
2382 4920 2624 4977 domum
2661 4918 2999 4976 neclinaret.
3033 4918 3134 4974 Vir
3162 4923 3354 4976 autem
3388 4921 3486 4976 Dei
3533 4934 3749 4991 negare

2177 5083 2244 5152 (Γ)
2274 5085 2429 5150 Mss.,
2462 5078 2714 5152 Πρόκλου

2179 5151 2253 5224 (g)
2303 5151 2609 5208 Secundus
2667 5152 2908 5216 Theod.,
2960 5151 3356 5210 introduceret.
3407 5153 3558 5209 Editi
3609 5156 3745 5210 ante

2105 5225 2275 5281 Guss.
2289 5266 2302 5291 ,
2333 5225 2568 5280 duceret.

2177 5295 2256 5367 (h)
2283 5295 2568 5367 Germ._et
2599 5295 2942 5367 Compend.,
2979 5295 3217 5352 minime
3255 5296 3516 5353 dicerent.
3568 5295 3746 5352 Paulo

2105 5365 2245 5440 post
2261 5372 2455 5423 tamen
2489 5365 2697 5439 legitur
2729 5365 2760 5422 ί
2768 5368 2942 5440 jussit
2968 5374 3032 5424 ut
3061 5370 3277 5423 nemini
3305 5370 3573 5424 dicerent.

2182 5439 2251 5508 (ἰ)
2283 5439 2592 5496 Secundus
2613 5439 2873 5507 CarnOt.,
2907 5442 2965 5495 in
2999 5445 3162 5495 totam
3194 5441 3493 5510 regionem.

2212 5513 2494 5598 pnTe‘rtius
2522 5513 2752 5568 Carnot.
2785 5518 2842 5568 et
2871 5512 3099 5584 primus
3147 5511 3392 5581 Theod.,
3425 5516 3476 5568 et
3531 5526 3752 5583 magna?

2106 5582 2526 5649 aediﬁcationis.
2873 5582 2886 5584 ⁷

2179 5654 2255 5730 (k)
2286 5651 2629 5728 Compend.,
2659 5654 2729 5711 ad
2751 5653 3193 5714 benedicendum.
