4210 6160
387 285 511 346 193

1635 277 2159 342 DIALOGORUM
2203 277 2438 340 LIBER
2481 277 2528 338 Ι.

3684 280 3801 344 194

385 434 511 474 non
542 414 732 488 potuit
763 413 915 488 quod
946 413 1019 470 ab
1049 429 1116 470 eo
1146 430 1216 470 ex
1244 412 1542 469 Fortunati
1565 416 1754 470 mente
1786 412 2040 470 charitas

2157 408 2357 465 ὃοῦναν
2384 411 2412 465 6
2444 408 2501 465 δὲ
2527 414 2624 466 τοῦ
2657 415 2790 466 Θεοῦ
2831 410 3112 488 ἅνθρωπος
3137 418 3300 472 τοῦτο
3329 414 3390 472 οὗ
3420 437 3798 493 παρῃτησατο,

380 507 673 580 poposcit.
690 504 1142 576 Peractisigitur
1162 504 1475 559 missarum
1495 503 1944 568 solemniis,cum
1968 503 2040 558 ad

382 595 647 667 praedicti
709 594 1012 649 Fortunati
1042 593 1297 648 venisset
1331 608 1616 663 mensam,
1651 593 1814 664 prius
1863 608 2040 664 quam

380 685 505 740 Deo
534 684 818 755 hymnum
862 683 1101 750 diceret,
1151 682 1302 738 sicut
1353 682 1590 753 quidam
1643 682 1878 737 ludendi
1922 685 2042 736 arte

380 773 607 829 victum
658 773 848 827 solent
877 786 1157 843 quaerere,
1209 775 1446 841 repente
1476 774 1608 826 ante
1631 771 1876 841 januam
1909 785 2041 825 cum

384 863 561 918 simia
589 863 676 916 vir
706 860 913 924 astitit,
947 865 1005 915 et
1033 858 1297 932 cymbala
1326 859 1625 931 percussit.
1647 859 1828 923 Quem
1871 874 2039 914 sanc-

383 957 488 1006 tus
515 950 602 1004 vir
618 950 698 1022 (α)
727 948 987 1004 sonitum
1010 948 1256 1004 audiens
1281 947 1654 1019 dedignatus,
1680 947 1826 1003 dixit
1855 965 1868 1003 :
1895 947 2041 1015 Heu,

385 1041 528 1107 heu,
570 1043 840 1094 mortuus
870 1043 961 1094 est
1018 1036 1198 1093 miser
1252 1037 1386 1105 iste,
1426 1042 1692 1092 mortuus
1729 1041 1817 1092 est
1865 1036 2045 1093 miser

384 1129 522 1186 iste.
577 1128 695 1200 Ego
725 1129 796 1183 ad
841 1143 1108 1183 mensam
1143 1127 1474 1183 refectionis
1525 1127 1678 1194 veni,
1729 1145 1793 1183 os
1851 1128 2044 1184 adhuc

382 1219 467 1288 (b)
500 1217 575 1273 ad
596 1217 832 1272 laudem
871 1216 965 1271 Dei
991 1233 1105 1272 non
1130 1216 1354 1288 aperui,
1385 1220 1443 1272 et
1461 1215 1561 1272 ille
1592 1233 1729 1272 cum
1760 1217 1935 1272 simia
1955 1234 2044 1273 ve-

384 1307 562 1362 niens
593 1305 890 1376 percussit
937 1304 1223 1377 cymbala.
1253 1305 1568 1374 Subjunxit
1603 1310 1798 1362 tamen
1831 1315 1882 1362 et
1913 1308 1993 1362 ait
2027 1323 2041 1361 :

377 1397 466 1452 Ite
489 1400 546 1451 et
585 1412 690 1466 pro
744 1393 1028 1450 charitate
1093 1393 1144 1448 ei
1176 1393 1374 1448 cibum
1405 1397 1726 1465 potumque
1755 1394 1993 1450 tribuite
2027 1411 2043 1462 ;

383 1485 597 1540 scitote
626 1488 822 1538 tamen
855 1481 995 1553 quia
1013 1486 1286 1536 mortuus
1308 1486 1416 1536 est.
1445 1481 1556 1544 Qui
1586 1481 1885 1537 infelixvir
1903 1483 2044 1538 dum

381 1589 604 1646 panem
629 1587 698 1627 ac
717 1571 920 1626 vinum
952 1586 1022 1625 ex
1035 1572 1235 1626 eadem
1259 1571 1430 1626 domo
1452 1571 1826 1642 percepisset,
1851 1571 2043 1642 egredi

373 1664 628 1734 januam
659 1659 862 1727 voluit,
897 1660 999 1715 sed
1023 1675 1227 1714 saxum
1255 1659 1464 1730 ingens
1485 1659 1677 1716 subito
1701 1661 1772 1715 de
1791 1664 1938 1716 tecto
1959 1676 2046 1716 ce-

2151 497 2239 553 διὰ
2265 501 2328 554 τό
2365 501 2498 572 μετά
2527 501 2761 562 πίστεως
2790 501 2878 555 καὶ
2913 501 3237 579 εἰλικρινοῦς
3267 505 3482 580 ἀγάπης
3522 509 3610 562 τὸν
3655 516 3800 583 Φορ-

2146 594 2405 644 τουνᾶτον
2434 593 2595 644 τοῦτο
2628 590 2970 659 αἰτήσασθαν
2992 599 3093 660 τῆς
3114 590 3170 647 δὲ
3207 594 3360 667 ἁγίας
3391 601 3487 651 τοῦ
3519 603 3652 652 Θεοῦ
3685 598 3800 654 λει-

2148 679 2404 754 τουργίας
2432 677 2773 749 τελεσθείσης
2805 680 2855 733 ἐν
2886 684 2953 753 τῇ
2984 686 3084 734 τοῦ
3121 683 3393 757 μαρτυρος
3421 685 3673 759 ἐορτῇ,ἐν
3687 686 3798 760 ὅσῳ

2151 769 2226 831 εἷς
2248 771 2425 843 (ά)τὴν
2436 775 2531 825 τοῦ
2545 770 2946 846 προλεχθέντος
2969 776 3344 847 Φορτουνάτου
3360 777 3625 850 τράπεζαν
3639 779 3797 846 ἦλθε,

2148 859 2274 934 πρὶν
2306 857 2342 928 ἤ
2365 859 2524 914 αὐτὸν
2545 862 2643 929 τὴν
2676 860 2980 934 ὡρισμένην
3037 863 3207 937 εὐχὴν
3241 864 3290 917 ἐν
3319 868 3386 938 τῇ
3435 869 3676 939 τραπὲζη
3722 872 3801 938 τῷ

2150 953 2264 1020 Θεῷ
2315 948 2683 1024 προσενέγκαι,
2755 950 2830 1012 ὡς
2861 945 2978 1012 ἔθος
3035 952 3145 1006 τισὶ
3183 957 3288 1006 τῶν
3335 956 3796 1029 προσαιτούντων,

2154 1037 2392 1112 ὑπάρχει
2427 1038 2562 1109 μετὰ
2591 1035 2905 1112 παιγνιδίου
2940 1044 3116 1108 ζητεῖν
3166 1042 3394 1120 τροφήν,
3424 1044 3660 1116 παρευθυ
3693 1043 3796 1118 ἔμε.

2152 1138 2382 1198 προσθεν
2414 1133 2514 1195 τῆς
2555 1125 2718 1200 θύρας
2752 1127 2886 1200 ἀνήρ
2904 1147 2987 1188 τις
3011 1129 3082 1200 (e)
3109 1129 3242 1201 μετᾶ
3273 1130 3501 1205 σίστρων
3530 1134 3794 1207 παρέστη,

2151 1213 2242 1270 καὶ
2271 1215 2338 1270 τὰ
2367 1211 2628 1289 κύμϐαλα
2659 1212 2927 1289 ἔκρουσεν.
2946 1221 3004 1273 Ὁ
3058 1214 3114 1271 δὲ
3147 1219 3298 1292 ἅγιος
3326 1220 3464 1293 ἁυήρ
3496 1221 3677 1288 οὗτος,
3706 1225 3796 1277 τὸν

2155 1304 2302 1378 ἦχον
2334 1308 2442 1358 τῶν
2482 1299 2785 1376 κυμϐάλων
2843 1302 3264 1378 βδελυξάμενος,
3296 1304 3420 1384 ἔφη·
3456 1308 3611 1378 Οὐαὶ,
3637 1310 3755 1365 οὐαὶ
3784 1331 3799 1383 ;

2150 1391 2406 1455 ἀπέθανεν
2439 1392 2467 1446 6
2511 1389 2739 1452 ἐλεεινὸς
2769 1393 2947 1454 οὗτος·
2981 1393 3091 1468 ἐγὼ
3126 1391 3176 1447 ἐν
3204 1397 3272 1466 τῇ
3311 1397 3550 1471 τραπέζῃ
3581 1405 3681 1467 τῆς
3713 1399 3801 1454 εὖ..

2153 1480 2421 1555 σροσύνης
2462 1479 2658 1549 ἐλθὼν,
2688 1481 2749 1534 τὸ
2783 1480 2959 1553 στόμα
2991 1502 3095 1554 μου
3127 1483 3309 1555 ἀκμὴν
3333 1483 3410 1546 εἷς
3431 1486 3530 1554 τὴν
3552 1491 3648 1542 τοῦ
3665 1492 3798 1543 Θεοῦ

2151 1568 2350 1624 αἷᾭεσιν
2375 1569 2478 1623 οὐκ
2496 1564 2711 1636 ἤνοικα,
2751 1568 2995 1638 κᾴκεῖνος
3029 1569 3162 1641 μετά
3190 1569 3420 1645 σίστρων
3444 1571 3799 1648 ἐλθὼν,κῦμ-

2152 1653 2295 1712 ϐαλα
2317 1653 2588 1732 ἔκρουσεν.
2619 1657 2876 1731 Ηροσθεὶς
2895 1654 2952 1712 δὲ
2974 1659 3431 1716 εἶπενοᾺπέλθετε
3448 1658 3646 1729 διάτήν
3664 1663 3799 1737 ἀγά-

384 1751 550 1818 cidit,
588 1750 759 1821 eique
790 1749 847 1804 in
878 1747 1150 1804 verticem
1199 1747 1376 1802 venit.
1409 1747 1491 1802 Ex
1521 1764 1636 1819 qua
1679 1749 2047 1819 percussione

2157 1768 2287 1816 πην,
2313 1746 2403 1801 καὶ
2441 1745 2621 1818 τούτῳ
2663 1747 2873 1822 τροφὴν
2921 1747 3010 1800 καὶ
3042 1748 3213 1802 ποτὸν
3254 1745 3592 1820 δωρήσασθεο
3628 1752 3712 1806 ’ἰνα
3743 1750 3801 1807 δὲ

390 1845 714 1913 prostratus
744 1839 804 1893 in
840 1837 1114 1893 manibus
1145 1838 1264 1908 jam
1295 1837 1608 1892 semivivus
1652 1837 1876 1894 levatus
1912 1844 1998 1895 est
2029 1856 2042 1896 :

398 1931 497 1986 die
523 1946 650 1986 vero
672 1930 856 1985 altera
877 1929 1197 1983 secundum
1219 1927 1327 1982 viri
1349 1927 1449 1982 Dei
1472 1928 1820 1984 sententiam
1843 1929 2041 1984 fundi-

391 2025 492 2076 tus
520 2019 705 2074 ﬁnivit
733 2018 935 2073 vitam.
968 2020 1090 2083 Qua
1127 2017 1185 2070 in
1218 2032 1300 2084 re,
1345 2017 1531 2087 Petre,
1564 2019 1925 2087 pensandum
1957 2023 2046 2074 est

387 2114 652 2181 quantus
683 2106 762 2162 sit
789 2105 926 2160 viris
951 2107 1171 2160 sanctis
1193 2107 1368 2159 timor
1397 2105 1760 2160 exhibendus
1787 2122 1800 2172 ;
1825 2106 2046 2177 templa

387 2198 548 2254 enim
583 2196 686 2252 Dei
717 2199 876 2250 sunt.
911 2195 978 2249 Et
1007 2210 1139 2248 cum
1172 2193 1245 2249 ad
1276 2193 1635 2249 iracundiam
1671 2194 1758 2251 vir
1805 2200 2045 2252 sanctus

389 2287 672 2351 trahitur,
716 2284 848 2356 quis
898 2282 1048 2339 alius
1089 2284 1156 2338 ad
1204 2283 1566 2339 irascendum
1615 2284 1728 2340 nisi
1781 2285 2042 2355 ejusdem

383 2374 598 2446 templi
624 2373 989 2428 inhabitator
1016 2372 1304 2428 excitatur
1324 2372 1351 2426 ‘I
1382 2375 1688 2428 Metuenda
1717 2389 1853 2445 ergo
1886 2378 2044 2429 tanto

386 2471 480 2521 est
507 2466 598 2519 ira
623 2464 942 2534 justcrum,
977 2469 1192 2532 quanto
1223 2465 1280 2516 et
1309 2465 1538 2517 constat
1567 2463 1706 2533 quia
1736 2463 1792 2517 in
1847 2479 2044 2519 eorum

385 2553 670 2611 cordibus
715 2551 812 2608 ille
840 2566 1100 2623 praasens
1131 2554 1238 2618 est,
1293 2550 1392 2622 qui
1433 2552 1503 2605 ad
1539 2551 1900 2607 inferendam
1946 2551 2044 2606 ul-

383 2643 611 2699 tionem
644 2657 815 2712 quam
848 2639 1118 2709 voluerit,
1153 2638 1584 2695 invalidus'non
1617 2644 1724 2696 est.

2154 1835 2566 1911 owcxmeﬁn
2585 1833 2930 1890 ἆπέθανεν·Ὀ
2955 1831 3010 1888 δὲ
3030 1833 3268 1896 ἐλεεινὸς
3288 1837 3444 1898 οὗτος
3475 1838 3800 1914 ἀνὴρ,ἇέρτον

2157 1925 2247 1979 καὶ
2281 1925 2422 1978 οἶνον
2454 1923 2513 1977 ἐκ
2539 1927 2636 1977 τοῦ
2667 1922 2832 1978 αὐτοῦ
2855 1920 3012 1978 οἷ’κου
3034 1919 3239 1995 λαϐὼν,
3256 1926 3354 1995 τήν
3379 1926 3542 1998 θύραν
3567 1927 3798 1999 ἐξελθεῖν

2152 2013 2347 2079 θέλων,
2381 2012 2537 2076 λίθος
2571 2013 2819 2087 μὲγαςσ)
2834 2011 2894 2067 ἐκ
2922 2017 3018 2067 τοῦ
3039 2013 3280 2087 κεράμου
3301 2014 3572 2089 αἰφνίδιον
3597 2020 3796 2091 πεσὼν,

2155 2103 2293 2157 κατὰ
2320 2109 2423 2170 τῆς
2453 2100 2698 2178 κεφαλῆς
2727 2101 2897 2156 αὐτοῦ
2930 2099 3179 2169 δέδωκεν,
3208 2103 3298 2156 καὶ
3329 2109 3519 2160 τοῦτον
3572 2109 3799 2162 πεσόντα

2152 2194 2395 2265 ἡμιθανῆ
2429 2191 2480 2246 ἐν
2509 2196 2628 2254 ταῖς
2658 2190 2842 2264 χερσὶν
2888 2186 3201 2245 ἐϐάστασαν·
3235 2190 3286 2246 ἐν
3326 2190 3382 2247 δὲ
3436 2192 3584 2267 ἄλλῃ
3618 2196 3798 2270 ἡμέρᾳ

2153 2283 2289 2337 κατὰ
2316 2283 2416 2351 τήν
2451 2285 2548 2336 τοῦ
2572 2280 2858 2356 ἀνθρώπου
2887 2283 2984 2334 τοῦ
3005 2283 3138 2335 Θεοῦ
3167 2283 3346 2354 ψῆφον
3378 2281 3524 2338 τὲλει
3553 2289 3648 2338 τοῦ
3675 2281 3798 2340 ϐίου

2155 2372 2453 2447 ἐχρήσατο.
2487 2370 2572 2441 Ἐξ
2603 2368 2665 2424 οῦ
2712 2370 3053 2444 πράγματος,
3107 2373 3293 2446 Ηέτρε,
3325 2375 3654 2438 κατανοῆσαι(
3688 2374 3798 2429 ἐστι

2154 2464 2273 2520 πῶς
2331 2454 2556 2537 φοϐεροὶ
2624 2460 2674 2513 οἱ
2722 2453 2870 2532 ἅγιοι
2919 2463 3017 2514 τοῦ
3067 2463 3200 2513 Θεοῦ
3265 2457 3538 2534 ἅνθρωποι
3593 2465 3799 2537 τυγχά-

2154 2570 2328 2617 νουσι,
2374 2549 2490 2602 ναοὶ
2539 2547 2640 2622 γὰρ
2681 2551 2815 2602 Θεοῦ
2871 2547 3201 2622 ὑπάρχουσι.
3233 2548 3477 2621 Καζέἀν
3519 2549 3594 2612 εἷς
3628 2552 3796 2626 ὀργὴν

2157 2633 2343 2711 συμϐῇ
2374 2637 2568 2698 αὐτοὺς
2598 2637 2908 2705 κινηθῆναι,
2926 2637 2954 2690 6
2972 2635 3024 2690 ἐν
3044 2635 3224 2698 αὐτοῖς
3245 2641 3512 2693 κατοικῶν
3535 2637 3601 2693 δι’
3623 2640 3798 2694 αὐτῶν

391 2732 496 2798 τῆν
529 2727 756 2802 δύναμιν
789 2727 1091 2804 ἐργάζεται.
1123 2729 1395 2785 Τοσοῦτον
1425 2726 1518 2782 οῦν
1550 2723 1782 2804 φοϐερός
1822 2728 1962 2783 ἐστιν
1997 2731 2024 2784 6
2053 2733 2162 2786 τῶν
2193 2726 2418 2783 δικαίων
2452 2726 2649 2799 θυμὸς,
2681 2725 2767 2780 ὅτι
2796 2725 2846 2781 ἐν
2879 2732 2996 2788 ταῖς
3025 2724 3272 2801 καρδίαις
3303 2727 3479 2783 αὐτῶν
3511 2729 3590 2784 ἀεὶ
3613 2732 3798 2805 παρών

393 2819 544 2874 ἔστιν
573 2820 602 2873 6
640 2820 739 2887 τήν
772 2815 1044 2885 ἐκδίκησιν
1077 2815 1364 2893 ἐπαγαγεῖν
1408 2815 1722 2888 δυνάμενος,
1760 2814 1873 2871 ο⁹ίαν
1907 2815 2058 2873 αὒτοὶ
2095 2816 2420 2893 βούλωνται.

467 2912 592 2968 Alio
623 2927 856 2983 quoque
882 2915 1143 2981 tempore
1173 2909 1482 2981 praedictus
1514 2909 1891 2966 Constantius
1914 2927 2044 2980 pre-

392 3003 597 3074 sbyter
627 3017 805 3072 nepos
836 3000 983 3069 ejus,
1018 3015 1234 3069 equum
1287 3015 1462 3053 suum
1511 2999 1816 3054 duodecim
1860 3000 2050 3055 aureis

389 3090 682 3156 vendidit,
740 3105 887 3160 quos
944 3088 1004 3142 in
1064 3087 1354 3157 propriam
1411 3103 1606 3144 arcam
1674 3104 1918 3159 ponens,
1979 3088 2048 3143 ad

393 3181 781 3239 exercendum
835 3195 982 3250 opus
1040 3177 1276 3248 aliquod
1319 3177 1602 3233 discessit.
1653 3178 1796 3233 Cum
1856 3179 2048 3234 subito

393 3272 469 3327 ad
499 3269 863 3342 episcopium
922 3283 1206 3339 pauperes
1235 3272 1538 3334 venerunt,
1581 3268 1677 3338 qui
1719 3267 2050 3337 importune

2229 2911 2299 2964 Ev
2328 2906 2486 2979 ἄλλῳ
2516 2907 2696 2962 τοίνυν
2727 2912 2902 2980 καιρῷ
2932 2909 2959 2962 6
3010 2908 3341 2983 προλεχθεὶς
3369 2912 3743 2972 Κωνστοὶντιος
3776 2913 3804 2966 6

2155 2991 2518 3071 πρεσϐύτερος
2539 2997 2566 3050 6
2595 2995 2791 3050 τούτου
2813 2997 3051 3070 ἀνεψιὸς,
3075 2998 3165 3051 τὸν
3186 2999 3375 3053 ἑαυτοῦ
3403 2999 3572 3054 ’ἰππον
3597 3000 3671 3061 εἷς
3697 2998 3806 3054 δώ-

2157 3083 2284 3139 δεκα
2313 3083 2624 3157 νομίσματα
2643 3082 2997 3157 πέπρακε·καὶ
3027 3090 3194 3139 ταῦτα
3227 3085 3277 3139 ἐν
3305 3090 3372 3159 τῇ
3407 3085 3517 3157 ἰδίᾳ
3546 3087 3802 3163 (ωᾶρκλῃ

2161 3171 2530 3247 βαλὼν,’πρός
2549 3172 2612 3225 τὸ
2627 3169 2950 3246 ἐργὰσασθαι
2970 3171 3212 3242 ἐξῆλθεν.
3225 3172 3498 3248 Αἰφνίδιον
3517 3172 3573 3228 δέ
3588 3177 3809 3253 πτωχοὶ

2156 3261 2296 3332 ἐντῷ
2309 3260 2610 3332 ἐπισκοπίῳ
2624 3256 3149 3328 κατέλαϐονβίτινες
3169 3259 3403 3322 ἀναιδῶς
3427 3263 3516 3316 τὸν
3542 3259 3697 3337 ἅγιον
3714 3269 3809 3318 τοῦ

394 3359 794 3433 precabantur
823 3361 888 3411 ut
918 3355 1003 3411 eis
1055 3359 1294 3410 sanctus
1320 3355 1405 3410 vir
1448 3355 1778 3411 Bonifacius
1832 3356 2047 3426 episco-

2163 3354 2295 3406 Θεοῦ
2325 3349 2608 3424 ἂνθρωπον
2640 3351 2964 3424 Βονιφάτιον
3013 3351 3108 3405 τὸν
3138 3348 3436 3404 ἐπίσκοπον
3469 3348 3807 3421 ἐδυσώπουν,

391 3465 501 3520 pus
532 3449 600 3502 ad
663 3443 1122 3501 consolationem
1171 3459 1293 3499 sua:
1338 3444 1549 3514 inopiae
1607 3443 1823 3515 aliquid
1856 3443 2056 3516 largiri

389 3537 711 3593 debuisset.
733 3537 840 3590 Sed
865 3534 955 3589 vir
980 3533 1072 3588 Dei
1101 3533 1239 3604 quia
1262 3532 1401 3603 quid
1425 3533 1702 3589 tribueret
1724 3549 1837 3588 non
1873 3531 2054 3588 habe-

389 3630 514 3694 bat,
560 3630 810 3680 aestuare
839 3622 1011 3693 ccepit
1036 3623 1095 3676 in
1120 3622 1470 3694 cogitatione
1492 3639 1563 3677 ne
1586 3622 1660 3677 ab
1683 3638 1748 3677 eo
1773 3638 2052 3694 pauperes

384 3717 556 3772 vacui
588 3715 833 3770 exirent.
893 3712 998 3768 Cui
1056 3719 1292 3782 repente
1348 3711 1419 3765 ad
1451 3711 1795 3766 memoriam
1855 3711 2048 3778 rediit,

388 3807 534 3879 quia
561 3802 941 3860 Constantius
990 3801 1291 3873 presbyter
1339 3816 1520 3872 nepos
1551 3800 1701 3872 ejus,
1734 3801 1806 3872 (e)
1836 3815 2050 3871 equum

394 3910 573 3966 quem
611 3892 815 3947 sedere
872 3894 1272 3959 consueverat,
1330 3889 1708 3958 vendidisset,
1739 3893 1915 3959 atque
1945 3889 2052 3944 hoc

396 3985 597 4055 ipsum
632 3981 694 4035 in
726 3995 856 4036 arca
886 3995 992 4033 sua
1025 3977 1272 4048 pretium
1307 3977 1566 4032 haberet.
1601 3977 1847 4032 Absente
1877 3975 2053 4048 igitur

397 4072 605 4128 eodem
632 4072 844 4140 nepote
865 4083 973 4122 suo
999 4065 1245 4122 accessit
1271 4066 1341 4119 ad
1373 4080 1590 4130 arcam,
1622 4069 1680 4119 et
1714 4064 1805 4135 pie
1836 4063 2052 4118 violen-

396 4171 492 4215 tus
521 4158 781 4215 claustra
811 4171 958 4211 arcte
990 4153 1359 4223 comminuit,
1391 4153 1704 4208 duodecim
1737 4167 1946 4208 aureos
1967 4157 2052 4206 tu-

396 4250 486 4315 lit,
517 4262 732 4317 eosque
765 4243 1190 4316 indigentibus,
1223 4247 1289 4297 ut
1319 4241 1557 4314 placuit,
1592 4240 1808 4296 divisit.
1853 4243 2053 4305 Itaque

398 4337 785 4396 Constantius
841 4334 1145 4406 presbyter
1184 4347 1448 4388 reversus
1497 4346 1567 4385 ex
1613 4347 1806 4400 opere,
1857 4347 2052 4386 arcam

401 4428 646 4483 fractam
680 4423 914 4495 reperit,
947 4427 1004 4477 et
1021 4419 1232 4477 caballi
1263 4421 1355 4476 sui
1389 4419 1635 4490 pretium
1668 4419 1820 4488 quod
1843 4417 1903 4471 in
1925 4433 2054 4472 eam

2163 3440 2313 3502 ’ὁπως
2340 3441 2420 3512 (h)
2452 3440 2642 3500 αὐτοῖς
2680 3437 2808 3494 εἴτι
2842 3436 2934 3494 οῦν
2969 3436 3284 3514 δωρήσηται
3315 3441 3453 3513 πρὸς
3491 3439 3555 3494 τὸ
3582 3441 3682 3508 τὴν
3712 3447 3814 3509 τῆς

2162 3528 2444 3604 πτωχείας
2474 3524 2675 3582 ἔνδειαν
2705 3529 3223 3603 παραμυθήσασθαι.
3250 3530 3309 3585 Ὀ
3342 3525 3399 3583 δὲ
3441 3528 3596 3603 ἃγιος
3655 3529 3812 3590 οὗτος

2161 3618 2322 3692 ἀνὴρ,
2358 3621 2434 3690 μή
2457 3612 2605 3692 ἔχων
2632 3639 2687 3673 τι
2733 3615 2945 3688 δοῦναι,
2977 3616 3184 3693 ἤρξατο
3247 3624 3706 3694 στενοχωρεῖσθαι
3735 3626 3814 3693 τῷ

2163 3706 2416 3781 λογισμῷ
2427 3707 2524 3778 ,μὴ
2541 3705 2714 3760 θέλων
2726 3707 2852 3766 τοὺς
2868 3707 3128 3782 πτωχοὺς
3146 3706 3342 3779 κόλπῳ
3355 3712 3494 3778 κενῷ
3508 3707 3816 3779 ἐξαποστεῖ-

2163 3793 2381 3856 λαι.Εὶς
2403 3797 2628 3867 μνήμην
2659 3793 2715 3850 δὲ
2738 3795 3178 3867 αὑτῷἧλθεν,ὁτι
3205 3797 3578 3860 Κωνστάντιος
3600 3798 3628 3852 ὁ
3652 3819 3818 3872 πρεσ-

2163 3879 2387 3959 ϐύτερος
2413 3885 2441 3938 6
2472 3885 2637 3939 αὐτοῦ
2657 3885 2896 3957 ἀνεψιὸς,
2917 3885 3008 3940 τὸν
3039 3886 3208 3940 ἳππον
3239 3884 3403 3940 αὐτοῦ
3433 3886 3694 3960 πέπρακε,
3723 3887 3816 3941 καὶ

2160 3974 2222 4028 τὸ
2243 3972 2548 4048 (ἱ)λογάριν
2573 3975 2706 4048 ’ὀπερ
2727 3970 2998 4045 ἔλαϐεν,ἐν
3015 3979 3082 4048 τῇ
3175 3973 3353 4050 ἄρκλῃ
3377 3975 3539 4031 αὐτοῦ
3555 3975 3815 4051 εἶχεν.Ἐν

2159 4067 2279 4125 ταῖς
2301 4063 2583 4125 ἀπουσίαις
2616 4063 2708 4118 οῦν
2735 4065 2930 4118 τούτου
2961 4062 3302 4133 είσελθὼν,ἐν
3335 4067 3381 4137 ᾧ
3411 4066 3605 4138 τὸπῳή
3641 4065 3817 4136 ἄρκλα

2161 4146 2356 4218 ἔκειτο,
2388 4152 2477 4206 καὶ
2507 4156 2696 4224 σκοπῷ
2727 4147 2998 4215 εὐσεϐείας
3026 4155 3095 4209 τὰ
3128 4161 3357 4229 κλεῖθρα
3386 4155 3554 4223 αὐτῆς
3603 4156 3818 4231 συντρί-

2160 4243 2284 4313 ψας,
2311 4239 2524 4314 ἐπαρὼν
2565 4241 2631 4296 τὰ
2663 4238 2874 4296 δώδεκα
2903 4242 3218 4316 νομίσματα
3245 4246 3432 4312 ταῦτα,
3470 4248 3586 4304 τοῖς
3621 4240 3815 4316 δεομέ-

2159 4349 2300 4397 νοις,
2331 4329 2517 4392 καθὼς
2547 4331 2702 4402 αὐτῷ
2727 4328 2994 4405 (Ιίχῇρεσε,
3028 4328 3351 4400 διεμέρισεν.
3373 4331 3737 4405 Ὑποστρέψας
3759 4330 3816 4387 δὲ

2164 4414 2224 4471 ἐκ
2251 4421 2348 4472 τοῦ
2379 4412 2542 4494 ἔργου
2573 4421 2937 4483 Κωνστάντιος
2969 4423 2997 4476 6
3029 4417 3515 4495 πρεσϐύτερος,καὶ
3547 4422 3645 4488 τὴν
3665 4421 3815 4475 κλείο

403 4519 699 4588 posuerat,
735 4530 849 4569 non
894 4513 1139 4567 invenit.
1201 4511 1386 4581 C(epit
1417 4510 1614 4580 itaque
1669 4522 1806 4562 voce
1845 4522 2047 4577 magna

2165 4503 2330 4560 δωσιν
2353 4510 2458 4571 τῆσ
2479 4505 2686 4583 ἅρκλης
2717 4509 3091 4582 κεκλασμένην
3108 4509 3543 4582 θεασάμενος,μή
3566 4509 3734 4581 εὑρὼν
3756 4505 3813 4562 δὲ

402 4584 784 4675 perstrepere,
817 4606 873 4657 et
901 4616 1036 4656 cum
1070 4601 1264 4654 furore
1293 4597 1471 4653 nimio
1500 4597 1754 4652 clamare
1791 4610 1804 4652 :
1841 4594 2047 4650 Omnes

2163 4596 2226 4651 τὸ
2249 4594 2647 4672 λογάριν,’ὀπερ
2668 4597 2744 4660 εἷς
2769 4600 2868 4667 τήν
2899 4601 3066 4671 τιμὴν
3079 4603 3176 4652 τοῦ
3204 4596 3382 4651 ἵππου
3412 4597 3478 4665 ἦν
3501 4591 3809 4669 λαϐὼν,ἤρ-

461 4713 542 4783 (a)
570 4711 798 4778 Germ.,
829 4724 1005 4783 quem
1038 4707 1305 4783 sequitur
1335 4707 1607 4783 Gu_s__sau:,
1666 4702 1908 4773 omittit,
1950 4717 2051 4757 au-

393 4777 572 4852 diens,
605 4777 1030 4852 reluctantibus
1061 4777 1336 4852 omnibus
1361 4777 1504 4852 aliis
1534 4781 1671 4831 Mss.

465 4855 540 4926 (ὁ)
561 4850 695 4926 νει.
728 4853 836 4926 CL,
869 4851 947 4906 ad
979 4850 1318 4926 laudandum
1336 4851 1544 4926 Deum,

463 4919 534 4997 (ej
567 4925 649 4980 De
673 4927 784 4980 hoc
811 4919 1086 4994 loquendi
1118 4920 1290 4975 modo
1325 4920 1447 4989 jam
1482 4919 1706 4974 dictum
1741 4921 1828 4972 est
1857 4932 2053 4987 supra,

390 4997 459 5051 ad
492 5013 621 5052 can.
658 4997 712 5052 4.

769 5065 885 5138 Τὴν
929 5065 1026 5138 τοῦ
1069 5058 1483 5138 προλεχθὲνίεοςΔ
1519 5060 1792 5138 μάρτυρος
1827 5058 2052 5138 μνῄμῃν

387 5129 814 5211 Φουρτουνὰτου
839 5129 922 5195 εἷς
951 5135 1050 5211 τὴν
1082 5129 1348 5211 τράπεζαν
1379 5129 1546 5211 ﬁliis}
1587 5129 1752 5202 πρινή
1786 5129 2052 5211 αὒτῷτῂν

389 5200 684 5281 ῥρωμένην
713 5208 926 5280 τροφὴν
958 5200 1017 5259 ἰν
1053 5200 1124 5279 τῇ
1153 5200 1394 5281 τραπᾷζῃ
1430 5200 1944 5281 Θεῷ-προσενέγκαι
1975 5200 2052 5262 ὡς

389 5275 656 5344 {essent
685 5275 990 5345 τῶν,ἐιο..
1024 5275 1150 5348 quas
1183 5275 1423 5348 minime
1453 5275 1772 5348 probanda.

461 5355 531 5420 (θ)
564 5353 754 5416 Colb.,
788 5344 922 5421 μετὰ
944 5344 1182 5423 σύστρων
1200 5347 1433 5423 πάρεστι.
1448 5344 1559 5401 καὶ.
1579 5345 1920 5423 Legendum
1935 5344 2049 5399 for-

391 5416 550 5479 tasse
575 5416 860 5494 σείστρων.
894 5416 1146 5494 Σεῖστρον
1173 5430 1259 5476 est
1281 5416 1701 5494 crepitaculum
1733 5417 2049 5494 quoddam:

388 5495 450 5551 ln
483 5496 708 5563 Latino,
729 5486 872 5549 'huic
898 5494 1021 5549 voci
1057 5486 1591 5565 respondet'Sintia,
1612 5503 1746 5544 cum
1775 5503 1890 5558 qua
1911 5486 2053 5558 quid

386 5567 642 5623 Sistrum
673 5581 981 5623 commune
1011 5562 1244 5633 habeat,
1277 5577 1396 5618 non
1427 5562 1722 5617 videmus.

462 5638 528 5708 (ί)
553 5637 719 5708 Reg.,
741 5635 915 5692 ἐκτῶν
947 5627 1324 5715 κεραμίωνξω
1344 5633 1480 5687 κατὰ
1501 5637 1603 5700 τῆς
1627 5627 1870 5710 κεφαλῆς
1889 5627 2056 5684 αὐτοῦ

2161 4699 2386 4774 ἔκρουσε
2439 4700 2668 4770 καὶβίῦ.
2729 4703 2888 4759 Colb.
2925 4703 3098 4774 habet
3126 4701 3319 4774 etiam
3347 4698 3482 4754 κατὰ
3513 4716 3616 4772 pro
3653 4699 3810 4772 μετὰ,

2169 4773 2411 4846 quodin
2443 4775 2797 4846 quibusdam
2826 4774 2996 4830 editis
3024 4773 3254 4846 legitur.

2233 4841 2494 4918 (9)5438.)
2526 4843 2722 4918 ἄρκλᾳ.
2758 4841 3240 4918 paulotpqst'Reg.
3272 4841 3807 4918 habetﬁpyﬁtectat.

2233 4912 2320 4986 (Ιι)
2352 4921 2512 4988 Reg.,
2545 4912 2731 4978 αὐτοῖς
2758 4912 2854 4970 ’ὅτι
2887 4912 2977 4968 οὗν
3011 4912 3328 4988 δωρήᾶῃται
3365 4912 3503 4988 πρὸς
3532 4912 3630 4984 τήν
3684 4921 3806 4983 τῆς.

2327 4984 2661 5063 βεελλογάρ
2673 5007 2769 5042 ιον.
2787 4984 3181 5063 Λιηὰριονλίιή
3197 4984 3430 5063 λογάρινᾉ
3448 4989 3678 5060 proprie
3691 5003 3811 5044 non

2159 5058 2452 5131 significat
2481 5058 2738 5130 pretium,
2771 5060 2870 5131 sed
2906 5058 3202 5131 summam,
3231 5058 3571 5130 pecuniast
3591 5063 3808 5115 certam

2160 5129 2539 5186 nummorum
2578 5129 3062 5200 quantitatem,ut
3090 5129 3294 5200 probat
3324 5131 3671 5186 coacervatis
3693 5135 3806 5186 tes-

2159 5201 2421 5270 timoniis
2467 5201 2899 5257 eruditissimus
2935 5202 3215 5270 Cangius,
3239 5203 3295 5257 in
3320 5204 3507 5260 Gloss.
3531 5202 3627 5258 Gr.
3663 5201 3809 5255 Hinc

2161 5269 2496 5364 λογαρεσμὲἰς
2537 5279 2628 5357 est
2657 5273 2797 5364 ratio
2818 5273 3127 5364 εςιιὶζάεισιίο,
3163 5269 3492 5364 numeratio.
3539 5340 3552 5360 ,
3629 5341 3655 5352 ν
3692 5331 3717 5364 ῃ

2341 5339 2498 5399 Golb.
2535 5339 2732 5416 εᾶρκλᾳ
2774 5341 3039 5399 αὐτοῦ·ἒν.
3081 5350 3243 5417 Reg.,
3275 5343 3451 5417 ἄρκΑᾳ
3495 5340 3661 5424 αὐτοῦ
3692 5339 3814 5408 ἔχει

2161 5411 2212 5468 ἐν
2236 5486 2250 5502 κ
2278 5414 2305 5468 ὶ
2335 5413 2456 5499 ταὶς
2486 5413 2773 5476 ἀπουσίαις
2807 5413 2972 5471 αὐτοῦ
3011 5413 3269 5478 εἰσελθὼν
3294 5415 3348 5472 ἐν
3381 5419 3426 5492 ᾦ
3455 5415 3612 5478 τόπῳ
3636 5425 3820 5460 εκειτο

2163 5506 2251 5541 και
2267 5505 2406 5540 σκοπ

2239 5507 2406 5540 ισκοπ
2461 5526 2474 5538 ο

2235 5557 2315 5631 (lt)
2346 5507 2528 5626 CoTb.,
2559 5552 2803 5631 ἤρεσκεν.
