4210 6160
289 294 396 355 197

1539 282 2056 348 DIALOGORUM
2099 284 2334 348 LIBER
2366 287 2423 347 1.

3573 290 3691 352 198

289 426 689 498 dieingressus
701 422 1182 492 hortum,magua
1202 416 1651 489 hunc(a)erucae
1667 417 1935 475 multitu-

2064 420 2296 494 ἡγοῦμαι
2320 416 2548 475 δίκαιον.
2567 418 2763 495 Ἔλεγε
2784 420 3000 496 γὰρ,δτι
3020 418 3075 475 ἓν
3097 425 3197 494 μιᾷ
3214 420 3396 496 ἡμέρᾳ
3416 420 3690 477 εἰσελθόν-

289 517 418 573 dine
446 513 673 571 invenit
700 527 832 568 esse
861 518 1203 582 coopertum
1236 525 1251 564 :
1284 506 1388 580 qui
1418 523 1592 564 omne
1612 506 1743 564 olus
1772 508 1941 580 depe-

291 606 394 662 rire
414 600 892 676 conspiciens,“
917 597 1151 654 easdem
1177 612 1381 653 erucas
1402 612 1731 664 conversus,
1754 597 1899 652 dixit
1922 613 1936 652 :

290 695 503 763 Adiuro
525 709 627 747 vos
649 693 706 747 in
733 691 968 745 nomine
985 687 1213 743 Domini
1238 686 1332 742 Dei
1349 688 1532 742 nostri
1551 687 1683 741 Jesu
1699 686 1935 753 Christi,

292 784 531 839 recedite
559 780 720 847 hinc,
753 790 927 851 atque
952 778 1069 832 haec
1088 775 1247 833 olera
1269 777 1558 832 comedere
1584 774 1781 848 nolite.
1807 777 1939 841 Qua:

289 872 478 928 statim
510 872 585 925 ad
617 869 726 924 viri
760 868 858 922 Dei
891 869 1132 922 verbum
1164 865 1244 920 ita
1265 881 1472 921 omnes
1501 880 1748 937 egressas
1777 869 1938 930 sunt,

293 970 348 1017 ut
378 977 451 1017 ne
482 977 604 1016 una
660 958 901 1030 quidem
935 957 1090 1011 intra
1118 955 1367 1026 spatium
1407 956 1557 1011 horti
1590 959 1937 1011 remaneret.

287 1051 384 1107 Sed
407 1051 544 1122 quid
573 1049 785 1103 mirum
808 1047 960 1118 quod
987 1045 1109 1101 haec
1129 1046 1202 1100 de
1232 1045 1604 1117 episcopatus
1628 1045 1757 1114 ejus
1788 1050 1937 1102 tem-

285 1157 415 1213 pore
472 1154 807 1205 narramus,
838 1137 1075 1208 quando
1100 1135 1227 1206 jam
1282 1135 1436 1207 apud
1483 1134 1938 1206 omnipotentem

287 1232 464 1286 Deum
497 1227 708 1283 ordine
738 1224 919 1281 simul
965 1228 1023 1280 et
1063 1223 1327 1280 moribus
1350 1229 1629 1291 creverat,
1661 1225 1799 1279 dum
1837 1223 1941 1280 illa

283 1320 468 1392 magis
491 1317 768 1373 miranda
788 1316 906 1371 sint
934 1330 1063 1385 qua
1093 1330 1224 1371 eum
1255 1313 1352 1370 hic
1381 1330 1558 1370 senex
1582 1312 1824 1370 clericus
1846 1314 1943 1369 ad-

280 1410 383 1465 huc
402 1404 724 1481 puerulum
749 1405 956 1461 fecisse
976 1407 1222 1460 testatur
1237 1401 1265 1458 ?
1290 1402 1433 1459 Nam
1454 1402 1696 1475 sitquod
1711 1417 1778 1459 eo
1792 1407 1939 1459 tem-

280 1514 411 1572 pore
435 1511 556 1569 quo
599 1510 737 1550 cum
771 1498 956 1549 matre
994 1508 1103 1548 sua
1124 1507 1269 1564 puer
1307 1491 1628 1562 habitabat,
1669 1507 1942 1564 egressus

285 1585 794 1657 hospitium,nonn
805 1597 1061 1653 unquam
1079 1580 1207 1637 sine
1226 1579 1402 1649 linea,
1420 1581 1623 1637 crebro
1634 1582 1803 1636 etiam
1816 1581 1944 1636 sine

282 1676 475 1735 tunica
495 1672 912 1737 revertebatur,
930 1670 1084 1727 192
1101 1671 1240 1741 quia
1261 1686 1396 1726 mox
1417 1675 1483 1725 ut
1498 1671 1720 1725 nudum
1747 1685 1943 1742 quem-

2048 529 2142 570 τος
2170 508 2335 564 αὑτοῦ
2362 508 2439 570 είς
2467 508 2558 564 τὸν
2590 530 2792 582 κηπον,
2824 510 2947 584 εὗρε
2992 508 3136 566 πολὺ
3168 510 3381 580 πλῆθος
3439 511 3688 583 κάμπης,

2050 597 2188 653 ὣστε
2202 596 2331 653 δλον
2344 598 2436 653 τὸν
2452 605 2628 668 κῆπον
2643 601 3004 667 σκεπασθῆναι
3016 646 3027 663 ,
3059 603 3160 654 πᾶν
3182 597 3238 655 δὲ
3256 599 3494 675 λάχανον
3512 599 3692 656 ἀπολ-

2051 685 2285 760 λύμενον
2319 688 2662 761 θιασάμενος.
2693 689 2828 764 πρὸς
2850 690 2950 758 τήν
2981 690 3152 758 αὑτήν
3181 689 3406 763 κάμπην
3438 689 3690 764 ἐπιστρα-

2049 775 2189 853 φεὶς,
2213 776 2378 831 εἶπεν·
2403 777 2642 851 Ὀρκίζω
2674 777 2816 848 ὑμᾶς
2842 776 2895 831 ἐν
2915 780 2994 848 τῷ
3016 776 3244 850 ὀνόματι
3268 781 3367 833 τοῦ
3389 779 3581 852 κυρίου
3600 780 3690 834 καὶ

2049 868 2183 920 Θεοῦ
2194 864 2285 919 καὶ
2301 871 2448 934 σωτῆ
2458 884 2549 940 ρος
2565 868 2600 935 ἡ
2612 869 2728 937 μῶν
2743 867 2923 935 Ἰησοῦ
2944 868 3282 941 Χριστοῦ,(9)
3294 866 3693 943 ἀναχωρησατε

2049 953 2311 1024 ἐντεῦθεν,
2341 954 2432 1009 καὶ
2460 955 2523 1009 τὸ
2555 956 2790 1030 Λάχανον
2817 959 2979 1010 τοῦτο
3010 961 3195 1033 φαγεῖν
3233 957 3309 1029 μή
3340 956 3689 1030 τολμήσητε.

2047 1044 2138 1100 Ἐν
2164 1044 2221 1100 δὶ
2247 1049 2325 1117 τῷ
2355 1044 2504 1121 λόγῳ
2532 1049 2629 1100 τοῦ
2651 1046 2941 1121 ἀνθρώπου
2967 1050 3065 1102 τοῦ
3085 1050 3218 1102 Θεοῦ
3245 1047 3440 1109 εὐθέως
3463 1047 3603 1101 ἁπαν
3625 1047 3691 1102 τὸ

2047 1131 2262 1203 πλῆθος
2295 1132 2464 1189 ἐκεῖνο
2494 1133 2744 1205 ἐξῆλθεν,
2774 1132 2914 1189 ὥστε
2947 1133 3088 1208 μηδέ
3114 1131 3170 1189 ἓν
3199 1131 3350 1189 ἔνδον
3375 1139 3473 1190 τοῦ
3510 1136 3691 1205 κήπου

2049 1222 2362 1296 ἇπομεῖναι.
2392 1223 2458 1279 Τί
2489 1220 2548 1278 δὲ
2577 1223 2910 1296 θαυμαστὸν,
2941 1222 3027 1279 ὅτι
3055 1227 3222 1280 ταῦτα
3253 1223 3386 1296 ἃπερ
3416 1222 3469 1279 ἐν
3495 1228 3574 1296 τῷ
3592 1230 3693 1292 τῆς

2047 1312 2320 1383 ἑπισκοπῆ
2331 1333 2356 1375 ς
2371 1312 2538 1368 αὑτοῦ
2551 1311 2737 1391 χρόνῳ
2751 1311 3019 1383 πεποίηκε
3035 1310 3063 1367 δ
3073 1311 3473 1388 ιηγούμεθα,(1ι)
3488 1314 3578 1368 ὅτε
3592 1312 3696 1388 χά-

2052 1422 2159 1477 ριτι
2188 1407 2287 1459 τοῦ
2334 1400 2744 1476 παντοδυνάμου
2793 1407 2948 1473 Θεοῦ,
2994 1402 3087 1458 σὺν
3133 1407 3216 1476 τῷ
3257 1410 3357 1474 τῆς
3398 1404 3697 1480 ἱερωσύνης

2048 1489 2288 1566 τάγματι
2317 1491 2408 1546 καὶ
2461 1496 2581 1553 τοῖς
2613 1491 2882 1564 θαύμασιν
2916 1491 3032 1564 ἃμα
3062 1491 3361 1562 ἐπηύξησεν
3388 1510 3403 1561 ;
3436 1491 3610 1547 ἐκεῖνα
3639 1488 3697 1546 δὲ

2051 1581 2472 1654 θαυμασιώτερα
2499 1578 2712 1655 μᾶλλον
2745 1581 3111 1655 ὑπάρχουσιν,
3134 1579 3270 1657 ἃπερ
3299 1580 3480 1651 ἀκμὴν
3497 1581 3697 1651 νηπίου

2051 1671 2216 1726 αὑτοῦ
2238 1669 2391 1736 ὄντος
2409 1672 2766 1741 πεποιηκέναι
2789 1672 2952 1727 αὑτὸν
2976 1670 3266 1747 ἐμαρτύρει
3288 1672 3318 1727 ὁ
3339 1670 3518 1746 γὲρωτ
3540 1671 3696 1734 οὗτος

284 1767 434 1837 piam
462 1764 807 1835 reperisset,
832 1761 912 1832 (ὁ)
932 1759 1218 1816 vestiebat
1236 1758 1417 1827 hunc,
1439 1776 1504 1815 se
1532 1758 1857 1831 expolians.
1880 1763 1945 1814 ut

2064 1761 2079 1816 5
2104 1759 2392 1834 κληρικός.
2420 1758 2617 1835 ’Έλεγε
2637 1761 2739 1835 γὰρ
2761 1758 2884 1832 περὶ
2907 1760 3097 1830 αὑτοῦ,
3121 1761 3207 1816 δτι
3226 1754 3305 1815 ἔτι
3327 1760 3474 1834 παρᾶ
3492 1763 3560 1832 τῇ
3584 1781 3700 1833 μη-

286 1871 349 1911 se
367 1858 502 1909 ante
528 1851 625 1907 Dei
657 1849 861 1906 oculos
878 1850 950 1920 (ο)
985 1848 1145 1904 illius
1174 1849 1442 1904 mercede
1478 1848 1733 1905 vestiret.
1758 1851 1938 1914 Quem

289 1948 480 2001 mater
505 1958 613 1997 sua
642 1942 979 2013 frequenter
998 1939 1298 2010 increpare
1318 1942 1720 2006 consueverat,
1742 1940 1944 1995 dicens

286 2032 444 2107 quod
455 2031 682 2101 justum
715 2045 829 2085 non
852 2032 1007 2084 esset
1031 2035 1087 2083 ut
1112 2027 1240 2101 ipse
1261 2029 1430 2100 ineps
1454 2028 1804 2100 pauperibus
1819 2043 1943 2084 ves-

288 2123 527 2179 timenta
583 2118 914 2190 largiretur.
947 2116 1080 2181 Qum
1126 2117 1221 2171 die
1260 2116 1514 2188 quadam
1547 2116 1818 2174 horreum
1850 2116 1943 2172 in-

284 2221 510 2281 gressa,
542 2219 694 2276 pene
723 2217 899 2258 omne
927 2201 1184 2256 triticum
1226 2202 1381 2272 quod
1416 2200 1529 2256 sibi
1561 2201 1621 2257 in
1654 2202 1942 2274 stipendio

290 2295 466 2352 totius
494 2292 639 2348 anni
671 2294 994 2363 paraverat,
1018 2289 1241 2345 invenit
1264 2305 1299 2343 a
1318 2288 1440 2345 tilio
1461 2305 1565 2345 suo
1589 2292 1945 2363 pauperibus

284 2398 631 2456 rxpensum.
672 2382 937 2451 Cumque
966 2379 1343 2449 semetipsam
1373 2376 1562 2451 alapis
1619 2381 1947 2454 pugnisque

286 2475 579 2537 tunderet,
612 2470 767 2542 quod
795 2467 970 2542 quasi
1000 2467 1140 2523 anni
1170 2466 1432 2524 subsidia
1456 2469 1820 2540 perdidisset,
1846 2486 1946 2527 su—

286 2563 549 2637 pervenit
578 2560 915 2616 Bonifacius
946 2573 1086 2628 puer
1103 2556 1228 2623 Dei,
1250 2572 1498 2629 eamque
1527 2558 1719 2614 verbis
1735 2559 1947 2631 quibus

281 2652 467 2707 valuit
495 2648 786 2707 consolari
813 2646 1012 2719 cmpit.
1041 2648 1178 2712 Quae
1199 2661 1334 2702 cum
1362 2645 1504 2701 nihil
1536 2648 1951 2706 consolationis

286 2741 649 2804 admitteret,
672 2738 825 2793 hanc
854 2736 1076 2805 rogavit
1105 2739 1169 2790 ut
1198 2735 1270 2790 ab
1304 2734 1513 2791 horreo
1534 2736 1693 2792 exire
1716 2737 1950 2794 debuis-

284 2839 390 2898 set,
416 2830 479 2884 in
500 2844 621 2901 quo
642 2843 711 2883 ex
731 2826 894 2881 omni
915 2838 1119 2881 eorum
1144 2823 1340 2880 tritico
1363 2840 1565 2895 parum
1590 2826 1725 2896 quid
1753 2826 1948 2883 inven-

286 2925 411 2975 tum
436 2924 528 2974 est
547 2916 927 2973 remansisse.
952 2914 1095 2971 Puer
1120 2921 1313 2968 autem
1338 2913 1438 2970 Dei
1461 2928 1590 2970 sese
1611 2915 1731 2971 illic
1773 2917 1953 2989 proli-

290 3025 407 3065 nus
422 3007 485 3063 in
503 3007 831 3062 orationem
857 3004 1038 3071 dedit,
1062 3003 1163 3075 qui
1189 3008 1319 3074 post
1338 3002 1640 3075 paululum
1660 3020 1952 3076 egressus,

2047 1850 2134 1925 τρὶ
2161 1849 2262 1919 ὤν,
2287 1850 2426 1906 πάνυ
2449 1851 2647 1919 νήπιος
2674 1848 3327 1928 ὑπάρχιυν,ἐεερχόμενος
3346 1848 3407 1905 ἐκ
3425 1853 3521 1905 τοῦ
3542 1847 3698 1903 οἴκου

2049 1938 2235 2010 αὑτοῦ,
2258 1939 2391 1994 ποτὲ
2415 1939 2508 2012 μὶν
2533 1935 2659 1992 ἃνευ
2776 1938 3167 2010 ὑποκαμισίου,
3197 1938 3331 1994 ποτὶ
3359 1935 3417 1994 δὲ
3437 1939 3560 1993 ἄνευ
3582 1958 3703 1993 στι-

2049 2028 2253 2104 χαρίου
2277 2030 2420 2085 un
2461 2026 2810 2104 ὑπέστρεφεν.
2833 2027 3018 2084 Ἦνίκα
3038 2028 3143 2104 γὰρ
3173 2026 3381 2104 γυμνόν
3408 2047 3532 2083 τινα
3550 2025 3701 2090 ἐθεά-

2053 2137 2208 2185 σατο,
2239 2113 2620 2189 ἂποδυόμενος
2653 2117 2791 2192 ἅπερ
2820 2116 3119 2190 ἠμφίεστο,
3149 2120 3342 2171 τοῦτον
3372 2113 3570 2181 ἐνέδυε,
3606 2113 3703 2188 μό-

2052 2216 2168 2270 νὸις
2193 2211 2311 2267 τοῖς
2338 2210 2437 2260 τοῦ
2466 2201 2880 2278 παντοδυνάμου
2913 2208 3046 2260 Θεοῦ
3067 2203 3376 2277 ὀφθαλμοῖς
3397 2207 3557 2260 τοῦτο
3578 2224 3702 2258 κατα

2053 2296 2374 2352 οπτεύεσθαι
2408 2293 2605 2366 θέλων,
2659 2295 2786 2369 παρ’
2836 2294 2899 2349 οῦ
2947 2294 3038 2348 καὶ
3085 2294 3177 2351 τὸν
3232 2295 3423 2368 μισθὸν
3475 2293 3699 2363 ἤλπιζε.

2055 2382 2412 2460 Συχνοτίρως
2453 2381 2515 2439 δι
2557 2384 2703 2458 παρὰ
2748 2389 2849 2453 τῆς
2896 2382 3095 2444 οἰκείας
3153 2383 3361 2456 μητρὸς
3409 2381 3701 2456 ἐπετιμᾶτο

2055 2472 2344 2550 λεγούσης,
2371 2474 2448 2547 μὴ
2468 2473 2597 2528 εἶναι
2622 2469 2858 2542 δίκαιον,
2882 2471 3040 2527 αὐτὸν
3054 2468 3208 2540 ἐνδεῆ
3223 2472 3562 2549 ὑπάρχοντα,
3585 2475 3702 2532 τοῖς

2056 2565 2308 2638 πτωχοῖς
2337 2559 2613 2634 ἐνδύματα
2640 2557 2952 2635 δωρεῖσθαι.
2980 2562 3067 2616 Ἐν
3105 2563 3202 2633 μιᾷ
3233 2556 3293 2614 δὲ
3320 2558 3501 2633 ἡμέρᾳ
3534 2558 3610 2621 εἷς
3640 2559 3704 2614 τὸ

2058 2650 2249 2727 δῤῥεον
2282 2649 2626 2721 εἰσελθοῦσα,
2660 2646 2856 2725 σχεδὸν
2885 2649 3020 2704 ὅλον
3039 2650 3130 2704 τὸν
3148 2653 3299 2704 σῖτον
3323 2648 3383 2703 ὅν
3406 2647 3483 2710 είς
3497 2645 3707 2717 διοίκη-

2058 2762 2142 2795 σιν
2159 2744 2258 2795 τοῦ
2280 2738 2435 2795 οἷ’κου
2457 2738 2624 2808 αὑτῆς
2650 2739 2852 2800 παντὸς
2870 2742 2968 2793 τοῦ
2990 2738 3237 2793 ἐνιαυτοῦ
3262 2738 3592 2811 ἓτοιμάσασα
3614 2739 3703 2806 ἧν,

2060 2830 2182 2905 εὗρε
2211 2829 2357 2904 παρὰ
2385 2832 2483 2883 τοῦ
2510 2828 2631 2882 υἱοῦ
2663 2826 2830 2897 αὐτῆς
2870 2833 2988 2891 τοῖς
3016 2847 3269 2906 πτωχοις
3309 2823 3702 2901 παραδοθέντα·

2058 2921 2232 2972 Τοῦτο
2266 2914 2327 2970 δὶ
2357 2914 2662 2990 θεασαμένη
2703 2915 2906 2990 ἤρξατο
2938 2916 3175 2989 θρηνεῖν,
3204 2913 3295 2969 καὶ
3324 2914 3387 2970 τὸ
3415 2915 3708 2991 πρόσωπον

2061 3006 2232 3075 αὑτῆς
2261 3005 2502 3074 τύπτειν,
2527 3004 2603 3066 ὡς
2621 3008 2721 3059 τοῦ
2741 3003 2985 3058 ἐνιαυτοῦ
3006 3004 3206 3067 παντὸς
3224 3004 3321 3072 τήν
3345 3004 3553 3077 τροφὴν
3572 3003 3707 3057 ἀπο-

286 3099 360 3155 ad
377 3098 657 3154 horreum
681 3099 926 3149 matrem
948 3092 1199 3159 reduxit,
1221 3092 1374 3163 quod
1397 3094 1480 3147 ita
1499 3092 1692 3149 tritico
1713 3095 1952 3166 plenum

2064 3093 2283 3150 λὲσασα.
2315 3094 2402 3149 Ἐν
2422 3092 2640 3154 τούτοις
2667 3088 2724 3147 δὲ
2745 3093 2773 3147 ὁ
2796 3094 2894 3146 τοῦ
2914 3096 3049 3147 Θεοῦ
3062 3097 3192 3154 παῖς
3215 3092 3536 3169 Βονιφάτιος
3550 3091 3706 3146 κατέ-

288 3186 592 3243 inventum
622 3189 735 3252 est,
797 3183 949 3238 sicut
978 3181 1215 3254 plenum
1271 3189 1403 3238 ante
1433 3198 1548 3237 non
1581 3183 1789 3248 fuerat,
1820 3194 1953 3240 cum

294 3283 488 3333 mater
505 3276 671 3331 illius
687 3275 870 3330 totius
896 3273 1033 3328 anni
1052 3276 1323 3344 sumptus
1337 3286 1400 3327 se
1421 3288 1801 3346 congregasse
1814 3291 1956 3347 gau-

296 3368 494 3423 debat.
558 3367 685 3432 Quo
713 3365 837 3420 viso
894 3362 1178 3419 miraculo
1217 3367 1563 3434 compuncta
1593 3368 1799 3430 mater,
1830 3367 1959 3435 ipsa

287 3458 417 3529 jam
439 3457 611 3527 cmpit
633 3455 717 3527 (ά)
742 3468 914 3525 agere
945 3458 1010 3507 ut
1033 3452 1220 3516 daret,
1255 3452 1357 3523 qui
1378 3452 1466 3508 sic
1491 3452 1754 3509 celeriter
1771 3457 1961 3524 posset

294 3563 424 3618 quae
458 3544 725 3617 petiisset
754 3542 1035 3611 accipere.
1069 3541 1200 3598 Haec
1240 3542 1438 3613 itaque
1466 3542 1527 3597 in
1582 3542 1816 3615 hospitii
1866 3543 1959 3599 sui

296 3634 596 3691 vestibulo
621 3632 872 3705 gallinas
890 3629 1109 3686 nutrire
1128 3635 1544 3687 consueverat:
1568 3633 1666 3687 sed
1689 3648 1788 3688 eas
1804 3632 1874 3704 (e)
1893 3648 1963 3690 ex

299 3726 497 3782 vicino
518 3739 653 3779 rure
685 3722 891 3794 vulpes
911 3721 1153 3777 veniens
1180 3720 1498 3777 auferebat.
1535 3722 1797 3788 Quadam
1828 3738 1963 3779 vero

302 3816 397 3871 die
425 3816 571 3870 dum
606 3814 666 3869 iu
698 3812 899 3869 eodem
922 3809 1214 3867 vestibulo
1234 3826 1381 3882 puer
1396 3810 1730 3868 Bonifacius
1760 3815 1963 3883 staret,

299 3905 508 3977 vulpes
526 3920 600 3959 ex
629 3916 785 3959 more
813 3899 995 3967 venit,
1015 3905 1074 3956 et
1101 3899 1377 3972 gallinam
1413 3900 1670 3956 abstulit.
1698 3900 1826 3972 Ipse
1857 3918 1965 3957 au-

300 4000 422 4053 tem
456 3993 726 4051 concitus
756 3990 1066 4048 Ecclesiam
1096 3989 1353 4055 Intravit,
1385 3995 1443 4045 et
1470 4006 1530 4045 se
1559 3990 1617 4045 in
1644 3991 1966 4048 orationem

305 4090 720 4158 prosternens,
744 4079 962 4152 apertis
987 4079 1229 4135 vocibus
1245 4078 1428 4135 dixit:
1452 4078 1649 4136 Placet
1698 4080 1825 4147 tibi,
1858 4080 1967 4137 Do-

306 4174 491 4241 mine,
517 4177 587 4228 ut
616 4172 689 4227 de
703 4168 1080 4226 nutrimentis
1092 4168 1299 4223 matris
1320 4183 1463 4223 mea:
1477 4168 1832 4225 manducare
1852 4185 1970 4225 non

307 4264 539 4336 possim
560 4261 590 4316 ?
618 4260 765 4316 Ecce
789 4258 945 4315 enim
967 4256 1218 4330 gallinas
1249 4272 1398 4328 quas
1429 4259 1611 4313 nutrit
1640 4257 1847 4329 vulpes
1877 4274 1971 4315 co-

306 4353 519 4408 medit.
541 4350 651 4416 Qui
678 4349 751 4404 ab
764 4348 1030 4405 oratione
1052 4345 1647 4417 surgens,Ecclesiam
1668 4353 1759 4403 est
1776 4364 1973 4422 egres-

307 4461 442 4502 sus.
464 4443 600 4499 Mox
614 4446 813 4497 autem
835 4438 1040 4511 vulpes
1062 4436 1258 4506 rediit,
1280 4436 1555 4510 gallinam
1580 4454 1758 4510 quam
1781 4455 1878 4498 ore
1898 4445 1976 4498 te-

1990 3146 2088 3212 ϐλ

2067 3177 2257 3251 λαῦεν,
2288 3182 2436 3242 ὅστις
2460 3180 2627 3250 αὐτὴν
2661 3180 2848 3254 λόγοις
2880 3185 3281 3256 παραινετικοῖς
3316 3179 3708 3254 καταπραύνειν

2064 3270 2286 3347 ἤρξατο.
2310 3268 2406 3332 Εἷς
2429 3268 2590 3325 οὐδὲν
2611 3267 2669 3325 δὲ
2689 3270 2787 3338 τήν
2808 3268 2974 3324 αὐτοῦ
2994 3267 3307 3344 παραίνεσιν
3328 3269 3531 3337 ταύτης
3552 3267 3711 3342 λογι-

2068 3363 2331 3438 σαμένης,
2353 3361 2691 3438 παρακαλεῖν
2719 3358 2885 3430 αὑτὴν
2910 3358 3134 3433 ἤρξατο,
3150 3358 3299 3421 ὅπως
3320 3357 3380 3414 ἐκ
3395 3362 3492 3413 τοῦ
3521 3356 3712 3434 ὁρᾆου

2067 3452 2280 3527 ἐξέλθῃ,
2313 3452 2360 3524 ᾧ
2382 3456 2533 3513 σῖτος
2561 3448 2747 3527 ὀλίγος
2764 3447 3114 3522 ἒναπομείνας
3127 3449 3215 3518 ἦν.
3241 3449 3458 3518 Ταύτης
3480 3444 3539 3502 δὲ
3564 3444 3716 3520 ἐξελ-

2071 3543 2295 3614 θούσης,
2327 3542 2356 3596 ὁ
2385 3544 2482 3596 τοῦ
2510 3543 2645 3597 Θεοῦ
2676 3544 2804 3602 παῖς
2833 3538 3022 3595 ὶαυτὸν
3052 3537 3130 3600 είς
3163 3536 3334 3613 εύχὴν
3367 3535 3419 3593 ἐν
3447 3536 3599 3610 αὐτῷ
3636 3540 3717 3609 τῷ

2069 3634 2225 3705 τόπῳ
2256 3631 2620 3707 ὑπέστρωσεν,
2651 3628 2742 3684 καὶ
2778 3629 2894 3702 μετ’
2929 3627 3121 3704 ὀλίγον
3155 3625 3384 3700 ἐξελθὼν
3411 3628 3511 3697 τὴν
3532 3627 3717 3682 ἑαυτοῦ

2077 3720 2289 3797 μητερα
2309 3719 2386 3783 είς
2405 3721 2468 3775 τὸ
2490 3718 2678 3795 ὅῤῥεον
2703 3717 3006 3793 εἰσήγαγεν,
3029 3716 3163 3792 ὅπερ
3177 3722 3438 3792 παραχρῆ
3449 3736 3524 3788 μα
3544 3715 3713 3793 γέμον

2073 3811 2225 3868 σίτου
2245 3808 2441 3886 εὑρέθη
2468 3809 2922 3884 ὑπερεκπερισσοῦ
2941 3810 3040 3862 τοῦ
3059 3807 3274 3881 πρώην,
3288 3806 3454 3881 οὗπερ
3475 3807 3511 3875 ἡ
3532 3808 3720 3881 μήτηρ

2078 3901 2243 3958 αὑτοῦ
2289 3900 2603 3974 σωρεύσασα
2652 3899 2740 3967 ἦν,
2787 3895 3060 3977 χαίρουσα
3105 3895 3182 3957 εἷς
3230 3896 3330 3965 τήν
3376 3899 3474 3951 τοῦ
3520 3895 3719 3958 παντὸς

2078 3989 2327 4046 ἐνιαυτοῦ
2346 3985 2636 4059 διοίκησινο
2659 3990 2822 4042 τοῦτο
2844 3983 2903 4042 δὶ
2921 3986 2985 4043 τὸ
3009 3989 3189 4058 θαῦμα
3210 3983 3539 4059 θεασαμένη,
3554 4004 3723 4041 κατα-

2078 4083 2301 4154 νυγεῖσα
2328 4077 2529 4153 ἤρξατο
2562 4075 2740 4152 λέγειν
2771 4075 2921 4147 αὑτῷ
2951 4071 3230 4130 διαδοῦναι
3260 4072 3401 4129 ὅπου
3444 4073 3722 4149 βούλεται,

2080 4169 2241 4239 ἡνίκα
2271 4166 2415 4222 οὕτω
2448 4164 2732 4238 συντόμως
2764 4162 2983 4220 δύναται
3024 4159 3236 4232 λαϐεῖν,
3278 4165 3412 4240 ὅπερ
3432 4163 3577 4239 παρὰ
3621 4167 3722 4219 τοῦ

2082 4261 2218 4314 Θεοῦ
2247 4256 2499 4313 αἰτεῖται.
2530 4256 2592 4312 Ἦ
2626 4255 2766 4325 αὐτὴ
2795 4254 2977 4310 τοίνυν
3004 4253 3057 4310 ἐν
3087 4255 3169 4327 τῷ
3205 4258 3303 4310 τοῦ
3355 4252 3510 4309 οἷ’κου
3558 4252 3725 4314 αὑτῖς

2082 4344 2372 4422 προαυλίῳ
2384 4343 2504 4405 ἔθος
2526 4344 2670 4420 εἶχεν
2694 4345 2759 4418 (1')
2780 4344 2992 4416 ὀρνίθια
3011 4341 3338 4421 ἀνατρεφειν.
3362 4345 3460 4400 Ἐκ
3481 4341 3538 4397 δὲ
3555 4362 3726 4416 προσ-

2083 4435 2483 4513 παρακειμένου
2515 4433 2686 4509 ἀγροῦ
2717 4433 2945 4504 ἀλώπηξ
2969 4432 3269 4508 ἐρχομένη,
3291 4435 3457 4488 ταῦτα
3478 4426 3728 4503 ἐλάμϐα-

307 4533 492 4588 nebat
518 4528 770 4596 dimisit,
798 4532 975 4598 atque
1005 4527 1078 4597 (ί)
1098 4525 1229 4597 ipsa
1258 4526 1511 4580 moriens
1531 4531 1667 4585 ante
1686 4527 1814 4599 ejus
1832 4544 1954 4585 ocu.

2079 4546 2185 4583 νεν.
2219 4527 2305 4582 Ἐν
2334 4528 2433 4599 μιᾷ
2462 4521 2521 4579 δὲ
2549 4522 2760 4596 ἡμέρᾳ,
2787 4520 2841 4578 ἦν
2873 4524 2986 4596 ὅσῳ
3015 4520 3068 4577 ἒν
3093 4525 3174 4594 τῷ
3201 4521 3352 4591 αὐτῷ
3379 4518 3665 4595 προαυλίῳ
3696 4520 3724 4574 ὑ

304 4621 403 4678 los
433 4622 495 4677 in
524 4624 745 4675 terram
769 4616 997 4673 cecidit.

385 4796 467 4865 (α)
495 4795 586 4850 Ita
618 4792 764 4849 Mss.
795 4794 871 4849 At
897 4791 957 4848 in
988 4789 1199 4865 Editis,
1220 4804 1534 4865 eratut-um.
1569 4790 1634 4846 ln
1664 4790 1978 4852 Codicibus

314 4861 514 4924 tamen
542 4881 690 4920 mss.
724 4873 923 4936 postea
954 4864 1183 4936 legitur,
1212 4865 1286 4916 ad
1312 4861 1782 4936 easdemerucas.

388 4939 471 5009 (ὑ)
503 4935 681 5009 Editi,
703 4931 814 5005 vel,
845 4931 1129 5009 vestiebat,
1150 4935 1240 4988 hic
1258 4947 1316 4988 se
1333 4931 1652 5003 exspoliari:
1666 4951 1703 5009 _:_
1724 4935 1832 5003 vel,
1862 4953 1978 4994 ves.

315 5004 519 5078 mea,
552 5008 661 5063 hoc
690 5026 707 5075 ς
767 5010 878 5072 vel,
910 5004 1174 5063 vestiebat
1216 5019 1365 5059 nunc
1392 5020 1413 5065 .'
1443 5005 1982 5066 contradicentibus

316 5098 464 5138 mss.
497 5079 679 5151 Aogl.
704 5083 765 5133 et
792 5079 1038 5151 nostris.

388 5154 471 5223 (ι)
485 5146 708 5208 νοιῑοι.
722 5160 779 5207 et
791 5148 1033 5223 lougip.,
1047 5148 1205 5223 illius
1223 5146 1442 5223 obtentu
1456 5147 1743 5206 mercedis.
1759 5151 1931 5223 Germ
1942 5193 1979 5220 .,

316 5218 464 5293 Ly}.
484 5229 548 5279 et
577 5222 880 5293 secundus
898 5218 1082 5288 and”
1112 5218 1270 5275 illius
1299 5218 1522 5293 obtentu
1556 5222 1803 5279 mercede
1846 5218 1982 5281 vast.

314 5289 677 5365 Compend.,
707 5292 865 5347 illius
885 5296 1201 5363 operatione
1226 5289 1493 5365 mercedis
1520 5296 1652 5348 vent.

392 5362 489 5435 (II)
522 5362 1022 5430 Gemet.acPrat.,
1056 5377 1292 5432 rogare;
1324 5362 1552 5434 primus
1581 5364 1757 5431 Aud.,
1780 5364 1906 5439 Big.
1931 5370 1989 5424 et

316 5437 489 5511 Lyr..
520 5450 732 5511 cogere.

395 5510 471 5580 (e)
508 5509 773 5580 l.ongip.,
798 5523 871 5564 ex
900 5507 1204 5580 vicinitate.

398 5574 473 5652 (1)
504 5574 736 5653 Primus
759 5574 909 5653 And.
933 5586 992 5637 et
1011 5579 1167 5653 Lyr.,
1188 5578 1317 5650 ipsa
1339 5574 1475 5653 hora
1498 5578 1749 5636 moriens.
1777 5580 1991 5639 Secun-

319 5645 651 5722 dn'a'Aut,
682 5667 815 5711 cum
838 5645 1088 5720 Gemetf,
1116 5645 1234 5724 ipse
1260 5645 1524 5704 mortem.

2083 4621 2210 4679 παῖς
2225 4618 2328 4673 Βον
2341 4610 2769 4693 ιφάτιοςῖστατο,
2790 4614 2827 4681 ἡ
2850 4609 3083 4681 ἀλώπηξ
3103 4608 3313 4665 κατὰτὸ
3333 4605 3455 4671 ἔθος
3473 4606 3729 4677 ἐλθοῦσα,

2177 4800 2232 4874 ο)
2262 4802 2432 4874 Βρεη
2455 4795 2839 4874 ἀνεχωρῆςαιο

2183 4865 2438 4947 (Illis—8.,
2470 4865 2666 4947 χᾴρὶτί
2691 4867 2797 4947 γαρ
2827 4869 2925 4947 τοῦ
2956 4865 3101 4947 θεοῦ.

2159 4933 2224 5014 (ἰ)
2251 4933 2647 5014 ἰ’ποκὰεῖίσιον
2676 4933 3081 5014 s'_ubucu_l_a_est
3110 4950 3210 4993 seu
3256 4934 3495 5014 camisa,
3515 4933 3734 5014 Gallice

2092 5007 2349 5071 ehemise.
2381 5007 2625 5068 litterata
2648 5012 2823 5066 etiam
2876 5007 3115 5076 dicitur,
3146 5008 3314 5080 quasi
3346 5007 3533 5080 vestis
3558 5008 3738 5080 inte-

2089 5085 2589 5163 rior._A|iquando
2611 5098 2714 5154 pro
2732 5085 2893 5163 veste
2915 5095 3086 5163 sacra
3114 5076 3468 5163 intelligitur
3494 5096 3511 5163 ξ
3538 5079 3738 5163 docet-

2091 5174 2206 5232 que
2232 5150 2480 5230 Symeon
2511 5150 2881 5219 Thessalom,
2935 5153 3007 5205 de
3044 5152 3236 5207 Sacris
3274 5151 3564 5234 Ordinat.,
3597 5166 3646 5205 c.
3675 5150 3732 5213 2,

2093 5232 2245 5285 idem
2268 5243 2397 5283 esse
2432 5243 2499 5283 ac
2529 5226 2733 5300 penula
2762 5239 2865 5280 seu
2897 5220 3174 5300 φελονίον.
3214 5221 3429 5300 Verum
3464 5222 3555 5300 hic
3587 5237 3739 5300 non-

2093 5303 2206 5358 nisi
2240 5316 2343 5371 pro
2367 5294 2668 5354 communi
2703 5294 3059 5371 protanaque
3102 5300 3256 5371 veste
3300 5294 3486 5366 accipi
3528 5297 3740 5371 potest.

2096 5361 2254 5430 Ideni
2287 5361 2776 5442 statuendum‘de
2813 5361 3272 5442 νοοο’στιχάριον
3304 5361 3455 5442 quae,
3487 5361 3740 5442 διεξειιὶ-

2096 5443 2332 5518 quando
2377 5438 2831 5518 ecclesiasticam
2857 5431 3280 5518 _vestem‘,_'s_ut
3324 5431 3747 5518 monachicam

2097 5510 2409 5591 signiticet,
2440 5528 2507 5591 eo
2538 5517 2729 5591 tamen
2762 5510 2871 5568 loci
2904 5516 2992 5591 est
3037 5513 3359 5577 strictior-ia
3400 5510 3616 5567 tunicas
3646 5515 3753 5568 ge-

2099 5582 2239 5654 nus,
2268 5582 2446 5641 etiam
2472 5582 2761 5654 laicorum
2792 5584 2925 5641 usui
2955 5599 3278 5654 concessa.

2176 5651 2237 5730 tj)
2270 5656 2436 5732 1133.,
2468 5652 2755 5730 ὄρνιθας...
2788 5654 2987 5719 ταύτας
3012 5651 3359 5731 ﬁdum“,
