4210 6160
259 379 362 440 201

1499 377 2024 440 DIALOGORUM
2071 375 2303 438 LIBER
2346 374 2394 435 Ι.

3535 389 3655 451 202

259 526 416 583 quam
432 509 769 581 Deijudiciu
782 525 837 565 m
854 512 1143 577 metuens,
1158 524 1288 566 cum
1303 525 1474 566 socru
1494 525 1598 566 sua
1612 511 1701 581 (a)
1722 511 1791 566 ad
1809 511 1902 567 de-

2016 508 2249 583 θρώπων
2286 504 2499 580 μᾶλλον
2534 507 2831 583 πρόσωπον
2860 507 3184 588 ἑρυθριῶσα,
3215 515 3252 586 ἤ
3280 518 3384 589 τήν
3403 525 3501 576 τοῦ
3523 529 3653 579 Θεον

259 600 593 657 dicationem
625 598 862 656 oratorii
894 598 1198 671 processit.
1233 599 1361 655 Mox
1389 615 1524 655 vero
1544 607 1602 656 ut
1636 598 1895 671 reliquias

261 689 398 746 beati
428 688 757 745 Sebastiani
789 687 1061 761 martyris
1090 688 1406 744 oratorium
1426 687 1701 760 ingressis
1732 691 1893 755 sunt,

262 777 508 835 eamdem
526 777 815 849 prtedictas
829 782 1108 833 matronae
1125 793 1336 833 nurum
1351 777 1636 850 malignus
1652 777 1898 849 spiritus

263 866 513 939 arripuit,
545 871 604 922 et
632 883 828 922 coram
861 866 1023 922 omni
1052 868 1269 939 populo
1291 883 1497 923 vexare
1520 866 1898 939 oospit.Ejus-

261 958 373 1013 dem
396 973 534 1012 vero
551 955 783 1012 oratorii
807 954 1108 1027 presbyter
1127 956 1271 1013 dum
1300 972 1430 1012 eam
1447 956 1892 1013 vehementissi.

262 1061 342 1102 me
369 1044 564 1102 vexari
596 1044 976 1116 conspiceret,
999 1061 1068 1101 ex
1099 1043 1267 1101 altari
1292 1046 1565 1118 protinus
1587 1045 1895 1102 sindonem

257 1135 394 1201 tulit,
424 1150 684 1207 eamque
711 1135 945 1208 operuit
969 1152 984 1205 ;
1004 1135 1106 1191 sed
1143 1134 1301 1191 hunc
1322 1134 1498 1190 simul
1521 1139 1757 1207 repente
1774 1134 1899 1191 dia-

256 1224 413 1281 bolus
441 1224 687 1281 invasit.
719 1224 789 1280 Et
817 1224 960 1297 quia
991 1222 1144 1280 ultra
1175 1224 1324 1280 vires
1354 1223 1538 1280 voluit
1570 1225 1899 1296 quidquam

252 1329 615 1386 presumere,
640 1312 988 1386 compulsus
1015 1316 1106 1370 est
1135 1328 1486 1385 cognoscere
1514 1312 1571 1368 in
1603 1329 1712 1369 sua
1732 1328 1897 1369 vexa-

252 1403 401 1460 tione
432 1402 579 1474 quid
611 1409 787 1459 esset.
818 1402 887 1458 Hi
916 1418 1055 1460 vero
1085 1401 1189 1474 qui
1219 1401 1487 1471 aderant,
1544 1402 1798 1475 puellam
1839 1402 1899 1456 in

251 1494 520 1550 manibus
541 1509 614 1549 ex
644 1494 893 1550 oratorio
920 1493 1216 1551 sublatam
1243 1494 1313 1550 ad
1334 1494 1577 1550 domum
1601 1494 1900 1566 propriam

251 1584 720 1655 deportaverunt.
754 1582 1018 1655 Cumque
1048 1583 1201 1640 hanc
1228 1583 1509 1656 antiquus
1530 1582 1720 1640 hostis
1739 1600 1904 1641 vexa-

252 1674 399 1731 tione
427 1676 715 1731 continua
746 1674 1119 1730 vehementer
1149 1677 1441 1742 attereret,
1474 1674 1784 1747 propinqui
1809 1674 1899 1731 sui

252 1781 371 1822 eam
392 1763 708 1820 carnaliter
729 1768 1081 1831 amantes,et
1094 1764 1344 1820 amando
1368 1769 1811 1836 persequentes,
1828 1765 1899 1821 ad

2011 597 2186 671 κρίσιν
2211 592 2534 673 φοϐηθεῖσα,
2568 598 2689 653 ὃθεν
2717 598 3171 673 μετᾶτῆςὲαυτῆς
3188 614 3449 683 πενθερᾶς
3462 608 3539 673 εἷς
3559 610 3655 667 τὸῦ

2012 685 2355 763 ἐγκαινισμὸν
2366 690 2463 741 τοῦ
2476 686 2638 757 εὖκτη
2649 688 2767 774 ρίου
2781 688 3275 763 προῆλθεν.Ἠνίκα
3286 693 3655 774 δὲτᾶλείψανα

2008 779 2106 832 τοῦ
2128 776 2287 850 ἁγίου
2317 778 2588 852 μάρτυρος
2612 772 2971 834 Σεϐαστιανοῦ
2996 779 3050 835 ἐν
3076 786 3153 856 τῷ
3180 784 3456 861 εὐκτηρίῳ
3473 772 3658 859 εἰσῆλι

2012 876 2128 935 θον,
2158 866 2260 954 τὴν
2290 862 2689 954 προλεχθεῖσαν
2715 869 2816 936 τῆς
2851 871 3144 945 ματρώνης
3169 872 3414 954 νύμφην,
3439 882 3654 951 πνεῦμα

2010 951 2254 1027 πονηρὸν
2273 955 2565 1027 κρατῆσαν,
2582 950 2816 1010 ἐνώπιον
2830 959 3028 1021 παντὸς
3040 962 3137 1014 τοῦ
3152 950 3655 1037 λαοῦ-δαιμονισθῆ·

2011 1062 2098 1097 ναι
2127 1042 2446 1112 πεποίηκεν.
2477 1043 2539 1100 Ὀ
2571 1040 2628 1099 δὲ
2652 1047 2749 1099 τοῦ
2779 1043 3065 1121 εὖκτηρίου
3096 1045 3483 1127 πρεσϐύτερος,
3517 1074 3653 1134 σφο-

2014 1128 2157 1207 δρῶς
2189 1130 2390 1203 ταύτην
2418 1129 2878 1206 δαιμονιζομὲνην
2904 1136 3259 1213 θεασάμενος,
3283 1139 3343 1197 ἐκ
3360 1148 3459 1198 τοῦ
3476 1128 3661 1202 θυσια-

2013 1220 2236 1311 στηρίου
2268 1223 2370 1291 τήν
2403 1218 2618 1311 σινδόνα
2640 1217 2846 1311 λαϐὼν,
2878 1225 3079 1297 ταύτην
3105 1225 3386 1289 ἐσκέπασε.
3407 1235 3664 1311 Παραυτᾶ

2014 1307 2072 1366 δὲ
2088 1310 2177 1366 καὶ
2201 1312 2276 1373 εἰς
2300 1311 2460 1366 αὐτὸν
2484 1312 2510 1366 6
2535 1305 2799 1374 διάϐολος
2821 1313 3063 1386 εῗσῆλθε,
3089 1313 3256 1374 διὰτὸ
3272 1320 3403 1396 ὑπὲρ
3422 1305 3666 1397 (0)66“-

2018 1421 2110 1474 μιν
2141 1400 2333 1456 τοῦτόν
2361 1421 2415 1455 τι
2446 1399 2859 1476 ἂποτολμῆσαι’
2890 1404 2985 1459 ἳνα
3014 1404 3066 1460 ἐν
3101 1409 3171 1482 τῇ
3204 1406 3402 1464 ἐαυτοῦ
3434 1409 3671 1487 ὀχλήσει

2016 1488 2441 1563 σονωθούμενος,
2473 1494 2586 1567 γνῷ
2611 1490 2664 1545 τί
2692 1491 2835 1547 ἐστιν
2863 1492 2890 1548 6
2911 1494 3198 1560 πέπονθεν.
3226 1498 3296 1554 Οἱ
3318 1495 3373 1554 δὲ
3394 1499 3563 1556 ἐκεῖσε
3585 1502 3672 1557 εὑ-

2016 1581 2282 1656 ρεθέντες,
2315 1583 2414 1651 τήν
2447 1582 2620 1657 κόρην
2652 1581 2705 1638 ἐν
2736 1589 2857 1646 ταῖς
2906 1587 3096 1662 χερσὶν
3148 1587 3209 1644 ἐκ
3247 1594 3342 1645 τοῦ
3388 1591 3675 1668 εὐκτηρίου

2015 1669 2264 1746 ἄραντες,
2296 1669 2347 1724 εί
2349 1691 2373 1733 ς
2395 1672 2489 1726 τὸν
2508 1669 2652 1727 ’ἰδιον
2671 1673 2819 1729 οἶκον
2839 1672 3240 1751 ἀπήγαγον.¹Εν
3267 1677 3380 1753 ὅσῳ
3400 1677 3458 1736 δὲ
3474 1681 3677 1754 ταύτην

2017 1761 2045 1815 6
2079 1760 2385 1834 ἆρχέκακος
2417 1761 2614 1835 ἐχθρὸς
2638 1759 2979 1842 σφοδροτάτῃ
3015 1767 3109 1842 βίᾳ
3132 1766 3322 1843 όχλῶν
3347 1765 3674 1845 συνέτριϐεν,

255 1853 849 1911 obtinendumsalutis
870 1853 1186 1909 remedium
1205 1853 1487 1911 maleficis
1509 1853 1898 1925 tradiderunt;

2016 1850 2069 1904 οἳ
2099 1846 2334 1919 πλησίον
2371 1850 2537 1920 αὒτῆς
2592 1857 2921 1925 σωματικῶς
2971 1856 3140 1925 αὐτὴν
3192 1857 3534 1935 ἀγαπῶντες,
3583 1863 3671 1918 καὶ

2128 1936 2179 1954 ,ει
2372 1935 2396 1954 ε.
2434 1940 2448 1954 .
2529 1946 2553 1954 _
2624 1951 2637 1954 _
2831 1942 2842 1954 .
3135 1944 3147 1954 .
3291 1946 3304 1954 .
3359 1949 3372 1954 _

256 1948 325 1999 ut
349 1944 477 2014 ejus
494 1942 747 1999 animam
768 1942 1033 1999 funditus
1054 1943 1514 2015 exstinguerent,
1539 1944 1711 2015 cujus
1736 1944 1903 2000 carni

2015 1936 2334 2001 σπεύδοντες
2368 1935 2458 1993 διὰ
2487 1946 2588 2009 τῆς
2617 1942 2907 2015 θεραπείας
2938 1944 3215 2020 σωτηρίας
3246 1946 3414 2017 αὐτὴν
3459 1955 3667 2027 τυχεῖν,

257 2032 499 2105 magicis
527 2034 754 2089 artibus
813 2032 888 2089 ad
926 2036 1160 2106 tempus
1208 2033 1487 2104 prodesse
1531 2037 1902 2090 conarentur.

255 2122 431 2179 Ducta
451 2126 543 2178 est
566 2121 769 2193 itaque
786 2122 858 2177 ad
891 2121 1153 2189 ﬂuvium,
1174 2121 1429 2195 atquein
1447 2137 1657 2194 aquam
1680 2138 1903 2192 mersa;

253 2211 443 2283 ibique
462 2210 697 2267 diutius
715 2209 1214 2267 incantationibus
1235 2226 1406 2285 agere
1430 2210 1676 2268 maleﬁci
1704 2212 1901 2268 molie-

254 2301 482 2372 bantur,
517 2306 588 2358 ut
614 2301 667 2357 is
695 2302 793 2373 qui
816 2317 943 2358 eam
963 2301 1255 2359 invaserat
1274 2302 1544 2359 diabolus
1566 2302 1767 2359 exiret.
1792 2300 1905 2358 Sed

257 2393 398 2449 miro
429 2392 857 2463 omnipotentis
886 2392 986 2448 Dei
1009 2391 1259 2462 judicio,
1310 2393 1449 2448 dum
1480 2395 1604 2448 arte
1636 2408 1905 2464 perversa

256 2495 405 2537 unus
436 2480 512 2536 ab
544 2496 615 2536 ea
644 2479 966 2551 repellitur,
999 2480 1057 2535 in
1089 2496 1218 2537 eam
1242 2480 1439 2537 subito
1463 2480 1611 2553 legio
1643 2481 1901 2537 intravit.

248 2571 425 2642 Capit
450 2586 523 2626 ex
544 2568 657 2626 hoc
675 2568 777 2625 illa
798 2573 887 2625 tot
903 2570 1158 2627 motibus
1182 2570 1407 2642 agitarl,
1422 2574 1508 2626 tot
1527 2570 1769 2626 vocibus
1783 2570 1908 2627 cla-

248 2659 629 2732 moribusque
648 2663 1031 2731 perstrepere,
1060 2664 1205 2732 quot
1227 2659 1535 2731 spiritibus
1572 2661 1903 2717 tenebatur.

247 2751 406 2806 Tunc
452 2747 607 2805 inito
653 2748 898 2806 consilio
921 2753 1192 2820 parentes
1212 2750 1340 2819 ejus
1361 2765 1483 2805 suae
1501 2749 1756 2819 perﬁdia
1784 2748 1908 2805 cul-

252 2855 382 2912 pam
413 2839 688 2906 fatentes,
719 2837 873 2895 hanc
903 2838 974 2893 ad
994 2838 1384 2895 venerabilem
1415 2837 1606 2894 virum
1626 2839 1906 2895 Fortuna-

252 2933 377 2985 tum
406 2927 761 2999 episcopum
791 2928 1106 2994 duxerunt,
1136 2927 1305 3000 eique
1358 2927 1739 3000 reliquerunt.
1790 2928 1907 2994 Qua

252 3016 349 3072 ille
378 3020 685 3087 suscepta,
716 3015 921 3072 multis
944 3031 1007 3071 se
1026 3015 1229 3072 diebus
1246 3032 1313 3073 ac
1335 3016 1598 3072 noctibus
1615 3015 1675 3071 in
1697 3015 1907 3073 oratio-

255 3123 386 3164 nem
450 3105 648 3176 dedit;
695 3109 977 3179 tantoque
1030 3106 1241 3163 annisu
1293 3107 1566 3180 precibus
1614 3107 1905 3178 incubuit,

2013 2029 2333 2121 φαρμακοὺς
2360 2029 2509 2121 αὐτῇΔ
2522 2032 2896 2121 προσήγαγον,
2917 2032 3169 2121 ὅπως,τὸ
3193 2042 3352 2112 σῶμα
3371 2045 3489 2104 ταῖς
3514 2063 3671 2121 μαγι-

2010 2121 2136 2181 καῖς
2164 2114 2388 2191 τέχναις
2418 2116 2553 2191 πρὸς
2580 2119 2767 2192 καιρὸν
2799 2117 3237 2194 ἐπιμελήσασθαι
3271 2114 3547 2197 θέλοντες,
3566 2114 3668 2197 τῆν

2014 2206 2202 2281 ψυχὴν
2235 2204 2296 2261 ἐκ
2337 2206 2552 2281 βάθρων
2603 2203 2887 2268 σϐἐσωσιν.
2933 2212 3248 2289 ’Δπηνὲχθη
3290 2221 3548 2292 τοιγαροῦ
3588 2216 3667 2280 εἷς

2012 2296 2289 2370 ποταμὸν,
2309 2295 2400 2351 καὶ
2422 2296 2474 2351 ἐν
2498 2300 2577 2369 τῷ
2600 2293 2753 2353 ὕδατι
2776 2297 3063 2374 βληθεῖσα,
3082 2301 3323 2367 πολλαῖς
3348 2302 3663 2370 ἐπιλαλιαῖς

2016 2384 2068 2441 οἱ
2099 2384 2378 2470 ιραρμακοὶ
2410 2386 2774 2464 χρησάμενοι,
2805 2383 3104 2446 ἐϐούλοντο
3136 2391 3223 2448 ὅτι
3254 2393 3282 2447 6
3316 2389 3509 2460 ἐπιϐὰς
3529 2394 3666 2470 αὐτῇ

2017 2467 2282 2536 διάϐολος
2305 2472 2674 2546 ἐξελεύσγ,ται.
2703 2474 2883 2533 Ἀλλᾶ
2905 2483 3190 2553 θαυμαστὴ
3214 2486 3312 2537 τοῦ
3333 2467 3670 2540 παντοδυνάλ

2017 2584 2125 2637 μου
2170 2567 2305 2619 Θεοῦ
2354 2565 2389 2633 ἡ
2431 2563 2607 2639 κρίσις
2662 2565 2905 2643 γέγονεν.
2956 2570 3047 2625 ’Ev
3098 2569 3212 2643 ὅσῳ
3265 2572 3371 2649 γὰρ
3421 2569 3510 2628 διὰ
3563 2580 3670 2645 τῆς

2016 2651 2456 2740 ἒξεστραμμένης
2483 2651 2686 2733 τέχνης
2718 2655 2746 2710 6
2788 2657 2869 2718 εἷς
2895 2654 3107 2731 δαίμων
3150 2658 3242 2715 ἀπ’
3284 2660 3454 2730 αὐτῆς
3493 2660 3668 2740 διωχ-

2013 2744 2171 2813 θῆναι
2190 2739 2744 2821 προσεδοκᾶτοβφνω
2767 2744 2843 2808 εἷς
2865 2746 3036 2817 αὐτὴν
3059 2750 3139 2823 (ά)
3163 2749 3364 2827 λεγεὼν
3390 2739 3667 2823 εἰσῆλθεν.

2012 2833 2249 2918 ’Ἠρξατο
2283 2830 2377 2887 οὗν
2431 2834 2466 2903 ἡ
2517 2833 2655 2909 κόρη
2702 2833 2938 2911 τοσαύτῃ
2994 2834 3212 2910 δονήσει
3261 2845 3359 2895 τοῦ
3416 2843 3673 2918 σώματος

2013 2917 2411 2999 συντρίϐεσθαι,
2434 2922 2524 2977 καί
2547 2922 2831 2987 τοσαύταις
2857 2921 3108 2982 ὑλακτεῖν
3133 2934 3361 3008 φωναῖς,
3385 2917 3525 2988 ὥστε
3537 2936 3666 2989 πᾶσι

2013 3013 2240 3092 φανερὸν
2272 3012 2522 3087 γενέσθα,
2557 3013 2662 3068 ὑπὸ
2691 3012 2943 3084 πλήθους
2975 3013 3247 3084 δαιμόνων
3291 3022 3461 3093 αύτήν
3496 3024 3665 3098 βασα-

2010 3100 2266 3172 νίζεσθαι.
2293 3101 2433 3159 Τότε
2455 3102 2507 3155 οἱ
2536 3101 2739 3169 ταύτης
2763 3108 2943 3179 γονεῖς
2966 3105 3177 3179 βουλήν
3200 3109 3405 3183 ἀγαθὴν
3433 3112 3663 3187 βουλευ.

247 3206 470 3272 quanto
491 3203 551 3255 et
571 3200 632 3255 in
650 3215 768 3254 uno
789 3215 1028 3271 corpore
1049 3204 1254 3256 contra
1274 3216 1338 3257 se
1358 3200 1633 3256 assistere
1654 3198 1903 3271 legionis

2015 3191 2258 3265 σάμενοι,
2282 3190 2368 3245 καὶ
2390 3197 2453 3245 τὸ
2473 3188 2646 3245 αἷ¹τιον
2668 3194 2736 3264 τῇ
2764 3192 2968 3248 ἑαυτῶν
2988 3194 3213 3267 ἀπιστίᾳ
3235 3196 3659 3276 ἐπιγράψαντες,

244 3260 429 3347 aciem
460 3288 706 3345 invenit.
738 3290 820 3360 (ὁ)
849 3260 992 3346 cum
1043 3306 1161 3347 non
1193 3293 1326 3362 post
1374 3289 1592 3347 multos
1636 3260 1762 3346 dies
1818 3289 1901 3346 ita

2015 3280 2213 3352 ταύτην
2251 3279 2387 3354 πρὸς
2413 3279 2504 3334 τὸν
2529 3275 2918 3337 εὐλαϐέστατον
2947 3279 3113 3360 ἄνδρα
3158 3260 3537 3363 Φορτοονᾶτον
3566 3260 3660 3347 τὸν

238 3395 446 3436 sanam
477 3383 658 3451 atque
689 3377 1043 3435 incolumem
1072 3378 1343 3448 reddidit,
1384 3395 1450 3435 ac
1490 3379 1539 3436 si
1584 3380 1643 3436 in
1685 3396 1752 3436 ea
1791 3378 1896 3449 jus

2015 3370 2296 3427 ἐπίσκοπον
2331 3368 2636 3444 ἀπήγαγον,
2670 3371 2741 3444 (θ)
2784 3367 3033 3445 δεόμενοι
3073 3372 3240 3430 αὐτοῦ
3284 3376 3556 3453 βοηθῆσαι
3586 3384 3656 3455 τῇ

245 3469 550 3542 proprium
583 3467 851 3525 diabolus
880 3484 1180 3540 nunquam
1203 3468 1528 3525 habuisset.

2002 3459 2409 3538 χειμαζομένῃ,
2457 3460 2584 3534 παρ’
2642 3458 2791 3531 αὐτῷ
2848 3457 2906 3516 δὲ
2945 3462 3149 3535 ταύτην
3203 3465 3659 3543 καταλείψαντες,

246 3558 622 3637 ἀνεχώρησαν.
654 3557 712 3610 Ὃ
743 3554 800 3612 δὶ
831 3561 927 3612 τοῦ
958 3560 1094 3612 Θεοῦ
1123 3556 1410 3634 ἄνθρωπος
1441 3556 1645 3628 ταύτην
1683 3554 1991 3629 δεξάμενος,
2022 3553 2112 3608 καὶ
2148 3551 2233 3606 ἐπὶ
2275 3547 2492 3612 πολλὰς
2533 3550 2745 3626 ἡμέρας
2782 3552 2873 3607 καὶ
2913 3554 3109 3619 νύκτας
3148 3554 3201 3612 ἐν
3239 3560 3308 3632 τῇ
3354 3560 3492 3636 πρὸς
3532 3562 3662 3619 Θεὸν

244 3644 421 3717 δεήσει
455 3645 647 3701 ἑαυτὸν
682 3642 959 3719 δεδωκὼς,
985 3647 1229 3720 τοσαύτῃ
1261 3646 1493 3720 ἐπιμονῇ
1526 3650 1645 3710 ταῖς
1678 3646 1871 3720 εὐχαῖς
1902 3641 2206 3721 ἐχρήσατο,
2246 3638 2370 3695 ὅσον
2412 3639 2513 3708 τήν
2544 3645 2645 3710 τῆς
2680 3639 2946 3717 λεγεῶνος
2978 3642 3193 3716 πληθὺν
3239 3649 3341 3718 τήν
3379 3647 3435 3704 ἐν
3466 3654 3545 3723 τῷ
3586 3652 3667 3720 ἔνι

242 3737 459 3810 σώματι
489 3736 679 3805 οὖσαν,
709 3733 1100 3809 ἁνθισταμένην
1129 3735 1275 3808 αὐτῷ
1304 3736 1472 3810 εὗρεν.
1505 3735 1579 3791 Οὐ
1640 3737 1775 3809 μετᾶ
1832 3731 2051 3793 πολλὰς
2099 3727 2156 3785 δὲ
2200 3731 2413 3805 ἡμέρας
2455 3729 2617 3795 οὗτος
2662 3731 2833 3801 αὐτὴν
2885 3732 3008 3809 ὑγιῆ
3058 3735 3147 3790 καὶ
3187 3734 3498 3813 ἐρρωμένην
3547 3746 3666 3804 τοῖς

239 3829 483 3901 γονεῦσιν
515 3822 813 3896 ἀπέδωκεν,
844 3826 920 3887 ὡς
952 3823 1042 3881 ὅτε
1072 3822 1331 3881 οὐδέποτε
1360 3823 1413 3880 ἐν
1446 3821 1585 3899 αὒτῇ
1618 3825 1646 3879 6
1678 3817 1934 3899 διάϐογος
1966 3815 2205 3891 ἐξουσίαν
2238 3816 2414 3893 ἔσχεν.

305 3918 466 3974 1.6
488 3916 617 3972 Alio
642 3931 876 3989 quoque
900 3920 1169 3989 tempore
1199 3917 1354 3974 idem
1377 3915 1462 3973 vir
1480 3914 1902 3987 omnipotentis

235 4005 332 4063 Dei
353 4006 624 4063 famulus
644 4021 717 4061 ex
737 4006 978 4062 obsesso
999 4006 1258 4077 quodam
1272 4004 1512 4062 homine
1531 4004 1903 4060 immundum

235 4096 513 4167 spiritum
538 4094 820 4152 excussit.
843 4093 1256 4166 Quimalignus
1280 4095 1521 4167 spiritus
1545 4111 1677 4151 cum
1698 4109 1903 4166 vespe-

251 4192 515 4243 rascente
529 4187 655 4257 jam
689 4185 783 4242 die
804 4192 1087 4242 secretam
1110 4186 1182 4241 ab
1202 4185 1546 4242 hominibus
1568 4184 1772 4241 horam
1787 4200 1905 4240 cer-

237 4282 426 4344 neret,
458 4276 841 4349 peregrinum
871 4274 1210 4347 quempiam
1232 4290 1361 4332 esse
1376 4292 1439 4331 se
1461 4274 1767 4344 simulans,
1788 4273 1902 4329 cir-

241 4368 403 4423 cuire
442 4369 623 4439 erepit
653 4365 913 4422 civitatis
943 4365 1166 4437 plateas
1193 4371 1252 4421 et
1278 4365 1532 4421 clamare
1565 4382 1578 4420 :
1618 4365 1662 4421 Ο
1713 4365 1900 4420 virum

231 4462 515 4513 sanctum
546 4459 927 4512 Fortunatam
961 4457 1305 4529 episcopum
1331 4455 1345 4511 ι
1378 4471 1511 4513 ecce
1540 4456 1679 4527 quid
1714 4454 1848 4511 fecit
1874 4454 1903 4511 τι

228 4547 617 4619 peregrinum
646 4545 939 4601 hominem
958 4547 1028 4601 de
1050 4545 1300 4617 hospitio
1315 4562 1423 4601 suo
1440 4544 1681 4617 expulit.
1707 4546 1908 4611 Quaaro

2083 3910 2234 3968 195
2272 3909 2373 3997 Ἐν
2392 3906 2553 3981 ἄλλῳ
2573 3909 2753 3997 τοίνυν
2771 3915 2967 3987 καιρῷ,
2990 3913 3018 3967 ὁ
3037 3908 3332 3988 σεϐάσμιος
3348 3918 3506 3982 οὗτος
3522 3919 3661 3997 ἀνήρ

2012 3998 2039 4052 6
2063 4000 2136 4072 (f)
2158 3996 2422 4068 ἀληθινὸς
2438 4000 2536 4051 τοῦ
2557 3995 2973 4074 παντοδυνάμου
2991 4005 3124 4057 Θεοῦ
3142 4001 3362 4077 δοῦλος,
3377 3995 3660 4084 ἄνθρωπόν

2010 4108 2130 4142 τινα
2160 4087 2261 4142 ὑπὸ
2290 4086 2603 4161 πνεύματος
2648 4086 2954 4163 ἀκαθάρτου
2993 4093 3381 4168 κρατούμενον,
3432 4094 3523 4154 διὰ
3557 4103 3660 4166 τῆς

2011 4175 2163 4251 ἁγίας
2182 4176 2347 4231 αὐτοῦ
2363 4174 2534 4251 εὐχῆς
2549 4173 2938 4250 ἠλευθέρωσεν.
2962 4180 3036 4235 Τὸ
3050 4177 3106 4237 δὲ
3130 4181 3284 4254 ἐξελη
3296 4183 3459 4249 λυθὸς
3480 4210 3658 4261 πονη-

2012 4265 2104 4341 ρὸν
2134 4267 2373 4336 πνεῦμα,
2407 4265 2544 4339 πρὸς
2574 4264 2799 4340 ἑσπέραν
2826 4264 2934 4337 ἤδη
2970 4267 3165 4325 λοιπὸν
3191 4279 3293 4342 τῆς
3313 4273 3524 4349 ἡμέρας
3544 4276 3661 4335 κλι-

2016 4353 2247 4423 νούσης,
2279 4352 2370 4408 καὶ
2399 4360 2500 4423 τῆς
2528 4353 2720 4417 νυκτὸς
2752 4354 3110 4431 ἐπελθούσης,
3133 4362 3350 4418 πάντων
3381 4363 3432 4421 ἐν
3452 4367 3659 4443 ⁴ἡσυχίᾳ

2011 4437 2211 4513 ὄντων,
2235 4441 2379 4514 ξένον
2400 4442 2524 4498 τινὰ
2547 4443 2734 4499 ἑαυτὸν
2753 4450 3290 4523 προσποιησάμενον,
3306 4454 3405 4516 τὰς
3424 4462 3525 4525 τῆς
3554 4437 3659 4512 irei-

2021 4531 2161 4596 λεως
2175 4531 2436 4619 πλατείας
2456 4531 2704 4608 γυρεύειν
2719 4533 3158 4613 ἢρξατο,κράζων
3171 4540 3257 4595 καὶ
3276 4539 3546 4619 λέγων.’¹Ω
3565 4548 3661 4600 τοῦ

232 4617 337 4691 ubi
374 4635 751 4708 requiescere
771 4633 1037 4703 debeam,
1059 4639 1118 4690 et
1136 4633 1197 4689 in
1225 4635 1456 4691 civitate
1473 4637 1601 4705 ejus
1619 4650 1732 4690 non
1748 4634 1904 4689 inve-

2018 4621 2174 4696 ἁγίου
2196 4617 2393 4696 ἀνδρὸς
2419 4622 2803 4697 Φορτουνάτου
2825 4629 2922 4679 τοῦ
2944 4623 3324 4683 ἐπισκόπου·τί
3343 4617 3663 4703 πεποίηκεν;

236 4725 365 4782 nio.
386 4725 561 4781 Tunc
583 4724 827 4797 quidam
854 4723 912 4780 in
934 4723 1190 4797 hospitio
1217 4739 1350 4781 cum
1380 4741 1558 4781 uxore
1578 4741 1687 4782 sua
1712 4729 1770 4780 et
1787 4742 1914 4796 par-

228 4813 370 4872 vulo
394 4813 519 4872 ﬁlio
545 4813 621 4871 ad
644 4831 865 4887 prunas
886 4813 1146 4882 sedebat,
1162 4813 1263 4886 qui
1284 4831 1478 4873 vocem
1499 4814 1909 4886 ejus.audieus,

228 4910 290 4961 et
318 4905 469 4978 quid
499 4905 813 4978 episcopus
835 4906 886 4962 ei
907 4905 1108 4963 fecerit
1129 4906 1454 4977 requirens,
1482 4904 1913 4962 buncinvitavit

227 4992 522 5067 hospitio,
555 4993 766 5051 sedere
783 5009 983 5051 secum
1011 4995 1179 5066 juxta
1210 5011 1432 5067 prunas
1459 4994 1613 5052 fecit.
1655 4994 1913 5066 Cumque

224 5084 495 5142 vicissim
510 5084 712 5156 aliqua
726 5084 1579 5158 confabularentur,parvulum
1594 5085 1722 5157 ejus
1736 5082 1913 5141 filium

244 5171 409 5232 idem
431 5174 742 5248 malignus
755 5175 998 5247 spiritus
1014 5175 1249 5247 invasit,
1262 5180 1430 5249 atque
1444 5178 1503 5233 in
1526 5176 1760 5233 easdem
1772 5193 1912 5249 pru-

230 5356 1174 5432 cepit,4quodjconjugibuspost
1219 5374 1369 5432 opus
1416 5359 1645 5417 carnale
1683 5360 1911 5432 legibus

223 5428 665 5505 ecclesiasticis
691 5428 785 5485 est
812 5428 1214 5505 interdictum.
1242 5428 1391 5505 Lege
1410 5434 1558 5505 ,Can.
1589 5434 1681 5504 21,
1707 5428 1912 5505 σηιηὶε

224 5498 403 5574 homo
431 5502 507 5574 de
528 5502 985 5574 consecratione.
1017 5503 1155 5561 dist.
1187 5506 1242 5570 2,
1275 5498 1352 5560 οἵ
1371 5504 1619 5574 Mabill.,
1650 5498 1710 5561 in
1754 5504 1912 5562 notis

231 5572 311 5629 ad
346 5573 537 5646 epist.
572 5571 832 5631 Vaselini
862 5576 1113 5644 abbatis,
1147 5583 1186 5631 t.
1221 5576 1264 5631 Ι.
1297 5576 1536 5645 Annal.,
1568 5571 1625 5646 p'.
1673 5577 1797 5633 346.

292 5645 395 5721 (9)
426 5645 657 5721 No‘rmq
686 5647 920 5721 primus
972 5651 1214 5706 Carnot.
1247 5651 1308 5705 et
1364 5648 1480 5705 duo
1536 5645 1784 5720 Theod.,
1829 5646 1913 5706 ad

218 5714 947 5781 dedicandumcrstorium.

292 5788 385 5867 (ὁ)
419 5793 511 5849 lla
533 5791 722 5864 legere
741 5793 1114 5870 coguntMss.
1145 5791 1362 5852 Excusi
1393 5796 1912 5853 mutaveruntcum

568 5892 789 5960 Paron.
838 5894 938 5964 LK
955 5898 1005 5962 Χ
1053 5898 1189 5963 νυ.

2025 4708 2146 4766 ἰδοὺ
2171 4711 2277 4786 γὰρ
2308 4711 2449 4782 ξὲνον
2471 4708 2752 4786 ἄνθρωπον
2789 4710 2846 4767 ἐκ
2866 4717 2962 4768 τοῦ
2982 4711 3208 4771 κελλίου
3238 4717 3405 4772 αὐτοῦ
3428 4716 3666 4794 ἐξέϐαλε.

2018 4800 2374 4873 Ζητῶ(9)που
2391 4796 2608 4876 ὤφελον
2622 4800 3120 4876 ἀναπαῆναι[ΡονΙε
3133 4803 3670 4886 ιεθ.άναπαυσθῆναι]

2016 4888 2105 4943 καὶ
2140 4886 2193 4942 ἐν
2219 4892 2288 4962 τῇ
2321 4886 2480 4943 πόλει
2510 4888 2678 4944 αὐτοῦ
2708 4889 2876 4946 τόπον
2908 4892 3021 4967 οὐχ
3062 4894 3315 4968 εὑρίσκω.
3349 4897 3568 4972 Ταύτης
3610 4898 3669 4958 δὶ

2018 4982 2206 5056 φωνῆς
2256 4975 2399 5063 ἀνήρ
2435 4998 2518 5041 τις
2549 4976 2807 5049 ἀκούσας,
2840 4978 2892 5035 ἐν
2923 4984 3001 5052 τῷ
3030 4980 3165 5057 οἴκῳ
3205 4983 3392 5058 αὐτοῦ,
3427 4987 3540 5063 ἃμα
3567 4997 3671 5063 τῆς

2018 5067 2211 5158 ἑαυτοῦ
2261 5062 2498 5142 συμϐίου
2536 5067 2628 5124 καὶ
2686 5069 2883 5158 σεμνοῦ
2940 5069 3163 5129 παιδίου
3212 5077 3359 5152 παρᾶ
3402 5062 3473 5155 τῇ
3526 5085 3672 5158 πυρᾷ

2018 5156 2406 5231 καθεζόμενος,
2446 5162 2640 5214 τοῦτον
2668 5156 2925 5230 καλέσας,
2947 5160 3037 5217 καὶ
3065 5162 3399 5239 ἐπιζητήσας
3420 5170 3472 5227 τί
3503 5156 3668 5229 αὐτοῦ

2022 5371 2358 5554 ωξέυῗᾶἒεη
2391 5423 2617 5501 δύναμίν
2648 5449 2700 5483 τι
2731 5428 3057 5507 ἀποτολμᾷν
3087 5444 3341 5512 ποιῆσαι,

2158 5501 2173 5554 i
2209 5500 2410 5554 iidem.
2444 5497 2697 5554 λεγαιὼν.

2093 5428 2164 5640 Ψ
2196 5428 2358 5510 Msa,
2391 5428 2697 5521 “vagiat:

2209 5500 2410 5567 Iidem,
2444 5497 2697 5573 λεγαιων.

2120 5501 2173 5643 ei
2204 5570 2368 5643 863.,
2390 5567 2655 5643 6569910:
2681 5595 2697 5627 ι

2120 5567 2173 5643 e)
2204 5567 2655 5657 Ιξοεηοδεόμενοι
2681 5575 2770 5629 καὶ
2801 5575 3253 5657 παρακαλοῦντες
3286 5589 3450 5655 αὐτὸν
3475 5579 3692 5655 βοηθῆ·

2023 5641 2599 5717 σαι.;.-ὑπὶχάρησ9ιν.

2104 5714 2173 5786 (Γ)
2205 5712 2370 5788 Ββείξ
2409 5712 2439 5771 δ
2466 5712 2701 5788 ἠάληθῶς
2727 5722 2848 5781 τοῦ.

2109 5785 2188 5859 (9)
2219 5785 2391 5862 Μέθη
2423 5808 2529 5847 που
2560 5786 2791 5865 ὀφείλω.
