4210 6160
469 332 588 397 203
1695 325 1976 390 SANCTI
2020 325 2108 387 ΕΒ

2229 321 2387 385 ORII
2431 319 2685 384 MAGNI
3758 321 3878 384 204

463 472 492 526 ὁ
530 468 829 533 ἐπίσκοπος
872 464 1195 539 πεποίηκεν,
1280 484 1332 519 εν
1384 465 1467 535 τῷ
1525 461 1673 533 αὑτῷ
1729 459 1865 534 οἴκῳ
1920 463 2108 517 τοῦτον

2224 476 2334 518 nas
2357 457 2623 532 projecit,
2641 455 2838 528 ibique
2860 470 2995 511 mox
3026 453 3154 526 ejus
3183 452 3442 511 animam
3458 456 3738 513 excussit.
3764 457 3877 525 Qui

464 561 746 638 είσήγαγε,
777 558 867 614 καὶ
899 555 1135 628 πλησίον
1156 555 1348 609 ἑαυτοῦ
1371 554 1451 628 (α)
1471 550 1618 629 παρά
1636 556 1704 625 τῇ
1730 555 1877 627 πυρᾷ
1894 551 2108 616 καθίσαι

2227 549 2493 618 orbatus,
2526 546 2729 614 miser,
2760 545 2850 602 vel
2874 560 3048 617 quem
3080 543 3560 618 ipsesusceperit,
3590 545 3679 604 vel
3702 562 3878 620 quem

461 633 626 706 αὑτὸν
677 633 963 719 πεποίηκε.
1024 641 1412 719 Καθεζομένων
1482 639 1541 697 δὲ
1587 642 1787 712 αὐτῶν,
1835 642 1927 697 καὶ
1972 641 2108 717 πρὸς

2224 640 2533 712 episcopus
2562 635 2900 709 expulisset,
2935 633 3196 706 agnovit.

460 737 747 809 ἀλλήλους
780 735 1148 810 ὁμιλούντων,
1177 733 1241 789 τὸ
1273 731 1403 788 αὐτὸ
1432 730 1672 805 πονηρὸν
1698 734 1914 804 πνεῦμα
1942 732 2022 804 (b)
2054 728 2106 784 ἐν
2136 731 2215 799 τῷ
2236 724 2401 781 αὐτοῦ
2422 727 2605 798 σεμνῷ
2626 720 2830 795 παιδίῳ
2861 720 3130 810 εἴσελθὸν,
3163 720 3215 777 ἐν
3246 726 3316 798 τῇ
3344 727 3490 800 πυρᾷ
3510 722 3641 780 αὐτὸ
3663 719 3877 803 ἔρῥιψι,

456 827 548 883 καὶ
579 831 924 902 παραχρῆμα
953 821 1005 879 ἕν
1031 823 1182 896 αὐτῷ
1210 827 1289 895 τῷ
1323 821 1453 897 πυρὶ
1485 822 1584 891 τήν
1618 821 1805 895 ψυχὴν
1839 820 2004 875 αὑτοῦ
2034 814 2330 875 ἀποδοῦναι
2354 815 2647 886 πεποίηκε.
2671 816 2844 870 Τοῦτο
2867 810 2962 868 οῦν
2990 811 3018 867 ὁ
3050 809 3284 875 ἐλεεινὸς
3329 811 3531 877 ἐκεῖνος
3582 815 3877 891 ὑπομείνας

457 914 685 992 ἐπέγνω,
717 912 836 969 τίνα
868 914 896 968 ὁ
929 910 1223 974 ἐπίσκοπος
1255 909 1507 989 ἐξήγαγε,
1539 908 1629 966 καὶ
1658 908 1779 964 τίνα
1810 908 1968 971 οὗτος
2000 904 2309 981 ὑπεδέξατο.

539 1006 735 1060 ΠΕΤΡ.
772 1001 836 1061 Τί
871 1002 963 1057 οὗν
985 1006 1147 1058 τοῦτο
1179 995 1415 1075 λέγομεν
1439 1019 1454 1069 ;
1490 1002 1609 1062 πῶς
1629 999 1731 1067 τὴν
1752 1000 1849 1053 τοῦ
1867 998 2114 1072 φονεῦσαι

458 1090 702 1164 ἐξουσίαν
737 1090 788 1146 ἐν
821 1095 900 1163 τῷ
927 1089 1064 1164 οἴκῳ
1079 1088 1280 1147 τούτου
1303 1089 1331 1144 ὁ
1351 1088 1656 1163 ἀρχέκακος
1675 1084 1874 1163 ἐχθρὸς
1896 1078 2113 1156 ἔλαϐεν,

462 1184 614 1247 ὅστις
640 1186 834 1238 τοῦτον
868 1180 1013 1253 ξένον
1042 1180 1283 1254 νομίζων
1321 1178 1613 1253 ὑπάρχειν,
1646 1172 1931 1250 ὑποδοχῆς
1950 1175 2112 1251 χάριν

462 1271 517 1328 ἐν
547 1277 629 1346 τῷ
659 1273 850 1327 ἑαυτοῦ
879 1269 1091 1343 κελλίῳ
1121 1264 1494 1344 προσελάϐετο
1528 1287 1545 1339 ;

532 1364 813 1420 ΓΡΠΓΟΡ,
833 1359 941 1417 [16)
958 1360 1048 1431 λα,
1062 1356 1254 1434 Ηέτρε,
1273 1361 1601 1434 θεωροῦνται
1616 1356 1954 1432 νομιζόμενα
1971 1353 2116 1411 καλὰ

461 1450 755 1525 εἶναι,ἀλλ’
775 1450 875 1506 οὐκ
897 1449 1022 1520 εἰσὶ,
1046 1447 1188 1504 διότι
1211 1447 1390 1523 ἀγαθῇ
1413 1450 1482 1522 (c)
1502 1445 1731 1504 διαθέσει
1754 1446 1817 1501 οὐ
1849 1447 2112 1524 γίνονται.

461 1542 619 1598 ’Ὀθεν
648 1538 737 1594 καὶ
769 1537 821 1593 ἐν
854 1540 937 1610 τῷ
968 1533 1273 1612 εὐαγγελίῳ
1303 1536 1338 1605 ἡ
1369 1533 1609 1609 ἀψευδής
1630 1536 1729 1590 τοῦ
1751 1534 1943 1608 κυρίου
1968 1531 2114 1609 λέγει

462 1627 773 1708 φωνήῘΕδω
791 1627 817 1681 ὁ
836 1624 1122 1703 ὀφθαλμός
1142 1645 1241 1679 σου
1257 1626 1337 1699 (d)
1352 1624 1593 1700 πονηρός
1610 1621 1904 1697 ἐστιν,ὅλον
1924 1623 1986 1677 τὸ
2012 1625 2117 1677 σῶ-

466 1717 542 1793 μά
567 1738 663 1773 σου
696 1715 965 1771 σκοτεινὸν
995 1708 1162 1770 ἔσται.
1198 1714 1287 1772 'Ev
1319 1713 1527 1787 ἐκάστῳ
1556 1714 1660 1790 γὰρ
1687 1713 1991 1788 πράγματι,
2023 1711 2111 1768 ἐὰν

469 1805 606 1882 μετᾶ
636 1803 963 1877 δολιότητος
994 1806 1028 1874 ἡ
1063 1804 1212 1882 ἀρχὴ
1240 1802 1484 1879 γένηται,
1506 1807 1610 1859 πᾶν
1628 1801 1692 1857 τὸ
1707 1800 2113 1891 ἐπακολουθοῦν
2144 1824 2193 1891 Β

462 1891 617 1973 ἔργον
651 1893 873 1951 σκολιὸν
914 1894 1240 1971 εὑρίσκεται.
1261 1892 1358 1948 κᾶν
1387 1891 1433 1947 εἰ
1456 1892 1616 1967 ὀρθὸν
1643 1892 1780 1947 εἶναι
1802 1889 2112 1965 νομίζοιτο.

460 1986 607 2062 Ἐγὼ
624 1984 716 2041 οὗν
734 1989 927 2041 τοῦτον
946 1984 1039 2039 τὸν
1060 1980 1244 2058 ἄνδρα,
1268 2003 1324 2038 ον
1345 1979 1663 2057 ξενοδοχίαν
1688 1987 1918 2051 ποιῆσαι
1950 1979 2114 2052 θελή-

462 2096 648 2146 σαντα,
706 2072 983 2153 τυφλώσει
1039 2073 1399 2147 περιπεσόντα
1455 2072 1689 2143 ἀκήκοα,
1748 2068 1878 2145 οὐχὶ
1934 2068 2111 2126 ’ἐνεκεν

459 2165 873 2243 εὐσπλαγχνίας
899 2169 1062 2221 τοῦτο
1091 2171 1322 2235 ποιῆσαι
1352 2162 1509 2218 αὑτὸν
1538 2156 1943 2235 ὑπολαμϐάνω,
1967 2160 2115 2217 ἀλλὰ

455 2256 547 2312 τὸν
567 2255 863 2311 ἐπίσκοπον
889 2253 1260 2334 μεμφόμενος.
1274 2253 1340 2309 Ἡ
1352 2253 1453 2328 γὰρ
1470 2248 1977 2334 ὑπακολουθήσασα
1990 2269 2055 2325 κρ
2066 2247 2114 2304 ί-

460 2365 543 2407 σις
574 2344 798 2423 φανερὸν
827 2346 991 2398 τοῦτο
1019 2333 1341 2411 πεποίηκεν,
1372 2340 1458 2394 ’ὁτι
1483 2341 1519 2409 ἡ
1549 2337 1815 2415 γενομένη
1854 2333 2109 2412 ὑποδοχή

459 2434 580 2490 ἄνευ
593 2434 929 2507 πταίσματος
954 2432 1054 2488 οὑκ
1071 2430 1286 2501 ἧνΕἱσῖ
1307 2433 1594 2507 τοιγαροῦν
1616 2428 1715 2484 οὐκ
1731 2427 1933 2503 ὀλίγοι,
1973 2428 2114 2484 οἳτι-

458 2544 544 2586 νες
573 2520 727 2601 ἔργον
760 2522 962 2600 ἀγαθὸν
995 2528 1225 2592 ποιῆσαι
1264 2518 1701 2592 ἐπιτηδεύουσιν,
1740 2518 1833 2574 ἳνα
1880 2519 1982 2588 τήν
2012 2522 2109 2575 τοῦ

458 2612 758 2689 ἀλλοτρίου
788 2609 951 2689 ἔργου
981 2610 1177 2687 ἀρετὴν
1210 2609 1592 2666 συσκιάσωσιν·
1628 2605 1753 2664 οὑδὲ
1802 2606 1908 2684 γὰρ
1953 2606 2110 2665 ’ἑνεκα

463 2698 894 2778 μισθαποδοσίας
908 2702 970 2758 τὸ
994 2699 1195 2778 ἀγαθὸν
1216 2704 1394 2769 ποιεῖν
1409 2696 2109 2775 προαιροῦνται,ἀλλ’ἐπαι-

454 2795 659 2850 νεῖσθαι
681 2791 954 2862 θέλοντες,
975 2791 1065 2845 καὶ
1083 2787 1174 2845 ⁹ίνα
1194 2790 1261 2845 τὰ
1278 2794 1384 2844 τῶν
1419 2787 1610 2845 ἄλλων
1636 2786 1782 2844 καλὰ
1802 2787 2109 2864 ἀνατρέψω-

458 2904 563 2941 σιν.
588 2884 743 2941 Ὂθεν
770 2875 1151 2957 ὑπολαμϐάνω
1176 2880 1268 2935 καὶ
1288 2880 1481 2935 τοῦτον
1497 2880 1589 2936 τὸν
1605 2876 1770 2954 ἄνδρα
1786 2878 1848 2934 τὸ
1864 2879 2108 2955 πονηρὸν

454 2976 669 3046 πνεῦμα
686 2969 975 3046 ὑποδοχῆς
998 2971 1157 3046 χάριν
1178 2966 1563 3044 δεξάμενον,τῇ
1584 2965 1835 3041 ἐπιδείξει
1865 2967 2103 3043 μᾶλλον,

2297 997 2470 1051 Pam.
2505 993 2797 1060 Quidnam
2828 993 2940 1051 hoc
2970 1008 3099 1050 esse
3142 991 3418 1062 dicimus,
3464 998 3527 1050 ut
3574 992 3882 1051 occidendi

2224 1101 2434 1142 ausum
2461 1084 2520 1141 in
2552 1084 2681 1156 ejus
2703 1082 2958 1156 hospitio
3004 1081 3285 1155 antiquus
3324 1082 3516 1141 hostis
3568 1085 3880 1157 acciperet,

2224 1173 2327 1247 qui
2355 1174 2512 1231 hunc
2537 1172 2913 1246 peregrinum
2931 1173 3258 1246 aestimans,
3280 1172 3353 1230 ad
3377 1188 3437 1230 se
3460 1173 3881 1247 hospitalitatis

2220 1263 2406 1336 gratia
2436 1267 2704 1322 vocasset
2732 1263 2759 1319 ?

2295 1354 2551 1412 Gaseoa.
2586 1352 2787 1421 Multa,
2820 1352 3011 1424 Patre,
3066 1353 3337 1411 videntur
3395 1353 3570 1422 bona,
3611 1354 3713 1412 sed
3760 1370 3877 1412 non

2221 1452 2382 1515 sunt,
2423 1443 2561 1516 quia
2581 1444 2731 1501 bono
2761 1440 2960 1500 animo
2978 1459 3095 1500 non
3118 1443 3291 1500 ﬁunt.
3323 1442 3492 1500 Unde
3525 1450 3580 1500 et
3608 1443 3667 1500 in
3692 1444 3878 1500 Evan-

2222 1534 2374 1607 gelio
2404 1533 2635 1591 Veritas
2666 1533 2803 1590 dicit
2826 1533 2919 1589 :Si
2946 1533 3136 1591 oculus
3163 1536 3289 1590 tuus
3314 1550 3554 1607 nequam
3581 1536 3775 1606 fuerit,
3790 1540 3879 1590 to.

2225 1624 2342 1679 lum
2374 1640 2571 1696 corpus
2601 1631 2758 1680 tuum
2778 1623 3124 1680 tenebrosum
3142 1624 3249 1680 erit
3265 1623 3478 1694 (Matth.
3496 1639 3573 1692 v1,
3592 1623 3705 1692 25).
3728 1623 3879 1690 Quia

2223 1730 2358 1770 cum
2387 1729 2659 1786 perversa
2680 1715 2768 1770 est
2786 1712 3032 1770 intentio
3054 1729 3185 1785 quas
3212 1712 3504 1785 praecedit,
3524 1728 3766 1785 pravum
3788 1718 3881 1770 est

2221 1818 2395 1860 omne
2423 1819 2572 1875 opus
2599 1803 2750 1875 quod
2775 1803 3060 1876 sequitur,
3094 1802 3364 1874 quamvis
3383 1817 3512 1860 esse
3542 1805 3765 1859 rectum
3783 1803 3880 1859 vi-

2223 1892 2451 1949 deatur.
2483 1892 2599 1964 Ego
2630 1908 2887 1964 namque
2924 1890 3082 1947 hunc
3120 1891 3335 1958 virum,
3369 1892 3473 1963 qui
3531 1893 3673 1948 dum
3706 1890 3876 1963 quasi

2223 1982 2682 2058 hospitalitatem
2722 1984 3021 2041 exhiberet
3058 1985 3297 2040 orbatus
3347 1987 3458 2054 est,
3491 1999 3606 2040 non
3638 1982 3874 2056 pietatis

2220 2090 2394 2147 opere
2423 2074 2772 2132 delectatum
2804 2072 3049 2143 aestimo,
3069 2074 3165 2130 sed
3191 2072 3446 2146 spiscopi
3477 2073 3877 2144 derogatione;

2222 2180 2356 2221 nam
2388 2182 2557 2236 paena
2572 2165 2939 2237 subsequens
2960 2162 3235 2229 innotuit,
3263 2164 3402 2236 quia
3420 2163 3749 2236 praecedens
3772 2162 3881 2220 illa

2221 2256 2518 2327 susceptio
2551 2254 2676 2312 sine
2707 2255 2886 2327 culpa
2916 2270 3033 2312 non
3068 2254 3196 2310 fuit.
3231 2258 3382 2310 bunt
3425 2269 3679 2327 namque
3725 2269 3882 2310 non-

2221 2343 2390 2402 nulli.
2422 2345 2524 2417 qui
2555 2344 2770 2402 idcirco
2797 2347 2953 2402 bona
2981 2344 3172 2401 facere
3218 2345 3480 2414 student,
3522 2350 3589 2401 ut
3622 2342 3878 2416 gratiam

2219 2434 2423 2491 alienae
2444 2435 2803 2507 operationis
2822 2433 3169 2492 obnubilent
3197 2453 3211 2505 ;
3246 2450 3350 2491 nec
3374 2439 3698 2508 pascuntur
3717 2434 3877 2491 bono

2219 2524 2375 2595 quod
2409 2523 2650 2595 faciunt,
2683 2523 2784 2580 sed
2824 2523 3000 2581 laude
3047 2523 3185 2580 boni
3216 2540 3334 2596 qua
3361 2523 3432 2595 (j)
3462 2527 3700 2580 caeteros
3736 2539 3873 2595 pre-

2219 2618 2409 2682 munt,
2441 2613 2566 2678 Qua
2577 2614 2648 2670 de
2672 2629 2734 2671 re
2750 2612 3017 2670 existimo
3040 2612 3200 2669 hunc
3218 2612 3406 2670 virum
3422 2612 3526 2685 qui
3543 2611 3876 2685 malignum

2217 2703 2489 2775 spiritum
2511 2703 2573 2759 in
2596 2701 3052 2775 hospitalitatem
3075 2701 3356 2774 suscepit,
3376 2701 3748 2760 ostentationi
3761 2718 3877 2774 po-

2218 2792 2332 2849 tius
2362 2792 2690 2850 intendisse
2719 2808 2899 2864 quam
2932 2792 3114 2864 operi,
3141 2796 3208 2848 ut
3237 2791 3479 2849 meliora
3509 2808 3685 2864 quam
3715 2791 3875 2863 epis-

2216 2898 2398 2955 copus
2431 2882 2634 2940 fecisse
2658 2881 2987 2952 videretur;
3020 2885 3312 2954 quatenus
3362 2881 3482 2953 ipse
3546 2881 3875 2953 susciperet

2216 2989 2373 3043 eum,
2405 2988 2579 3045 quem
2611 2972 2700 3028 vir
2728 2971 2964 3028 Domini
2994 2972 3349 3028 Fortunatus
3378 2970 3721 3043 expulisset.

455 3064 491 3132 ἧ
525 3060 857 3136 συμπαθείας
883 3058 1058 3116 ἕνεκεν
1091 3063 1258 3115 τοῦτο
1285 3060 1615 3130 ποιήσαντα·
1649 3056 1790 3114 ὥστε
1823 3057 2196 3137 κρειττότερον
2237 3059 2396 3116 αὑτὸν
2442 3057 2495 3115 ἔν
2545 3060 2726 3134 τούτῳ
2759 3063 2857 3116 τοῦ
2898 3057 3198 3116 ἐπισκόπου
3227 3062 3483 3137 φανῆναι,
3535 3059 3619 3114 ὅτι
3668 3060 3727 3116 δν
3767 3056 3874 3115 ἄν-

456 3155 676 3228 θρωπος
715 3155 812 3207 τοῦ
842 3154 974 3207 Θεοῦ
1006 3154 1384 3226 Φορτουνᾶτος
1414 3146 1691 3226 ἐξήγαγεν,
1734 3150 1809 3224 (e)
1840 3148 2002 3210 αὐτὸς
2035 3145 2391 3221 ὑποδέξασθαι
2421 3143 2663 3208 ἕσπεσεν.

525 3247 722 3302 ΓΕΤΡ.
851 3240 1103 3316 Καθάπερ
1151 3238 1397 3316 εἷ’ρηκας,
1443 3239 1616 3302 οὕτως
1646 3238 1781 3294 ἐστίο
1833 3240 1894 3295 τὸ
1942 3236 2102 3304 τέλος

2288 3244 2465 3301 Ps'rn.
2495 3244 2581 3301 Ita
2609 3248 2700 3301 est
2720 3246 2785 3301 ut
2814 3242 2963 3302 dicis
2981 3259 2995 3313 ;
3014 3261 3147 3302 nam
3178 3244 3316 3301 ﬁnis
3346 3244 3537 3317 operis
3567 3241 3874 3316 probabat,

452 3335 556 3414 γὰρ
594 3338 692 3390 τοῦ
719 3328 878 3410 ἔργου
915 3328 1182 3404 ἀπέδειξε,
1214 3329 1308 3387 καὶ
1338 3324 1654 3410 ἀμφιϐολία
1684 3328 1735 3385 ἐν
1775 3329 1955 3404 τούτῳ
2000 3329 2111 3406 οὑχ

453 3424 718 3499 ὑπάρχει.

520 3517 709 3569 ΓΡΠΓ.
722 3514 806 3569 Ἐν
823 3510 980 3584 ἄλλῳ
992 3509 1173 3565 τοίνυν
1188 3529 1255 3564 κα
1266 3512 1366 3584 ιρῷ
1378 3509 1440 3563 τὸ
1457 3512 1564 3565 τῶν
1582 3505 1884 3585 ὀφθαλμῶν
1902 3513 2111 3583 φῶςτις

450 3604 526 3675 (g)
557 3595 877 3673 ἀποϐαλὼν,
901 3600 1041 3675 πρὸς
1075 3599 1168 3653 τὸν
1206 3598 1362 3673 ἅγιον
1390 3602 1582 3653 τοῦτον
1605 3595 1777 3671 ἄνδρα
1797 3596 2108 3677 ἀπηνέχθη,

457 3688 669 3761 δεήσεις
692 3689 837 3762 αὑτῴ
860 3689 1155 3766 προσάγων
1177 3692 1275 3743 τοῦ
1294 3686 1551 3763 βοηθείας
1567 3688 1691 3760 παρ’
1712 3687 1963 3761 αὑτοῦθι)
1987 3689 2076 3745 ἐπι
2091 3720 2109 3733 -

456 3779 752 3851 τεύξεσθαι,
778 3781 909 3856 ὅπερ
929 3778 1019 3834 καὶ
1043 3777 1252 3855 γέγονε.
1285 3780 1397 3835 Τοῦ
1419 3777 1522 3853 γὰρ
1545 3777 1835 3852 ἀνθρώπου
1856 3782 1953 3832 τοῦ
1974 3784 2109 3835 Θεοῦ

460 3871 630 3946 εὐχὴν
651 3872 1003 3941 ποιήσαντος,
1025 3870 1112 3924 καὶ
1136 3874 1253 3931 τοῖς
1276 3867 1473 3924 τούτου
1493 3867 1667 3943 ὀφθαλ
1678 3874 1802 3942 μοῖς
1820 3869 1910 3923 τὸν
1933 3869 2107 3925 τύπον

456 3964 555 4015 τοῦ
583 3965 813 4035 σταυροῦ
865 3958 1164 4031 ἐπιθέντος,
1203 3965 1550 4037 παραχρῆμα
1585 3958 1649 4013 τὸ
1680 3963 1793 4036 φῶς
1844 3956 2103 4033 ἀπέλαϐε,

457 4053 555 4105 τοῦ
578 4049 804 4111 σκότους
821 4055 923 4119 τῆς
944 4046 1275 4123 τυφλώσεως
1297 4044 1813 4125 φυγαδευθέντος.(ἰ)
1837 4052 2108 4125 Στρατιώ-

448 4160 547 4195 του
578 4136 744 4194 πάλιν
764 4138 913 4201 τινὸς
938 4137 1029 4193 τὸν
1058 4135 1229 4192 ’ίππον
1256 4136 1427 4193 λύσσα
1458 4135 1804 4216 σφοδροτάτη
1829 4144 2099 4217 κατεῖχεν,

451 4227 591 4283 ὥστε
609 4231 801 4282 τοῦτον
821 4224 983 4300 μόλις
1010 4225 1113 4282 ὑπὸ
1134 4223 1363 4282 πολλῶν
1385 4233 1723 4301 κρατηθῆναι
1738 4224 2099 4293 δύνασθαιέἷς

449 4318 540 4381 οὑς
565 4317 666 4395 γὰρ
681 4311 937 4386 ἐπιϐῆναι
951 4313 1193 4387 ἠδυνήθη
1215 4317 1421 4371 τούτων
1437 4316 1505 4371 τὰ
1529 4315 1703 4389 μέλην
1718 4322 1832 4380 τοῖς
1852 4316 2097 4396 δήγμασι

448 4406 812 4479 κατέπληττε.
844 4408 972 4464 Ὃτε
1004 4405 1096 4461 οῦν
1141 4406 1244 4460 ὑπὸ
1295 4404 1526 4462 πολλῶν
1576 4410 1864 4481 κρατηθεὶς
1913 4405 2117 4482 ἐδέθη,⁴

445 4501 602 4557 I98
633 4498 769 4574 πρὸς
798 4496 893 4552 τὸν
921 4493 1017 4552 τοῦ
1049 4499 1182 4552 Θεοῦ
1212 4492 1497 4569 ἄνθρωπον
1529 4501 1904 4572 Φορτουνᾶτον
1946 4498 2093 4572 ἀπη-

2218 3334 2372 3406 quod
2411 3334 2636 3391 munda
2664 3332 2748 3406 (k)
2781 3332 3029 3391 intentio
3054 3333 3115 3392 in
3146 3334 3481 3407 operatione
3514 3349 3630 3390 non
3677 3330 3876 3389 fuerit.

2286 3517 2537 3570 Gasooa.
2560 3512 2689 3570 Alio
2711 3528 2947 3586 quoque
2968 3521 3244 3587 tempore,
3267 3529 3397 3571 cum
3424 3512 3729 3570 oculorum
3749 3511 3888 3585 qui-

2216 3603 2349 3660 dam
2374 3604 2571 3659 lumen
2599 3602 2922 3672 amisisset,
2936 3603 3010 3660 ad
3035 3603 3190 3660 hunc
3212 3601 3877 3660 deductusintercessio-

2215 3691 2306 3747 nis
2328 3693 2457 3762 ejus
2480 3708 2652 3765 opem
2676 3690 2865 3765 petiit,
2891 3696 2951 3748 et
2968 3692 3320 3765 impetravit.
3341 3694 3483 3748 Nam
3514 3707 3649 3748 cum
3671 3691 3759 3747 vir
3774 3689 3879 3747 Dei

2213 3780 2640 3839 orationefacta
2654 3782 2845 3839 oculis
2865 3782 2992 3852 ejus
3011 3782 3072 3853 (ι)
3095 3782 3332 3855 signum
3356 3781 3548 3839 crucis
3568 3780 3876 3853 imprime-

2211 3875 2319 3937 ret,
2350 3871 2423 3927 ab
2453 3870 2558 3941 eis,
2610 3872 2885 3943 protinus
2938 3869 3069 3927 luce
3126 3872 3368 3941 reddita,
3428 3888 3543 3928 nox
3588 3869 3873 3927 cmoitatis

2208 3960 2483 4018 abcessit.
2519 3961 2794 4018 Praeterea
2806 3977 2991 4032 equus
3012 3961 3318 4032 cujusdam
3336 3960 3544 4017 militis
3561 3959 3620 4016 in
3645 3959 3873 4016 rabiem

2207 4051 2384 4107 fuerat
2416 4066 2637 4120 versus,
2666 4052 2749 4108 ita
2779 4057 2845 4107 ut
2873 4069 2905 4107 a
2941 4051 3144 4109 multis
3172 4052 3358 4110 teneri
3391 4053 3487 4108 vix
3518 4057 3712 4123 posset
3733 4050 3874 4106 :sed

2207 4145 2265 4197 et
2292 4156 2683 4213 quoscunque
2723 4140 3013 4212 potuisset
3040 4141 3572 4213 invadere,eorum
3603 4139 3878 4196 membra

2206 4232 2505 4290 morsibus
2537 4232 2866 4291 dilaniaret.
2900 4235 3062 4292 Tunc
3092 4239 3401 4308 utcunque
3432 4251 3466 4291 a
3494 4232 3694 4290 multis
3722 4231 3875 4303 liga-

2202 4326 2296 4378 tus
2319 4323 2471 4378 197
2498 4322 2570 4379 ad
2591 4322 2785 4379 virum
2800 4322 2902 4380 Dei
2915 4324 3205 4381 deductus
3220 4327 3329 4380 est.
3347 4323 3450 4396 (ηε)
3468 4322 3578 4388 Qui
3594 4318 3877 4392 moxejus

2199 4411 2373 4483 capiti
2404 4416 2646 4470 extensa
2678 4429 2854 4470 manu
2883 4414 3117 4486 signum
3141 4413 3339 4471 crucis
3360 4413 3559 4481 edidit,
3586 4417 3875 4469 cunctam

2194 4502 2324 4572 ejus
2335 4501 2556 4557 rabiem
2569 4502 2629 4557 in
2643 4501 3163 4559 mansuetudinem
3186 4502 3451 4571 mutavit,
3468 4501 3549 4559 ita
3563 4505 3625 4558 ut
3638 4503 3852 4573 postea

438 4587 628 4669 νέχθη.
660 4588 846 4650 Ὅστις
874 4585 1111 4664 παρευθὺ
1140 4586 1240 4656 τὴν
1272 4585 1464 4641 ἑαυτοῦ
1495 4584 1728 4649 ἐκτείνας
1781 4591 1961 4662 χεῖρα,
1993 4589 2085 4646 καὶ

2224 4590 2395 4648 nitior
2421 4590 2708 4663 existeret,
2739 4608 2917 4664 quam
2940 4596 3076 4649 ante
3101 4591 3264 4649 illam
3288 4591 3583 4649 insaniam
3604 4588 3838 4647 fuisset.

535 4738 589 4804 τι)
622 4737 761 4810 Reg.
795 4740 852 4791 et
879 4734 1066 4810 Colb.,
1094 4731 1248 4810 rupti
1276 4731 1377 4810 τῂν
1418 4748 1616 4810 πυραν.

469 4799 679 4932 κζὺὶῗθξῐι
706 4799 894 4879 νΗθεη
939 4805 1015 4868 εἷς
1052 4799 1117 4858 τὸ
1166 4799 1339 4859 αὑτοῦ
1371 4799 1566 4857 παιδ’ὗν
1614 4803 1811 4876 (forte,
1851 4802 2097 4882 παιδίον)

473 4898 547 4931 ισε
622 4898 703 4932 ον.

438 4898 679 4932 εισεΑῠον
690 4921 703 4935 ι

510 4953 580 5021 (c)
612 4950 728 5020 Reg
759 4993 774 5017 ,
806 4948 1143 5022 προαιρέσει.

507 5016 581 5092 (ά)
616 5016 889 5092 UtérQue,
927 5016 1399 5092 cietétvoc__%cttv.

506 5087 789 5163 (alitng
834 5090 995 5152 αὐτὸς
1056 5087 1363 5160 ὑπεδέξατο.

435 5160 787 5218 ἐσπούδαοὶν.

520 5237 563 5306 Ι)
593 5237 783 5305 Colb.,
817 5232 1391 5307 320'_di_qrpostpv,xzc.

518 5300 574 5390 9')
608 5300 777 5433 iiegg
812 5300 1292 5378 ἂποϐαλλὸμενος.
1327 5303 1485 5362 Colb.
1518 5302 1675 5362 idem
1722 5304 1897 5367 habet
1946 5328 2081 5372 cum

518 5395 601 5433 ICO
670 5418 683 5431 .

431 5394 601 5435 DBICO
630 5394 683 5433 Α.

606 5455 882 5523 Uterque,
912 5444 1308 5520 ἐπιτεὺξασθαι,

492 5522 562 5595 (ἰ)
595 5522 855 5599 ngcvox
877 5539 989 5599 non
1014 5522 1505 5599 sempermﬂitept
1522 5525 1845 5599 gregarium
1859 5525 2081 5599 signiﬁ-

421 5593 664 5669 cat,'_sed
699 5594 1015 5669 aliquando
1058 5594 1377 5669 ofﬁcialem,
1421 5593 1677 5669 alicujus
1717 5593 2079 5669 praefectura

1458 5087 1644 5159 Colb.,

1727 5087 2086 5165 ὐποδέξασθαι
2148 5114 2153 5119 ’

2209 4735 2361 4809 des;
2395 4735 2547 4809 quod
2580 4733 2917 4809 doctissimo
2949 4734 3166 4809 Cangio
3200 4752 3319 4792 non
3352 4736 3644 4807 probatur.

2281 4808 2343 4882 (1')
2377 4807 2440 4863 In
2474 4808 2651 4882 duob.
2684 4807 2982 4882 prioribus
3004 4807 3263 4882 Cernat,
3296 4824 3407 4882 qua
3457 4807 3678 4865 misria
3703 4820 3869 4878 pra-

2207 4878 2468 4936 eminent.
2504 4878 2806 4935 Conse'ntit
2842 4878 2969 4935 Val.
3002 4878 3084 4935 Cl.

2276 4950 2355 5021 (Ir)
2385 4951 2604 5023 (ἕπει-σξη
2640 4950 2756 5006 Val.
2789 4950 2897 5020 Cl.,
2958 4949 3223 5023 Longip.,
3274 4952 3569 5009 secundus
3611 4949 3868 5023 Theod.,

2204 5024 2407 5093 Comp.
2441 5026 2500 5077 et
2531 5022 2708 5091 Prat.,
2740 5023 2951 5078 munda
2971 5022 3241 5094 sweep/io
3274 5026 3330 5080 in
3376 5040 3466 5093 op.

2274 5094 2339 5166 (ι)
2368 5093 2565 5149 Crucis
2585 5094 2817 5165 signum
2840 5113 2872 5149 a
2892 5094 3186 5151 veteribus
3207 5095 3561 5152 Christianis
3586 5095 3871 5166 frequen-

2201 5164 2427 5222 tissime
2451 5164 2797 5236 usurpatum
2820 5166 2980 5223 disce
3001 5182 3072 5221 ex
3092 5166 3272 5235 Tert.,
3308 5171 3352 5226 Ι.
3377 5168 3449 5224 de
3470 5164 3867 5236 Coron.’mil.,

2201 5254 2253 5312 c.
2284 5237 2338 5312 3_.
2366 5240 2442 5291 Ue
2462 5238 2734 5312 ejusdem
2760 5254 2893 5294 vero
2915 5238 3262 5312 efﬁcaciajn
3280 5241 3578 5312 patrandis
3600 5237 3875 5312 miracu-

2199 5309 2274 5384 lis
2304 5308 2432 5384 lege
2460 5308 2779 5384 Patavium,
2808 5314 2951 5384 tom.
2977 5309 3047 5384 ll,
3078 5308 3397 5384 in_Epiph.,
3431 5329 3489 5384 p.
3520 5312 3611 5366 57.
3642 5309 3879 5368 Narrat

2198 5378 2510 5453 Gregorius
2541 5378 2701 5455 Na_z.,
2737 5385 2881 5437 orat.
2913 5381 2947 5436 3
2980 5378 3396 5455 in_Julianum,
3429 5378 3588 5440 hunc
3626 5384 3881 5455 aposta-

2198 5458 2324 5509 tam
2352 5467 2581 5507 summo
2613 5453 2672 5509 in
2705 5458 2864 5509 metu
2913 5469 2979 5510 ac
3029 5453 3386 5512 discrimine
3421 5456 3493 5513 ad
3552 5453 3746 5513 crucis
3776 5453 3875 5510 si-

2197 5524 2776 5599 gnum‘coni‘ugisse,
2808 5540 2994 5598 eoque
3020 5525 3315 5599 daemones
3349 5528 3605 5599 fugasse.

2260 5595 2543 5671 (m)_Big.,
2577 5594 2676 5671 qu;
2694 5615 2842 5671 mos
2857 5594 2989 5671 ut...
3010 5596 3182 5671 dedit,
3204 5602 3359 5671 quod
3391 5594 3533 5656 olim
3551 5599 3631 5671 _in_
3650 5594 3870 5671 primo

417 5664 700 5746 dignitate
730 5664 1059 5746 insignem.
1084 5664 1360 5746 Nonnulli
1389 5664 1593 5746 volunt
1626 5664 1913 5746 stratiptas
1941 5687 2077 5744 spe-
2187 5664 2611 5746 Apidélect‘um”.
2645 5669 2711 5729 In
2738 5668 2869 5729 Val.
2900 5669 2986 5727 Cl.
3008 5664 3502 5746 legitur-quoque,
3530 5664 3703 5740 dedit,
3722 5684 3838 5742 pro

414 5735 608 5796 oiatim
635 5735 957 5816 appellatos
986 5735 1236 5810 aliquos,
1269 5739 1423 5795 inter
1463 5740 1842 5811 imperatoris
1879 5735 2075 5803 cus'to-

770 6046 777 6055 ι
890 6026 925 6055 ι

2187 5740 2383 5799 edidit.
