4210 6160
540 383 661 446 207
1751 376 2031 439 SANC'I‘I
2074 375 2448 439 GREGORII
2494 376 2737 438 MAGNI
3827 382 3949 443 908

536 521 603 585 τῆ
614 537 638 579 ς
652 512 871 576 πόλεως
886 510 1264 589 ἐξερχόμενος,
1278 508 1443 563 πάλιν
1464 508 1599 583 πρὸς
1614 507 1704 562 τὸν
1715 504 2006 564 ἐπίσκοπον
2021 507 2178 578 ἦλθε.

2296 508 2530 566 eosdem
2545 523 2750 579 pueros
2764 506 2834 562 de
2852 504 3071 579 quibus
3091 507 3571 582 agebatur,equis
3592 511 3955 585 superimpo-

540 608 673 668 Τοῖς
697 604 755 661 δὲ
777 604 962 667 αὐτοῖς
990 600 1174 676 λόγοις
1202 601 1322 674 περῖ
1349 603 1457 655 τῶν
1480 598 1900 675 προλεχθέντων
1923 597 2180 668 παιδίων,

541 693 744 771 ἤρξατο
768 693 922 757 αὖθις
942 693 969 745 6
993 689 1286 751 ἐπίσκοπος
1307 687 1660 763 παρακαλεῖν.
1685 690 1773 758 Μὴ
1791 688 2117 764 πειθομένου
2130 686 2187 744 δέ

543 785 710 841 αὐτοῦ
721 788 887 837 ταῦτα
898 777 1215 849 ἀποδοῦναι,
1240 773 1557 851 ((ι)Θλίϐεις
1578 799 1662 852 με,
1693 778 2027 841 ὁέπίσκοπος
2046 779 2184 835 εἴπεο

541 876 826 929 πίστευσον
852 871 934 926 ὅτι
958 866 1082 925 οἴδα
1104 867 1165 923 ού
1189 865 1479 946 συμφέρειν
1502 888 1609 938 σοι,
1632 865 1715 922 ὅτι
1739 863 2065 940 θλιϐόμενον
2089 889 2188 923 κα-

538 961 901 1036 ταλιμπάνων
928 980 994 1033 με
1014 960 1342 1034 ἀναχωρεῖς.
1366 953 1772 1030 Βδελυξάμενος
1794 954 1851 1012 δὲ
1866 957 2106 1022 ὁΓότθος
2123 957 2189 1012 τὰ

543 1052 763 1131 ῥήματα
785 1049 972 1119 αὐτοῦ,
1004 1047 1093 1103 καί
1117 1048 1193 1109 εἷς
1212 1048 1276 1102 τὸ
1306 1044 1588 1116 ἄπληκτον
1621 1045 1789 1102 αὐτοῦ
1823 1047 2187 1124 ὑποστρέψας,

537 1142 670 1203 τοὺς
691 1140 886 1201 αὐτοὺς
906 1135 1102 1199 παῖδας
1126 1136 1248 1212 περὶ
1273 1136 1345 1190 ὧν
1367 1137 1396 1190 6
1418 1133 1712 1198 ἐπίσκοπος
1734 1136 2050 1211 παρεκάλει,
2068 1140 2186 1198 τοῖς

538 1232 732 1292 ἳπποις
765 1231 838 1303 (b)
868 1221 1179 1283 ἐπιϐιϐάσαι
1222 1225 1375 1282 199
1407 1224 1539 1297 μετὰ
1568 1229 1675 1279 τῶν
1703 1224 2002 1299 ἀνθρώπων
2022 1224 2188 1280 αὐτοῦ

541 1318 912 1397 προέπεμψεν.
938 1313 1181 1389 Ὁμοίως
1207 1310 1263 1368 δέ
1285 1314 1375 1368 καὶ
1397 1314 1559 1376 αὐτὸς
1582 1308 1774 1376 ἐπιϐὰς
1794 1312 2040 1387 τῷῗππφ
2059 1334 2188 1369 κατ-

541 1410 760 1465 όπισθεν
794 1406 969 1460 αὐτῶν
999 1402 1316 1474 ἠκολούθει.
1348 1403 1435 1459 Ἐν
1466 1398 1521 1456 δὲ
1546 1404 1614 1475 τῇ
1638 1402 1777 1476 αὐτῇ
1803 1401 1962 1458 πόλει
1985 1400 2188 1477 ἔμπρο-

539 1502 657 1556 σθεν
683 1504 784 1566 τῆς
808 1493 1103 1563 ἐκκλησίας
1129 1496 1225 1547 τοῦ
1255 1491 1415 1567 ἁγίου
1452 1490 1655 1566 Ηέτρου
1673 1489 1868 1561 ἐλθὼν,
1890 1495 1988 1547 τοῦ
2008 1489 2187 1547 ’ίππου

537 1590 707 1645 αὐτοῦ
728 1587 755 1641 6
778 1586 917 1645 ποὺς
950 1581 1274 1653 ὀλισθήσεις,
1303 1580 1393 1636 καὶ
1428 1583 1540 1653 μετ’
1570 1581 1736 1636 αὐτοῦ
1759 1582 2070 1653 συμπεσὼν,
2093 1581 2185 1636 τὸν

539 1679 610 1750 (c)
638 1675 814 1751 μηρὸν
835 1677 932 1727 τοῦ
959 1670 1122 1726 αὐτοῦ
1152 1666 1357 1724 Γότθου
1385 1664 1637 1740 ἔκλασεν,
1659 1666 1800 1724 ὥστε
1818 1668 1881 1725 τό
1900 1668 2088 1724 ὀστοῦν
2115 1667 2191 1730 είς

542 1763 640 1820 δύο
673 1765 809 1839 μέρη
842 1763 1110 1839 γενέσθαι.
1141 1763 1339 1814 Τοῦτον
1375 1754 1430 1813 δὲ
1463 1758 1516 1813 οἱ
1547 1757 1827 1833 παρόντες,
1861 1763 1981 1819 ταῖς
2002 1755 2189 1832 χερσὶν

541 1854 787 1930 ἃραντες,
803 1850 856 1906 ἐν
877 1848 956 1923 τῷ
975 1848 1244 1921 ἀπλήκτῳ
1268 1846 1432 1903 αὐτοῦ
1457 1847 1766 1923 ἀπήγαγον.
1801 1847 2071 1919 Παρευθὺς
2093 1848 2183 1902 οὗν

2297 598 2441 654 sitos
2461 614 2595 654 cum
2618 597 2773 653 200
2796 596 2922 653 suis
2955 595 3295 653 hominibus
3327 599 3631 669 pramisit.
3659 600 3793 673 Ipse
3814 618 3947 660 vero

2297 686 2499 743 statim
2523 687 2845 743 ascendens
2866 701 3085 759 equum
3109 686 3462 745 subsecutus
3484 694 3591 748 est.
3609 692 3874 765 Cumque
3893 692 3956 749 in

2296 777 2496 834 eadem
2519 777 2748 832 civitate
2769 779 2906 832 ante
2931 775 3083 831 beati
3108 775 3259 831 Petri
3274 778 3519 849 apostoli
3535 779 3844 837 ecclesiam
3865 798 3957 838 ve-

2296 867 2496 927 nisset.
2521 865 2586 938 (ι)
2617 882 2761 938 equo
2792 866 2922 937 ejus
2947 880 3046 937 pes
3069 863 3269 938 lapsus
3292 872 3380 923 est
3404 884 3418 935 ;
3452 869 3553 941 qui
3585 885 3718 926 cum
3741 887 3806 927 co
3828 887 3952 929 cor-

2296 956 2495 1025 ruit,et
2516 956 2644 1027 ejus
2666 971 2803 1011 coxa
2824 971 2958 1011 mox
2981 955 3165 1011 fracta
3186 955 3385 1024 est,ita
3409 958 3554 1014 utin
3577 959 3806 1017 duabus
3831 977 3957 1031 par-

2294 1046 2453 1102 tibus
2474 1061 2538 1101 os
2561 1048 2715 1100 esset
2734 1044 3010 1102 divisum.
3034 1045 3195 1100 Tunc
3217 1043 3446 1103 levatus
3466 1046 3526 1102 in
3551 1049 3949 1117 manibus,re-

2295 1135 2508 1191 ductus
2529 1137 2619 1189 est
2631 1132 2703 1189 ad
2724 1132 3182 1205 bospitium.Qui
3206 1134 3452 1192 festinus
3473 1136 3720 1208 misit,et
3740 1154 3953 1210 pueros

2296 1239 2439 1295 quos
2460 1224 2813 1296 pmmiserat
2827 1223 3138 1290 reduxit,et
3158 1223 3279 1283 viro
3293 1225 3612 1282 venerabili
3636 1227 3956 1285 Fortunato

2298 1312 2620 1383 mandavit,
2644 1312 2844 1368 dicens
2870 1328 2884 1368 :
2924 1312 3082 1384 Rogo
3111 1316 3188 1380 te,
3211 1313 3400 1383 Pater,
3426 1314 3591 1372 mitte
3622 1316 3695 1372 ad
3717 1331 3807 1373 me
3827 1316 3960 1373 dia-

2296 1416 2507 1458 conum
2530 1405 2720 1457 tuum.
2744 1401 2927 1473 Cujus
2963 1401 3246 1459 diaconus
3277 1403 3419 1460 dum
3451 1404 3524 1461 ad
3539 1407 3832 1474 jacentem
3857 1422 3957 1462 ve-

2296 1494 2498 1564 nisset,
2522 1510 2729 1567 pueros
2751 1508 2892 1566 quos
2927 1493 3292 1550 redditurum
3327 1509 3388 1551 se
3410 1494 3683 1568 episcopo
3705 1497 3955 1555 omnino

2296 1584 2709 1655 negaverat,ad
2733 1582 2989 1639 medium
3016 1582 3496 1655 deduxit,eosque
3516 1584 3764 1643 diacono
3784 1585 3953 1644 illius

2296 1671 2575 1739 reddidit,
2592 1671 2821 1727 dicens:
2842 1669 3022 1739 Vade,
3047 1675 3102 1726 et
3123 1671 3217 1726 dic
3238 1671 3473 1728 domino
3497 1688 3625 1729 meo
3646 1673 3952 1747 episcopo:

2293 1760 2441 1824 Quia
2466 1759 2818 1817 maledixisti
2842 1759 3008 1830 mihi,
3032 1775 3164 1816 ecce
3191 1776 3504 1833 percussus
3519 1764 3794 1832 sum;sed
3811 1779 3951 1835 pue-

2295 1865 2389 1905 ros
2413 1866 2560 1922 quos
2582 1848 2870 1922 quaesisti,
2894 1849 3104 1921 recipe,
3120 1854 3175 1906 et
3193 1866 3297 1922 pro
3321 1866 3433 1922 me,
3457 1852 3945 1923 rogo,intercede.

543 1944 679 2018 μετά
710 1938 952 2010 σπουδῆς
983 1936 1223 2007 πολλῆς,
1248 1934 1572 1998 ἀποστείλας
1588 1933 1715 1997 τοὺς
1738 1931 1934 1996 παῖδας
1956 1933 2178 1999 ἀνθυπέ-

2295 1937 2612 2008 Susceptos
2651 1938 2845 2008 itaque
2879 1938 3151 2008 puerulos
3188 1938 3468 1995 diaconus
3498 1940 3571 1996 ad
3603 1940 3945 2014 episcopum

539 2036 782 2108 στρεψεν,
818 2029 1017 2102 οὕσπερ
1046 2028 1113 2096 ἦν
1149 2027 1501 2101 προπέμψας,
1542 2027 1664 2098 περί
1706 2025 1780 2078 ὦν
1824 2026 1852 2079 6
1896 2022 2178 2086 ἐπίσκοπος

2293 2027 2387 2083 red
2397 2026 2637 2099 uxit,(m)
2650 2026 2743 2084 cui
2766 2026 3129 2084 benedictam
3155 2044 3367 2100 aquam
3382 2028 3731 2087 venerabilis
3748 2034 3949 2087 Fortu-

534 2119 849 2196 παρεκάλει.
864 2117 959 2175 Καὶ
973 2121 1053 2188 τῷ
1072 2116 1223 2187 αύτῷ
1245 2109 1525 2187 σεϐασμίῳ
1546 2111 1693 2189 ἀνδρὶ
1721 2115 2087 2188 Φορτουνάτῳ
2107 2118 2178 2187 τῷ

2291 2120 2464 2172 natus
2486 2116 2680 2172 statim
2716 2115 2896 2184 dedit,
2927 2116 3129 2174 dicens
3155 2134 3169 2172 :
3207 2118 3366 2174 Vade
3388 2118 3587 2190 citius,
3618 2123 3676 2176 et
3695 2136 3821 2176 eam
3842 2136 3951 2177 su-

537 2210 818 2283 ἐπισκόπῳ
848 2205 1116 2278 ἐδήλωσε,
1149 2203 1347 2281 λέγων·
1375 2202 1682 2280 Παρακαλῶ
1706 2224 1784 2270 σε,
1814 2202 1966 2276 τίμιε
1992 2204 2178 2280 πάτερ,

2288 2222 2391 2279 per
2403 2206 2652 2277 jacentis
2669 2223 2876 2277 corpus
2892 2206 3393 2279 projice.Perrexit
3411 2208 3610 2282 itaque
3632 2210 3944 2279 diaconus,

534 2298 858 2357 ἀπόστειλον
891 2297 1026 2371 πρὸς
1057 2317 1122 2370 με
1151 2296 1244 2350 τὸν
1277 2292 1526 2350 διάκονόν
1549 2316 1663 2352 σου.
1698 2292 1987 2357 Ἐλθόντος
2011 2292 2068 2349 δὲ
2088 2298 2178 2350 τοῦ

2289 2299 2463 2366 atque
2503 2296 2573 2350 ad
2617 2294 2871 2351 Gothum
2893 2295 3303 2369 introgressus,
3325 2297 3695 2355 benedictam
3717 2314 3946 2370 aquam

525 2388 780 2446 διακόνου
796 2387 932 2462 πρὸς
961 2386 1148 2455 αὐτὸν,
1173 2385 1302 2445 τοὺς
1324 2380 1525 2445 παῖδας
1546 2384 1640 2446 οὕς
1669 2382 2005 2437 παντάπασιν
2035 2383 2178 2438 ἀπο·-

2287 2400 2464 2456 super
2486 2382 2747 2439 membra
2768 2382 2928 2440 illius
2952 2385 3220 2456 aspersit.
3245 2385 3357 2442 Res
3383 2386 3531 2442 mira
3551 2392 3610 2442 et
3631 2387 3948 2444 vehemen-

526 2473 711 2532 δοῦναι
736 2469 1148 2542 διανεϐάλλετο,
1182 2472 1259 2533 εἷς
1280 2471 1440 2544 μέσον
1463 2471 1699 2547 ἀγαγὼν,
1719 2468 1949 2535 τούτους
1966 2475 2046 2544 τῷ
2069 2468 2181 2526 δια-

521 2569 665 2639 κόνῳ
686 2560 1153 2636 ἀπέδωκε,λὲγων·
1176 2558 1412 2624 Ἅπελθε
1431 2558 1520 2615 καὶ
1541 2559 1658 2614 είπὶ
1677 2563 1755 2632 τῷ
1775 2559 1946 2635 κυρίῳ
1971 2580 2077 2634 μου
2097 2564 2177 2635 τῷ

520 2649 969 2726 ἐπισκόπῳ.Ἰδοὺ
986 2648 1054 2704 δι’
1074 2650 1147 2703 ὧν
1164 2650 1242 2723 (εἰ)
1254 2648 1547 2725 κατηράσω
1565 2670 1633 2723 με
1655 2647 2044 2724 πεπληγμένος
2061 2655 2177 2705 κεῖ-

523 2766 644 2821 μαι.
676 2743 859 2802 Ἀλλά
887 2746 1017 2807 τοὺς
1046 2740 1246 2806 παῖδας
1278 2742 1479 2816 οὓσπερ
1514 2739 1725 2810 ἐζήτεις
1772 2735 2041 2809 ἀπόλαϐε,
2081 2739 2171 2795 καὶ

526 2833 659 2908 ὑπὲρ
702 2832 857 2908 ἐμοῦ,
891 2831 1150 2900 δυσωπῶ,
1182 2824 1468 2906 πρεσϐείαν
1501 2829 1756 2898 ποίησον,
1791 2826 1940 2890 ὅπως
1964 2824 2054 2882 διὰ
2073 2835 2173 2898 τῆς

522 2922 679 2999 ἁγίας
711 2944 805 2979 σου
838 2922 1032 2997 εὐχῆς,
1068 2922 1262 2982 ἰάσεως
1288 2919 1465 2993 τύχω,
1493 2917 1785 2990 Δεξάμενος
1808 2913 1866 2970 δὲ
1887 2914 2015 2979 τοὺς
2040 2921 2167 2971 παῖ-

522 3010 618 3075 δας
640 3012 769 3087 παρ’
789 3011 953 3066 αὐτοῦ
981 3012 1008 3066 6
1027 3006 1296 3078 διάκονος,
1320 3008 1457 3082 πρὸς
1476 3006 1568 3061 τὸν
1596 3004 1890 3061 ἐπίσκοπον
1914 3005 2167 3080 ὑπέστρε-

520 3104 608 3179 ψε.
634 3101 738 3158 Καὶ
767 3106 934 3158 ταῦτα
965 3101 1113 3172 αὐτῷ
1143 3102 1213 3172 (e)
1243 3094 1604 3174 ἀπαγγείλας,
1630 3093 1868 3172 παρευθὺ
1892 3095 1919 3149 6
1942 3090 2166 3164 εὐσεϐὴς

2282 2478 2369 2529 ter
2389 2471 2716 2545 stupenda!
2757 2488 2891 2529 mox
2930 2478 2995 2529 ut
3026 2490 3176 2547 aqua
3198 2475 3500 2532 benedicta
3519 2475 3689 2533 Gothi
3730 2492 3940 2535 coxam

2281 2562 2548 2635 contigit,
2586 2561 2668 2617 ita
2711 2562 2905 2618 omnis
2935 2562 3193 2620 fractura
3222 2564 3473 2621 solidata
3509 2573 3617 2633 est,
3657 2573 3711 2621 et
3751 2564 3936 2623 saluti

2279 2651 2540 2724 pristinae
2562 2667 2702 2707 coxa
2731 2651 3025 2721 restituta,
3049 2658 3114 2709 ut
3148 2652 3292 2710 hora
3313 2655 3514 2712 eadem
3536 2657 3605 2711 de
3627 2654 3774 2712 lecto
3797 2672 3939 2712 sur-

2277 2744 2457 2812 geret,
2481 2745 2539 2797 et
2561 2756 2800 2797 ascenso
2838 2757 2987 2813 equo
3027 2742 3103 2797 ita
3126 2747 3385 2815 emptum
3421 2744 3529 2800 iter
3558 2748 3771 2816 ageret,
3795 2759 3861 2802 ac
3884 2744 3940 2802 si

2276 2829 2499 2886 nullam
2525 2846 2807 2902 umquam
2830 2830 3126 2888 lesionem
3150 2832 3407 2904 corporis
3420 2834 3773 2906 pertulisset.
3790 2834 3933 2892 Fac-

2274 2923 2515 2991 tumque
2536 2923 2625 2976 est
2646 2924 2711 2975 ut
2731 2920 2831 2991 qui
2850 2925 3054 2977 sancto
3076 2922 3198 2978 viro
3221 2922 3537 2980 Fortunato
3560 2940 3766 2996 pueros
3788 2940 3928 2981 cum

2274 3008 2460 3081 pretio
2481 3009 2720 3065 reddere
2749 3008 3088 3066 obedientise
3122 3011 3422 3083 subjectus
3445 3012 3647 3079 noluit,
3672 3030 3771 3070 eos
3794 3013 3929 3070 sine

2273 3098 2455 3171 pretio
2496 3115 2663 3171 paena
2699 3098 2979 3155 subactus
3003 3101 3081 3172 (η)
3103 3100 3285 3156 daret.
3328 3101 3429 3158 His
3469 3103 3646 3173 igitur
3685 3102 3932 3175 expletis

520 3193 678 3255 οὗτος
702 3192 837 3268 ἀνὴρ
861 3186 1467 3266 Φορτουνᾶτος,ὲύΑογη
1479 3184 1634 3259 μένον
1650 3182 1794 3257 ὕδωρ
1807 3183 1984 3257 τούτῳ
1998 3182 2164 3239 δεδω-

574 3283 589 3296 \
694 3280 715 3296 ν·
774 3281 784 3296 Ι
912 3277 932 3296 κ
1073 3279 1086 3296 ἱ
1135 3278 1149 3294 \
1231 3274 1291 3296 Νι
1418 3272 1732 3296 ..ΔνῨκἻΑξῘ
1790 3274 1917 3296 _!,--_
1994 3274 2079 3296 ,,,,‘
2107 3274 2155 3296 κδ

2287 3186 2549 3243 studebat
2568 3186 2759 3242 adhuc
2781 3203 2958 3245 senex
2982 3188 3052 3244 de
3074 3204 3139 3245 eo
3162 3192 3220 3245 et
3241 3189 3355 3246 alia
3384 3206 3643 3247 narrare.
3665 3192 3770 3247 Sed
3795 3192 3933 3264 quia

521 3283 656 3352 κὼς,
690 3277 1003 3336 ἀπέστειλεν
1026 3278 1212 3347 αὐτὸν,
1231 3274 1427 3351 λέγων’
1454 3272 1694 3337 Ἀπελθε
1714 3272 1765 3328 ἐν
1786 3274 1967 3349 τάχει,
1991 3274 2081 3328 καὶ
2102 3274 2164 3328 τὸ

519 3369 671 3446 ὕδωρ
699 3375 862 3426 τοῦτο
893 3370 1070 3423 ἐπάνω
1108 3371 1204 3421 τοῦ
1244 3366 1497 3437 σώματος
1537 3362 1701 3418 αὐτοῦ
1742 3363 1920 3437 ῥᾷνον.
1962 3366 2071 3419 Τοῦ
2110 3360 2166 3418 δὲ

517 3456 776 3516 διακόνου
806 3456 1163 3525 ἀπελθόντος,
1194 3455 1281 3510 καὶ
1314 3454 1452 3527 πρὸς
1471 3452 1563 3506 τὸν
1581 3452 1778 3506 Γότθον
1800 3448 2162 3523 εἰσελθόντος,

512 3550 577 3605 τὸ
619 3546 991 3622 εὐλογημένον
1021 3542 1169 3618 ὕδωρ
1200 3541 1377 3597 ἐπάνω
1406 3545 1513 3596 τῶν
1540 3538 1722 3614 μελῶν
1752 3541 1919 3595 αύτοῦ
1952 3538 2160 3617 ἕρρανε’

2280 3276 2547 3333 nonnulli
2570 3277 2814 3333 aderant
2835 3277 2906 3333 ad
2947 3294 3095 3349 quos
3133 3279 3536 3338 exhortandos
3576 3281 3927 3354 occupabar,

2269 3366 2509 3437 jamque
2556 3365 2673 3421 diei
2723 3365 2945 3421 tardior
2975 3366 3117 3423 hora
3163 3367 3531 3438 incubuerat,
3576 3369 3930 3427 venerabilis

2275 3453 2575 3512 Fortunati
2624 3454 2773 3510 facta
2827 3455 2929 3510 diu
2981 3456 3125 3512 mihi
3169 3459 3372 3516 audire
3410 3475 3526 3516 non
3566 3458 3751 3531 licuit,
3795 3475 3925 3531 quae

2275 3543 2495 3607 audire,
2525 3542 2571 3599 si
2595 3542 2789 3614 liceat,
2813 3560 3047 3617 semper
3066 3545 3217 3603 volo.

512 3640 741 3713 πρᾶγμα
773 3634 829 3690 δὲ
862 3629 1057 3703 συνέϐη
1091 3631 1395 3704 Θαυμαστὸν
1428 3629 1517 3685 καὶ
1550 3628 1747 3706 φρίκης
1778 3627 1947 3702 ἀξιον
1997 3630 2153 3700 ἡνίκα
2195 3633 2299 3708 γὰρ
2346 3631 2409 3687 τὸ
2458 3628 2607 3705 ὕδωρ
2654 3635 2752 3686 τοῦ
2801 3637 2980 3707 μηροῦ
3027 3637 3125 3689 τοῦ
3176 3634 3378 3699 Γότθου
3428 3634 3630 3710 ἥψατο,
3679 3639 3823 3693 πᾶσα
3883 3636 3921 3707 ἡ

512 3720 773 3801 συντριϐἡ
806 3722 983 3793 ἐκείνη
1017 3721 1336 3794 ἐστερεώθη,
1366 3720 1457 3773 καὶ
1487 3716 1539 3772 ἐν
1579 3719 1649 3789 τῇ
1676 3717 1914 3793 προτέρᾳ
1940 3718 2092 3795 ὑγεία
2123 3722 2150 3775 6
2177 3722 2353 3797 μηρὸς
2388 3719 2552 3774 αὐτοῦ
2574 3719 2930 3792 ἀπεκατέστηο
2958 3720 3013 3777 ἐν
3035 3719 3171 3798 αὒτῇ
3197 3720 3254 3778 δὲ
3274 3727 3342 3798 τῇ
3365 3722 3482 3800 ὥρᾳ
3513 3723 3573 3780 ἐκ
3601 3723 3699 3780 τοῦ
3743 3720 3922 3801 κραϐ-

514 3811 682 3870 ϐάτου
710 3812 959 3882 ἀναστὰς,
991 3811 1078 3864 καὶ
1103 3814 1183 3882 τῷ
1201 3809 1357 3880 ἳππῳ
1380 3806 1542 3862 αύτοῦ
1574 3801 1790 3875 ἐπιϐὰς,
1925 3806 1976 3861 ἐν
2001 3812 2069 3882 τῇ
2120 3805 2232 3883 ὁδῷ
2272 3808 2308 3884 ᾖ
2346 3807 2547 3884 ἤρξατο
2587 3806 2883 3884 ἐπορεύθη,
2925 3810 3001 3869 ὡς
3043 3811 3125 3866 δτι
3168 3813 3240 3884 (g)
3285 3809 3410 3867 οὒδὶ
3456 3813 3581 3887 μίαν
3636 3808 3816 3889 βλάϐη
3865 3810 3919 3867 ἐν

511 3908 592 3977 τῷ
625 3905 839 3977 σώματι
870 3901 1034 3956 αὑτοῦ
1054 3898 1118 3967 ἦν
1162 3895 1474 3969 ὑπομείνας.
1507 3895 1697 3968 Γέγονε
1729 3890 1785 3949 δὲ
1813 3899 1999 3967 τοῦτο,
2026 3895 2117 3952 ’ίνα
2148 3897 2274 3959 τοὺς
2302 3894 2501 3961 παῖδας
2531 3898 2734 3971 οὕσπερ
2769 3898 2901 3971 μετά
2930 3900 3243 3973 τιμήματος
3273 3904 3351 3972 τῷ
3385 3900 3522 3977 ἁγίῳ
3570 3899 3725 3975 ἀνδρὶ
3773 3907 3924 3975 Φορ-

506 3992 753 4064 τουνάτῳ
781 3995 859 4044 τῶ
891 3988 1167 4060 ἐπισκόπῳ
1198 3983 1486 4040 ἀποδοῦναι
1526 3981 1626 4038 οὒκ
1654 3981 1839 4055 ἤθελε,
1871 3986 2094 4041 κολάσει
2118 3986 2495 4060 ὑποκείμενος,
2522 3984 2696 4061 δῶρον
2721 3984 2916 4048 αὖτοὺς
2942 3991 3018 4061 (ἡ)
3040 3987 3370 4064 ἀποστρέψῃ.
3397 3992 3512 4060 Τῆς
3535 3987 3839 4068 διηγήσεως
3865 3987 3924 4046 δὶ

508 4081 713 4152 ταύτης
748 4076 1156 4153 πληρωθείσης,
1178 4074 1369 4146 ἢθελεν
1394 4075 1575 4148 ἀκμὴν
1601 4076 1627 4129 ὁ
1651 4074 1825 4153 γέρων
1844 4077 1931 4131 καὶ
1957 4074 2099 4131 ἄλλα
2119 4077 2237 4132 τινὰ
2257 4079 2380 4152 περὶ
2403 4078 2572 4132 αὑτοῦ
2598 4098 2687 4150 μει
2710 4073 3276 4152 διηγήσασθαι.Ἀλλὰ
3300 4078 3388 4135 διὰ
3417 4080 3481 4136 τὸ
3512 4079 3759 4144 πολλοὺς
3780 4102 3924 4156 παρ-

516 4174 653 4228 εἶναι
682 4169 807 4231 τοὺς
837 4169 963 4242 παρ’
993 4169 1154 4238 ἡμῶν
1184 4166 1546 4227 νουθετεῖσθαι
1574 4162 1919 4242 ὀφείλοντας,
1948 4166 2038 4219 καὶ
2079 4163 2275 4220 λοιπὸν
2309 4163 2522 4241 σχολήν
2574 4164 2721 4240 ἄγειν
2773 4167 2848 4239 μὴ
2899 4164 3214 4241 δυνάμενος,
3255 4166 3453 4224 λοιπὸν
3493 4165 3549 4225 δὲ
3587 4169 3677 4225 καὶ
3819 4177 3924 4240 τῆς

509 4261 722 4335 ἡμέρας
750 4259 886 4333 πρὸς
925 4253 1151 4329 ἑσπέραν
1181 4250 1290 4323 ἤδη
1323 4250 1642 4323 κλινούσης,
1673 4251 1872 4309 πλεῖόν
1900 4275 1952 4309 τι
1985 4254 2109 4328 περὶ
2138 4257 2247 4309 τῶν
2277 4251 2448 4329 ἔργων
2478 4257 2580 4309 τοῦ
2611 4250 2913 4329 σεϐασμίου
2945 4252 3139 4333 ἀνδρὸς
3170 4258 3555 4330 Φορτουνάτου
3586 4257 3815 4314 ἀκοῦσαί
3850 4280 3921 4333 με

511 4353 614 4408 οὑκ
748 4350 1092 4425 ηὐκαίρησεν.
1127 4348 1296 4421 Ἀπερ
1331 4344 1376 4400 εἷ
1400 4343 1639 4400 ἐνδεκτὸν
1675 4344 1912 4420 ὑπῆρχε,
1946 4342 2211 4415 διηνεκῶς
2240 4343 2453 4400 ἀκούειν
2486 4344 2708 4415 ἤθελον.

578 4444 665 4499 Ἐν
695 4438 751 4495 δὲ
772 4438 921 4514 ἄλλῃ
944 4437 1125 4512 ἡμέρᾳ
1147 4436 1174 4491 6
1198 4432 1358 4497 αύτὸς
1387 4432 1559 4509 γέρων
1581 4438 1802 4510 πρᾶγμα
1826 4433 1952 4508 περὶ
1977 4433 2145 4488 αὖτοΰ

2326 4436 2435 4490 Sed
2460 4435 2552 4491 die
2574 4435 2684 4491 alia
2705 4436 2857 4493 idem
2877 4453 3053 4494 senex
3072 4455 3187 4495 rem
3205 4440 3275 4495 de
3297 4438 3394 4496 illo
3410 4457 3505 4496 ma
3521 4439 3921 4514 gisadhucmi-

504 4530 722 4609 μᾶλλον
736 4532 832 4585 θαυ
843 4528 1173 4602 μισιώτερον
1191 4522 1353 4599 διηγή
1363 4521 1708 4592 σατο,λέσων.
1719 4524 1807 4610 Ἑν
1819 4526 1886 4597 τῇ
1901 4522 2035 4597 αὐτῇ
2048 4528 2147 4592 τῆς

2288 4524 2498 4579 abilem
2527 4524 2797 4591 narravit,
2822 4525 3023 4582 dicens
3050 4544 3063 4583 :
3088 4529 3151 4583 In
3185 4528 3387 4584 eadem
3411 4528 3729 4585 Tudertina
3761 4530 3911 4587 urbe

500 4619 810 4699 Τουδέρεως
822 4616 1146 4690 πόλει,ἀνήρ
1160 4635 1240 4677 τις
1255 4612 1575 4688 Μάρκελλος
1589 4609 1918 4685 (Ιί)τοῦνομα
1932 4612 2144 4685 σεμνῶς

2287 4612 2566 4669 iarcetlus
2605 4614 2869 4685 quidam,
2903 4615 3064 4672 bonae
3091 4616 3340 4674 actionis
3356 4618 3464 4687 vir,
3507 4634 3639 4674 cum
3680 4618 3918 4676 duabus

500 4711 952 4786 πολιτευόμενος,
982 4707 1098 4781 ’ἁμα
1136 4703 1287 4761 δυσὶν
1336 4703 1500 4758 αὑτοῦ
1540 4699 1800 4775 ἀδελφαῖς
1841 4704 2136 4770 κατοικῶν,

2287 4702 2546 4760 ororibus
2566 4704 2687 4759 suis
2710 4703 3038 4762 habitabat:
3057 4705 3157 4778 qui
3179 4705 3478 4763 eveniente
3501 4705 3769 4764 molestia
3790 4721 3917 4764 cor-

579 4897 657 4968 (a)
691 4887 1237 4968 Μεεηᾼάποδοῦναιἶ
1288 4884 1554 4956 λυπηθεὶς
1604 4884 1632 4939 6
1683 4880 1981 4946 ἐπίσκοπος
2035 4884 2152 4938 εἰπε

2337 4885 2403 4968 (ιλ
2438 4887 2519 4968 ita
2551 4886 2690 4968 Mss.
2724 4889 2886 4968 Quod
2918 4891 3299 4947 emendantes
3336 4889 3603 4948 Editores
3642 4895 3918 4950 mutave-

498 4960 790 5022 πίστευσον
821 4960 942 5037 οἴδα
972 4962 1045 5037 ού
1066 4960 1343 5037 συμφέρει.
1365 4979 1473 5014 σοι.

2287 4960 2514 5037 runtin,
2546 4962 2673 5037 equi
2692 4963 2831 5037 ejus,

600 5040 651 5109 b)
685 5029 1378 5109 Ιίἀιειτη.*ἐπιϐάσαίμετὰ.ἶ
1425 5103 1442 5109 Α

2337 5029 2433 5109 (m_)
2453 5029 2631 5109 ῥοιῆς
2655 5029 2860 5109 ὺείηεά.
2878 5049 3079 5109 usum,
3098 5037 3155 5109 et
3153 5050 3247 5109 εκ
3266 5051 3373 5109 usu
3398 5035 3766 5109 miraculum,
3782 5034 3921 5109 vide

598 5099 646 5170 c)'
676 5110 835 5175 Mss.,
864 5106 937 5161 Τὸ
975 5099 1232 5177 μήρον...’
1253 5099 1512 5171 ἐκλάσθη.

598 5181 652 5226 (Η
682 5179 862 5226 Cnlh-.
894 5176 1185 5226 κατηράσω
1217 5195 1331 5226 μοι.

2287 5103 2754 5226 ἒίέῗεὲτεῖρὲἓὲν
2768 5122 2857 5226 9‘3.
2881 5104 3014 5226 δυδὶῒ
3041 5105 3914 5226 $322“t§;:..tt;:i:.?i:dpa“£

596 5181 652 5271 (1)
682 5172 862 5246 ΟοΙδη
894 5172 1185 5249 κατηράσω
1217 5195 1331 5248 μοι.
1662 5239 1674 5257 ἢ

616 5269 623 5271 .
682 5251 741 5271 η.
790 5269 811 5271 _
835 5266 924 5271 _-_-
961 5249 1046 5271 ιι-
1139 5243 1425 5271 2._.1--,._-\-
1458 5243 1688 5271 _..--..n..
1726 5240 1815 5271 ΑΚ..
1849 5240 1875 5271 ,ι

2601 5172 3005 5271 Ξοάζὲϐζ-υρί
3040 5172 3545 5271 refertuEAEujcliaa
3594 5172 3914 5271 cujusdam

596 5183 652 5271 (1)
682 5183 862 5246 Golb.,
894 5183 1185 5249 κατηράσω
1217 5195 1331 5248 μοι.
1662 5239 1674 5257 γ
1757 5240 1785 5260 γ

572 5183 647 5324 ξε)
682 5251 929 5324 Uterque
961 5249 1095 5324 Ms”
1134 5243 1427 5324 dntwege
1457 5243 1691 5324 παρευθυ
1725 5260 1815 5295 ουν
1848 5240 1898 5295 6.

2287 5183 2559 5241 motlum,
2602 5183 2725 5229 cod.
2768 5183 2857 5242 96,
2902 5183 3002 5231 ubi
3040 5183 3289 5233 refertur
3335 5183 3545 5234 Eucliaa
3594 5183 3914 5251 cujusdam

2287 5242 2450 5324 ilium
2488 5246 2560 5324 a_b
2600 5246 3457 5324 Chrys_osiomo_a_quaa_Abeued.
3499 5251 3839 5324 aspersione
3878 5266 3917 5306 ι

518 5376 521 5381 ,
670 5313 1127 5393 Ηϐκ.,’ἐπορεύθη
1162 5313 1420 5393 τήν-ᾖδον
1452 5313 1618 5371 αὐτοῦ
1649 5313 1747 5374 ὡς.

2287 5313 3175 5393 n_orbo_dcsperatissimofuisse
3204 5318 3533 5378 liberatum.
3567 5313 3703 5377 Vide
3731 5322 3915 5379 etiam

570 5385 648 5465 (ᾖ)
673 5385 837 5449 Colb.
883 5385 1008 5465 una
1027 5385 1187 5457 voce,
1209 5385 1502 5465 οὐδεμίαν.
2261 5385 2411 5465 Hist.
2438 5385 2685 5458 Tripa'rt.
2733 5389 2771 5444 Ι.
2796 5406 2871 5446 ιχ.
2898 5390 2993 5465 ubi
3017 5407 3085 5465 ex
3105 5391 3451 5465 Theodorito
3477 5394 3742 5465 refertur,
3766 5398 3918 5449 Mar-

573 5434 955 5541 t‘I’interque
990 5434 1394 5541 ιὲπτξστέέψη-Ῐῖ
1648 5535 1685 5541 -.
1797 5527 1832 5541 ,.
1972 5520 2104 5541 η-..

2287 5457 2477 5541 :ellum
2501 5434 2778 5541 ἔρα-[ηοω
2818 5462 3279 5541 episcajussisse
3309 5434 3520 5541 aquam
3561 5434 3768 5541 bened.
3813 5481 3919 5521 as-

564 5520 968 5610 (ἱ)’1ἶοε.,’τήν
988 5520 1613 5610 ἡμέραν..’.”’κλίνουσαν.
1648 5535 1728 5610 Ita
1751 5527 1935 5610 etiam
1970 5520 2134 5580 Colb.

2287 5530 2448 5610 iergi.
2491 5520 2639 5596 Ου’οά
2666 5533 2797 5610 dum
2833 5520 3278 5605 [uinci/actum,
3309 5520 3517 5593 diemet:
3547 5520 3770 5610 eﬂugit,
3801 5520 3919 5593 non

496 5599 780 5668 ho'osolo'
796 5599 1137 5664 discrimine
1168 5605 1321 5676 quod
1353 5604 1547 5674 habet,
1577 5599 1986 5655 ἐπικλίνουσαν.

2287 5602 2444 5676 'erem
2473 5616 2627 5673 aquae
2655 5599 2940 5661 virtutem.

605 5682 634 5752 )
667 5680 830 5752 Mss,
862 5677 1017 5733 εὖκαί
1056 5672 1205 5747 ησενῖ
1531 5672 1540 5674 ’

568 5681 644 5835 ίίς)
676 5753 899 5823 Iidem.,
939 5696 1190 5827 dvipart.

2335 5672 2416 5745 (η)
2434 5676 2745 5750 Gussanv.,
2765 5678 3153 5736 renitentibus
3173 5678 3305 5736 aliis
3327 5684 3452 5738 tum
3484 5680 3736 5754 excusis,
3776 5683 3912 5739 tum

2287 5758 2440 5801 nanu
2462 5748 2734 5825 exaratis,
2754 5756 2971 5829 coactu;
2998 5748 3243 5812 donavit.

625 5753 644 5829 )
676 5748 899 5823 nam,
939 5748 1190 5827 ὀνόματι.
2261 5757 2440 5801 manu
2462 5748 2736 5825 exaratis,
2754 5756 2971 5829 coactu;
2998 5748 3243 5812 donavit.
