4210 6160
249 317 363 379 209

1520 313 2048 381 DIALOGORUM
2088 321 2325 383 LIBER
2362 319 2413 382 Ῑ.

3549 310 3672 376 210

239 448 420 525 poris,
452 448 531 521 (α)
562 447 694 521 ipso
728 444 1127 503 sacratissimo
1153 450 1591 518 vesperascente
1612 448 1735 519 jam
1762 448 1894 505 Sab-

2017 451 2257 525 ἀσθενείᾳ
2289 453 2578 528 σωματικῇ
2612 450 2917 527 περιέπεσε.
2950 451 3054 508 Καὶ
3085 449 3136 506 ἐν
3182 449 3318 526 αὐτῇ
3346 450 3416 525 τῇ
3464 448 3665 525 ἐσπέρᾳ

239 541 367 597 hate
387 536 680 611 paschali,
705 536 1023 593 defunctus
1051 539 1160 592 est.
1177 534 1358 609 Cujus
1381 552 1593 609 corpus
1611 553 1745 593 cum
1778 539 1898 594 lon.

238 632 364 704 gius
376 632 539 685 esset
553 626 942 696 eilerendum,
965 625 1057 681 die
1075 626 1277 681 eodem
1297 625 1534 697 sepeliri
1548 642 1663 681 non
1685 627 1895 699 potuit.

240 717 504 792 Cumque
517 733 686 773 mora
698 720 853 772 esset
873 716 1157 788 temporis
1178 714 1251 770 ad
1265 715 1619 786 explendum
1635 715 1900 772 debitum

241 807 587 881 sepulturas,
608 821 842 863 sorores
863 805 1019 877 ejus,
1041 808 1230 861 morte
1259 806 1390 876 ejus
1422 804 1671 873 afﬂictae,
1697 821 1900 862 cucur-

243 901 447 955 rerunt
477 897 689 953 ﬂentes
718 896 791 951 ad
836 892 1221 950 venerabilem
1250 893 1442 950 virum
1483 895 1896 965 Fortunatam,

244 990 414 1060 eique
456 986 696 1060 magnis
724 985 966 1042 vocibus
1010 983 1265 1042 clamare
1297 988 1632 1055 coeperunt:
1666 985 1900 1042 Scimus

240 1079 372 1152 quia
388 1076 803 1150 apostolorum
820 1075 1000 1132 vitam
1016 1078 1203 1141 tenes,
1225 1073 1486 1146 leprosos
1508 1075 1781 1147 mundae,
1798 1091 1902 1132 cae-

238 1183 331 1225 cos
351 1165 696 1235 illuminas,
724 1163 878 1232 veni,
900 1166 957 1220 et
972 1162 1263 1220 resuscita
1280 1166 1577 1219 mortuum
1610 1168 1896 1220 nostrum.

237 1256 339 1324 Qui
359 1272 507 1312 mox
525 1259 599 1310 ut
612 1252 882 1326 cognovit
902 1267 1103 1310 earum
1125 1252 1365 1309 fratrem
1386 1251 1900 1320 defunctum,ﬂere

232 1346 356 1419 ipse
387 1343 578 1401 etiam
610 1342 682 1399 de
715 1349 902 1400 morte
929 1342 1059 1414 ejus
1104 1341 1297 1414 ccepit,
1326 1341 1528 1414 eisque
1575 1341 1895 1413 respondit,

235 1435 438 1491 dicens
474 1450 489 1489 :
526 1433 682 1489 201
717 1430 1007 1497 Recedite,
1038 1434 1095 1486 et
1124 1429 1247 1486 hasc
1278 1430 1471 1486 dicere
1521 1430 1724 1497 nolite,
1758 1429 1901 1502 quia

225 1523 419 1596 jussio
442 1519 876 1594 omnipotentis
898 1520 997 1576 Dei
1018 1524 1125 1587 est,
1152 1518 1248 1576 cui
1271 1519 1564 1575 contraire
1586 1519 1785 1575 nullus
1806 1519 1902 1574 ho-

230 1611 461 1670 minum
485 1614 700 1682 potest.
736 1607 859 1665 lllis
890 1609 1090 1681 itaque
1120 1607 1582 1679 discedentibus,
1616 1608 1802 1665 tristis
1831 1624 1902 1665 ex

235 1706 423 1759 morte
434 1702 575 1773 ejus
592 1699 811 1755 mansit
821 1699 1150 1770 episcopus.
1171 1696 1576 1770 Subsequente
1600 1706 1794 1754 autem
1807 1697 1901 1754 die

231 1789 542 1848 Dominico
555 1786 1229 1858 anteexsurgentislucis
1243 1786 1900 1859 crepusculum,vocatis

236 1881 485 1938 duobus
495 1876 845 1933 diaconibus
855 1875 1339 1948 suis,perrexitad
1352 1877 1591 1932 domum
1607 1876 1890 1946 defuncti;

230 1969 638 2038 accedensque
667 1966 742 2022 ad
776 1964 970 2022 locum
992 1964 1095 2021 ubi
1112 1981 1323 2038 corpus
1346 1965 1581 2037 jacebat
1608 1965 1891 2035 exanime,

233 2059 314 2115 ibi
345 2073 417 2114 se
449 2057 510 2113 in
534 2055 859 2112 orationem
884 2054 1060 2111 dedit.
1087 2053 1331 2127 Expleta
1360 2062 1552 2112 autem
1576 2070 1744 2128 prece
1766 2071 1892 2111 sur-

231 2149 399 2217 rexit,
441 2150 504 2202 et
536 2146 717 2216 juxta
752 2160 969 2216 corpus
1000 2143 1258 2200 defuncti
1307 2144 1499 2214 sedit;
1535 2161 1649 2202 non
1698 2148 1893 2201 autem

230 2237 442 2312 grandi
480 2250 625 2291 voce
653 2234 996 2291 defunctum
1019 2250 1123 2307 per
1151 2249 1364 2290 nomen
1395 2236 1633 2306 vocavit,
1652 2234 1851 2291 dicens
1875 2250 1891 2290 :

230 2328 437 2385 Frater
470 2322 766 2382 Marcelle.
802 2322 906 2379 Ille
929 2325 1150 2391 autem,
1174 2339 1240 2380 ac
1264 2322 1313 2378 si
1343 2323 1547 2380 leviter
1574 2322 1893 2392 dormiens,

228 2417 297 2473 ad
328 2414 598 2472 vicinam
613 2412 906 2486 vocem(b)
920 2412 1186 2485 quamvis
1204 2412 1491 2469 modicam
1519 2412 1729 2469 fuisset
1748 2413 1894 2469 exci-

228 2510 413 2576 tatus,
448 2502 655 2560 statim
689 2501 893 2559 oculos
938 2500 1192 2574 aperuit,
1226 2505 1402 2573 atque
1433 2502 1506 2558 ad
1553 2501 1894 2573 episcopum

230 2593 587 2666 respiciens,
619 2590 859 2646 dixitzo
890 2589 1032 2662 quid
1065 2588 1295 2646 fecisti?
1315 2605 1347 2645 o
1379 2589 1521 2661 quid
1547 2587 1893 2645 fecisti?Cui

230 2683 586 2756 espiscopus
601 2679 921 2751 respondit,
938 2678 1173 2735 dicens:
1190 2678 1339 2745 Quid
1358 2678 1466 2734 feci
1485 2677 1513 2733 ?
1534 2677 1716 2734 Atille
1738 2678 1895 2735 :Duo

230 2773 515 2830 hesterno
548 2769 647 2825 die
668 2772 974 2835 venerunt,
995 2767 1097 2840 qui
1114 2783 1210 2825 me
1226 2766 1526 2839 ejicientes
1555 2783 1625 2823 ex
1653 2783 1895 2840 corpore

234 2862 291 2919 in
305 2861 533 2918 bonum
554 2858 754 2914 locum
775 2858 1091 2928 duxerunt,
1106 2855 1279 2913 hodie
1294 2860 1490 2913 autem
1505 2873 1661 2913 unus
1676 2857 1895 2914 missus

231 2957 320 3010 est
331 2950 440 3024 qui
474 2947 624 3005 dixit
649 2946 1278 3018 :Reduciteeum,quia
1290 2945 1643 3002 Fortunatus
1672 2946 1897 3019 episco-

233 3057 345 3114 pus
376 3039 443 3095 in
476 3038 725 3094 domum
764 3035 893 3107 ejus
922 3036 1101 3092 venit.
1135 3034 1362 3101 Quibus
1407 3034 1600 3092 verbis
1630 3035 1894 3107 expletis,

224 3147 359 3189 mox
389 3145 463 3186 ex
498 3126 844 3183 infirmitate
874 3124 1186 3194 convaluit,
1212 3128 1271 3181 et
1300 3125 1360 3180 in
1390 3125 1501 3181 hac
1529 3125 1642 3181 vita
1671 3125 1893 3182 diutius

225 3218 481 3276 mansit.
515 3216 639 3274 Nec
655 3220 854 3273 tamen
877 3215 1233 3272 credendum
1260 3215 1504 3288 estquia
1517 3214 1701 3272 locum
1717 3231 1890 3286 quem

222 3311 541 3381 accepant
573 3304 1001 3378 perdidit,quia
1022 3304 1271 3361 dubium
1295 3320 1411 3361 non
1424 3309 1514 3361 est
1535 3305 1690 3376 quod
1708 3303 1890 3361 inter-

217 3397 481 3455 eessoris
508 3393 606 3452 sui
637 3395 909 3467 precibus
938 3393 1132 3467 potuit
1164 3397 1299 3466 post
1315 3396 1560 3450 mortem
1585 3392 1799 3451 melius
1812 3394 1893 3449 vi-

217 3503 372 3552 vere,
408 3485 516 3558 qui
550 3489 613 3542 et
644 3488 781 3541 ante
811 3488 1057 3542 mortem
1090 3483 1322 3541 studuit
1352 3482 1743 3556 omnipotenti
1778 3484 1891 3541 Deo

218 3576 478 3652 placere.
507 3574 624 3632 Sed
674 3590 779 3630 cur
808 3572 994 3630 multa
1024 3573 1095 3629 de
1137 3573 1267 3645 ejus
1296 3572 1414 3629 vita
1443 3572 1707 3637 dicimus,
1759 3588 1889 3630 cum

222 3684 383 3724 nunc
413 3680 611 3738 usque
641 3664 715 3720 ad
730 3662 1110 3736 corpusillius
1131 3666 1215 3719 tot
1241 3662 1524 3718 virtutum
1539 3662 1891 3720 documenta

225 3762 544 3814 teneamus
556 3754 588 3809 ?
601 3752 1005 3810 Demoniacos
1025 3752 1243 3826 quippe
1260 3752 1582 3819 absolvere,
1601 3769 1784 3825 aegros
1797 3769 1893 3810 cu-

228 3863 361 3905 rare
387 3844 635 3920 quoties
649 3859 721 3900 ex
735 3843 849 3899 ﬁde
862 3841 1099 3914 petitur,
1114 3846 1179 3898 ut
1190 3841 1356 3898 vivus
1368 3843 1889 3913 consueverathoc,

226 3936 649 3992 indesinenter
673 3931 884 4002 facere,
902 3935 960 3988 et
978 3930 1136 4003 apud
1154 3934 1389 3988 mortua
1413 3947 1515 3987 sua
1537 3946 1672 3987 ossa
1700 3946 1892 4003 perse-

222 4030 407 4083 verat.
435 4022 555 4080 Sed
590 4021 754 4087 libet,
787 4020 973 4089 Petre,
995 4019 1188 4076 adhuc
1208 4020 1279 4076 ad
1312 4018 1550 4077 Valeriae
1580 4020 1889 4091 provinciae

219 4119 421 4188 partes
440 4109 808 4170 narrationis
820 4124 960 4167 mea:
976 4109 1156 4166 verba
1177 4109 1550 4180 redueere,de
1565 4109 1780 4180 quibus
1796 4125 1890 4167 me

212 4203 437 4262 eximia
468 4200 642 4257 valde
663 4198 948 4257 miracula
962 4215 1033 4256 ex
1062 4214 1160 4255 ore
1181 4197 1533 4255 venerabilis
1562 4197 1885 4266 Fortunati,

210 4295 397 4365 cujus
424 4292 611 4363 longe
640 4289 915 4361 superius
945 4287 1293 4345 memoriam
1322 4286 1431 4344 feci
1454 4286 1696 4359 (Scilicet
1716 4286 1887 4345 initio

2004 545 2102 595 τοῦ
2136 542 2294 618 ἁγίου
2328 537 2637 613 Σαϐϐάτου,
2672 549 2771 612 τῆς
2802 541 3141 603 ἀναστάσεως
3169 546 3267 596 τοῦ
3284 540 3476 615 κυρίου
3496 541 3660 612 ἡμῶν

2005 630 2187 701 Ἰησοῦ
2218 634 2459 707 Χριστοῦ
2500 630 2943 711 ἐπιφωσκούσης,
2973 628 3122 686 τέλει
3168 634 3265 685 τοῦ
3306 630 3428 705 βίου
3475 629 3656 709 ἐχρή-

2007 739 2157 775 σατο.
2182 721 2276 777 Ἐκ
2300 722 2510 793 μήκους
2535 718 2601 791 δή
2628 725 2724 775 τοῦ
2746 722 2919 775 τόπου
2950 716 3194 787 ὄντος,ἐν
3214 720 3260 791 ᾤ
3290 720 3352 773 τὸ
3383 722 3661 792 σῶματα-

2006 809 2441 887 φῆναιῆμελλεν
2477 813 2546 884 τῇ
2587 810 2723 883 αὐτῇ
2763 813 2858 864 τοῦ
2898 808 3056 886 ἁγίου
3101 804 3384 863 Σαϐϐάτου
3426 807 3645 882 ἑσπέρα,

2002 902 2165 955 τοῦτο
2190 898 2351 974 θάψαι
2374 899 2473 954 οὐκ
2493 896 2738 970 ἠδυνήθη
2749 920 2861 955 σαν.
2876 895 3225 972 Βραδύτητος
3240 898 3328 952 οῦν
3344 896 3645 974 γενομένης

2001 990 2100 1040 τοῦ
2131 983 2461 1057 κηδευθῆναι
2492 985 2673 1056 αὐτὸν,
2706 987 2760 1040 αἱ
2791 982 3019 1062 ἀδελφαὶ
3042 984 3206 1039 αὐτοῦ
3223 983 3459 1059 περὶτοῦ
3482 982 3649 1039 θανά-

2002 1096 2100 1131 του
2130 1074 2295 1131 αὐτοῦ
2327 1071 2670 1148 θλιϐόμεναι,
2703 1075 2838 1149 πρὸς
2868 1074 2960 1129 τὸν
2995 1067 3287 1147 σεϐάσμιον
3311 1070 3480 1148 ἄνδρα
3507 1079 3653 1147 Φορο

2003 1170 2260 1221 τουνᾶτον
2292 1165 2383 1220 τὸν
2417 1164 2709 1220 ἐπίσκοπον
2749 1161 3058 1235 κλαίουσαι,
3100 1157 3356 1238 ἔδραμον,
3394 1161 3486 1217 καὶ
3533 1166 3656 1225 τοῖς

2002 1255 2200 1310 τούτου
2232 1254 2359 1310 ποσὶ
2396 1254 2531 1328 μετὰ
2570 1274 2871 1328 στεναγμου
2910 1253 3001 1307 καὶ
3039 1249 3286 1326 δακρύων
3322 1251 3656 1328 προσκυλιν-

2004 1342 2286 1417 δούμεναι,
2318 1337 2530 1420 ἔλεγον·
2568 1341 2834 1416 Οἳδαμεν,
2866 1341 3016 1415 τίμιε
3043 1341 3232 1416 πάτερ,
3266 1343 3351 1397 δτι
3382 1347 3499 1405 τοῖς
3547 1345 3657 1398 τῶν

2005 1432 2354 1490 Ἀποστόλων
2385 1432 2597 1508 ’ἰχνεσιν
2630 1431 3030 1505 ἐξακολουθῶν,
3062 1428 3239 1487 πάντα
3268 1428 3367 1486 ὅσα
3402 1432 3493 1487 τὸν
3525 1432 3653 1488 Θεὸν

2005 1521 2196 1591 αἰτεῖς,
2241 1517 2565 1595 λαμϐάνεις·
2610 1520 2846 1596 λεπροὺς
2886 1519 2986 1596 γὰρ
3028 1520 3355 1595 καθαρίζεις,
3404 1520 3494 1575 καὶ
3533 1526 3654 1583 τοῖς

2004 1606 2235 1688 τυφλοῖς
2266 1614 2335 1684 (c)
2364 1612 2425 1666 τὸ
2459 1608 2687 1686 βλέμμσ
2714 1608 2943 1684 χαρίζῃ·
2967 1607 3092 1674 ἐλθὲ
3113 1606 3204 1664 οὖν
3236 1609 3325 1664 καὶ
3345 1612 3435 1664 τὸν
3452 1608 3653 1682 ἀρτίως

2002 1700 2399 1772 τελευτήσαντα
2427 1703 2586 1773 ἡμῶν
2625 1696 2858 1779 ἀδελφὸν
2890 1698 3214 1769 ἀνάστησον.
3247 1699 3509 1760 Ἀκούσας
3545 1695 3601 1755 δὲ
3622 1698 3650 1753 6

1929 1818 1976 1884 Β
2007 1787 2301 1851 ἐπίσκοπος
2348 1788 2473 1863 περὶ
2521 1792 2618 1843 τοῦ
2670 1787 2898 1842 θανάτου
2943 1788 3134 1858 αὐτοῦ,
3177 1787 3315 1842 πάνυ
3364 1785 3658 1858 λυπηθεὶς,

2004 1879 2212 1936 κλαίειν
2242 1880 2468 1954 ἤρξατο,
2490 1878 2628 1953 πρὸς
2648 1875 2704 1933 δὲ
2720 1877 2919 1939 ταύτας
2948 1878 3284 1952 ἀποκριθεὶς,
3308 1879 3461 1935 202
3483 1876 3656 1932 εἶπεν·

2005 1971 2309 2034 Ἀποστῆτε
2356 1968 2448 2023 ἀπ’
2489 1966 2648 2040 ἐμοῦ,
2690 1968 2766 2040 (d)
2806 1965 2896 2021 καὶ
2934 1970 3101 2021 ταῦτα
3140 1966 3317 2041 λέγειν
3367 1968 3442 2039 μή
3494 1966 3659 2038 θελή-

2002 2079 2153 2129 σητε.
2187 2060 2272 2132 Τῇ
2295 2061 2392 2113 τοῦ
2414 2053 2832 2128 παντοδυνάμου
2854 2054 2956 2132 γὰρ
2975 2055 3109 2111 Θεοῦ
3131 2053 3373 2111 κελεύσει
3396 2058 3429 2125 ἡ
3451 2057 3647 2111 τούτου

1999 2145 2278 2209 τελείωσις
2294 2148 2503 2223 γέγονε,
2526 2144 2614 2200 καὶ
2635 2144 2767 2219 ’ὸπερ
2789 2145 3022 2200 αἰτεῖσθε
3040 2145 3138 2214 τήν
3170 2144 3308 2217 ἐμὴν
3333 2140 3644 2219 ὑπερϐαίνει

2003 2234 2251 2310 δύναμιν.
2275 2234 2784 2311 Ὑποχωρησάντων
2797 2231 2855 2289 δὲ
2874 2232 3050 2289 αὐτῶν
3077 2234 3210 2308 μετὰ
3229 2231 3375 2305 λύπη
3385 2228 3461 2303 ς,ἔ
3467 2254 3643 2306 μεινεν

2000 2326 2069 2389 τῇ
2087 2322 2284 2399 ἑσπέρᾳ
2305 2326 2332 2380 6
2353 2322 2670 2385 ἐπίσκοπος.
2694 2326 2758 2395 (ε)
2774 2324 2886 2398 Πρὸ
2915 2326 3011 2379 τοῦ
3034 2320 3092 2378 δὲ
3120 2321 3331 2398 ἡμέραν
3363 2326 3459 2377 τοῦ
3491 2323 3646 2399 ἁγίου

2001 2411 2191 2486 πάσχα
2221 2409 2526 2487 διαυγᾶσαι,
2560 2412 2664 2467 ὑπὸ
2691 2411 2785 2466 τὸν
2818 2410 3037 2487 ὄρθρον,
3068 2408 3301 2474 καλέσας
3327 2408 3423 2465 δύο
3455 2408 3648 2465 διακό-

2003 2500 2407 2570 νουςαύτοῦ,εἶς
2418 2502 2510 2557 τὸν
2522 2501 2668 2557 οἶκον
2682 2500 2778 2556 τοῦ
2790 2501 3079 2561 τεθνεῶτος
3094 2500 3186 2555 σὺν
3198 2498 3382 2562 αὐτοῖς
3405 2497 3645 2569 ἀπῆλθε.

2002 2588 2333 2665 Προσελθὼν
2365 2587 2423 2646 δέ
2452 2594 2531 2664 τῷ
2568 2590 2721 2664 τόπῳ
2746 2589 2798 2646 ἐν
2829 2590 2875 2663 ᾧ
2904 2590 2966 2645 τὸ
2996 2593 3158 2662 σῶμα
3204 2588 3420 2664 ἄψυχον
3449 2584 3647 2658 ἔκειτο,

2002 2676 2115 2736 ἐκεῖ
2131 2680 2322 2736 ἑαυτὸν
2340 2678 2417 2743 εἷς
2439 2679 2610 2755 εὐχὴν
2636 2675 3340 2753 δέδωκε.Ηληρώσαντοςδὲ
3363 2678 3529 2734 αὐτοῦ
3546 2679 3646 2748 τὴν

2002 2771 2198 2847 εὐχὴν,
2231 2771 2450 2843 ἀνέστη,
2496 2772 2588 2827 καὶ
2624 2770 2861 2842 πλησίον
2903 2775 3001 2826 τοῦ
3041 2772 3328 2834 τεθνεῶτος
3366 2769 3648 2839 ὲκαθὲσθη.

2004 2863 2072 2936 (Ῑ)
2086 2863 2264 2935 Σεμνῇ
2288 2858 2345 2916 δὲ
2359 2866 2429 2936 τῇ
2453 2866 2608 2941 φωνῇ
2630 2865 2822 2916 τοῦτον
2842 2860 2892 2930 ἐξ
2913 2857 3178 2932 ὀνόματος
3203 2857 3648 2933 ἐκάλεσε,λέγων.

1998 2948 2668 3027 Ἀδε).φέΜάρκελΛε.Τῆς
2681 2947 2738 3005 δὲ
2750 2952 2938 3025 φωνῆς
2951 2949 3154 3020 ταύτης
3166 2949 3194 3004 6
3207 2948 3480 3020 νεθνηκὼς
3493 2946 3653 3004 ἀκού-

2003 3060 2119 3112 σας,
2150 3041 2224 3104 ὡς
2257 3040 2342 3095 ὅτι
2396 3037 2617 3117 ἐλαφρῷ
2647 3037 2800 3111 ὕπνῳ
2842 3036 3118 3094 ἐκάθευδεν
3158 3036 3511 3108 ἐξυπνισθεὶς,
3558 3038 3650 3094 καὶ

2001 3130 2129 3191 τοὺς
2156 3126 2480 3206 ἀφθαλμοὺς
2516 3129 2770 3200 ἂνεῴξας,
2796 3126 2935 3200 πρὸς
2951 3127 3043 3181 τὸν
3066 3124 3365 3181 ἐπίσκοπον
3383 3126 3645 3195 ἀτενίσας,

2002 3218 2251 3274 εἶπεν’Τί
2266 3219 2339 3289 (g)
2354 3214 2634 3286 ἐποίησαςς
2652 3216 2795 3289 Ηρὸς
2809 3214 2867 3269 ὅν
2883 3215 2910 3269 ὁ
2934 3213 3225 3275 ἐπίσκοπος
3245 3211 3532 3286 ἀπεκρίθη,
3555 3213 3648 3270 λέ-

1998 3326 2128 3385 γων’
2161 3308 2227 3365 Τί
2258 3305 2529 3377 ἐποίησα;
2563 3306 2739 3367 Αὐτὸς
2770 3302 2828 3359 δὲ
2859 3304 2993 3360 εἶπε*
3022 3307 3102 3378 Τῇ
3136 3304 3265 3378 χθὲς
3304 3305 3504 3378 ἡμέρᾳ,
3547 3303 3643 3358 δύο

1996 3396 2139 3461 τινὶς
2158 3394 2330 3466 ἦλθον
2361 3395 2498 3470 πρός
2524 3415 2611 3468 με,
2631 3394 2684 3449 οἳ
2703 3414 2845 3457 τινες
2874 3391 2934 3448 ἐκ
2960 3396 3059 3449 τοῦ
3081 3393 3337 3465 σώματος
3355 3391 3549 3448 τούτου
3576 3413 3642 3465 με

1998 3485 2369 3563 ἐξαγαγόντες,
2401 3484 2477 3547 εἲς
2502 3485 2672 3540 τόπον
2702 3482 2841 3540 πάνυ
2863 3480 3029 3538 καλόν
3055 3503 3120 3555 με
3132 3483 3644 3557 ἀπήγαγον.Σῆμε-

2000 3596 2091 3650 ρον
2125 3573 2183 3630 δὲ
2212 3576 2293 3636 εἷς
2323 3573 2674 3643 ἀποσταλεὶς,
2706 3575 2878 3628 εἶπεν·
2913 3570 3315 3647 Ἀποστρέψατε
3344 3572 3528 3643 αύτὸν,
3555 3569 3640 3627 ὅτι

2001 3669 2380 3739 Φορτουνᾶτος
2412 3663 2440 3717 ὁ
2463 3662 2756 3724 ἐπίσκοπος
2781 3661 2857 3723 εἷς
2884 3662 2976 3717 τὸν
3003 3661 3154 3716 οἷκον
3178 3660 3342 3716 αότοῦ
3358 3659 3643 3731 ῆλθε.Τῶν

2001 3749 2059 3808 δὲ
2091 3752 2352 3829 ῥημάτων
2383 3751 2592 3807 τούτων
2623 3749 3048 3826 πληρωθέντων,
3071 3751 3305 3823 παρευθὺ
3336 3750 3427 3805 καὶ
3457 3749 3517 3805 ἐκ
3545 3756 3647 3819 τῆς

1998 3842 2162 3898 νόσου
2193 3842 2468 3917 ἐνίσχυσε,
2499 3842 2589 3895 καὶ
2621 3840 2673 3896 ἐν
2697 3841 2867 3915 ταύτῃ
2890 3843 2958 3913 τῇ
2985 3844 3099 3914 ζωῇ
3121 3838 3213 3909 ἔτη
3239 3842 3313 3911 (h)
3330 3837 3505 3895 πλείω
3536 3837 3648 3894 διέ-

2004 3951 2173 4006 μεινε.
2198 3930 2530 4003 Πιστεύομεν
2565 3927 2624 3985 δὲ
2641 3929 2728 3985 ὅτι
2760 3927 2885 3984 ούδέ
2913 3929 3080 3984 τόπον
3104 3930 3162 3984 ’ὀν
3189 3922 3384 3984 ἔλαϐεν
3492 3926 3650 3984 ἀπώ-

2000 4020 2124 4076 λεσε
2152 4018 2244 4075 καί
2277 4018 2571 4093 δισταγμὸς
2604 4018 2655 4073 ἐν
2688 4018 2867 4090 τούτῳ
2898 4018 3000 4073 οὐκ
3028 4011 3162 4078 ἔστι.
3194 4020 3305 4075 Τοῦ
3334 4019 3439 4093 γὰρ
3477 4019 3650 4093 εύχο-

2001 4110 2162 4183 μένου
2183 4109 2316 4185 ὓπερ
2336 4108 2500 4164 αὐτοῦ
2520 4112 2638 4169 ταῖς
2662 4101 3247 4183 πρεσϐείαις,ἡδυνήθη
3268 4105 3481 4181 μᾶλλον
3511 4109 3647 4181 μετὰ

1992 4200 2056 4255 τὸ
2073 4198 2366 4270 ἀναστῆναι
2386 4198 2546 4253 αὐτὸν
2565 4196 2626 4252 ἐκ
2646 4199 2847 4273 νεκρῶν
2872 4194 3093 4271 βέλτιον
3118 4202 3301 4267 ζῆσαι.
3335 4198 3523 4260 Ὀστις
3553 4197 3646 4252 καὶ

1994 4289 2102 4365 πρὸ
2135 4286 2366 4353 θανάτου
2397 4287 2712 4363 ἠγωνίσατο
2750 4289 2831 4358 τῷ
2867 4282 3268 4359 παντοδυνάμῳ
3307 4290 3425 4359 Θεῷ
3455 4287 3646 4361 εὐαρε-

200 4398 332 4455 ap.
370 4382 460 4453 4),
492 4378 746 4451 contigit
784 4376 1041 4435 audisse.
1074 4376 1184 4443 Qui
1213 4376 1416 4433 crebro
1456 4375 1527 4432 ad
1580 4392 1673 4433 me
1727 4394 1885 4435 nunc

2000 4385 2097 4448 στῆ
2108 4398 2217 4434 σαι.
2242 4375 2306 4435 Τί
2332 4373 2390 4431 δὲ
2410 4372 2597 4430 πολλά
2612 4375 2738 4450 περὶ
2760 4380 2859 4444 τῆς
2880 4378 2977 4430 τοῦ
3001 4374 3267 4449 μακαρίου
3289 4373 3484 4431 τούτου
3508 4380 3649 4449 Φορ-

204 4486 412 4545 usque
442 4467 721 4536 veniens,
741 4466 884 4524 dum
902 4465 1060 4524 facta
1075 4463 1223 4521 mihi
1238 4468 1493 4524 veterum
1515 4470 1888 4534 narrat,nova

1999 4468 2262 4523 τουνάτου
2292 4462 2573 4526 πολιτείας
2605 4462 2871 4539 λέγομενς
2896 4459 3200 4539 Μὲχριγᾶρ
3218 4463 3308 4519 καὶ
3339 4467 3435 4518 τοῦ
3455 4461 3649 4540 παρόν-

204 4544 549 4619 refectione
580 4572 676 4615 me
705 4557 906 4614 satiat.

1999 4576 2108 4627 τος,
2140 4553 2193 4611 ἐν
2211 4557 2278 4629 (j)
2299 4556 2345 4629 ᾧ
2373 4555 2435 4610 τὸ
2464 4554 2650 4627 τίμιον
2681 4552 2846 4608 αὐτοῦ
2880 4558 3039 4625 σῶμα
3067 4553 3402 4618 κατάκειται,
3433 4550 3647 4620 πλῆθος

561 4644 915 4703 ἐπιτελεῖται.
947 4647 1381 4719 Δαιμονιοῦντας
1411 4642 1517 4722 γάρ
1547 4642 1609 4699 ἐκ
1635 4649 1737 4715 τῆς
1767 4648 1875 4701 τῶν
1910 4643 2221 4721 ἀκαθάρτων
2254 4644 2578 4717 πνευμάτων
2609 4640 2858 4703 δουλείας
2887 4641 3185 4716 ἐλευθεροῖ,
3218 4640 3453 4702 ἀσθενεῖς
3485 4642 3646 4715 θερα-

212 4740 409 4810 πεύει,
444 4737 538 4791 καὶ
572 4739 703 4790 πᾶσι
732 4738 852 4798 τοῖς
879 4738 1087 4798 πιστῶς
1119 4734 1329 4791 αἰτοῦσι
1359 4735 1456 4796 τὰς
1488 4734 1655 4797 ἰάσεις
1700 4732 1952 4809 παρέχει.
2004 4734 2256 4809 Καθάπερ
2305 4734 2407 4812 γὰρ
2448 4732 2502 4789 ἐν
2552 4736 2619 4807 τῇ
2668 4731 2916 4807 παρούσῃ
2970 4734 3083 4804 ζωῇ
3140 4730 3266 4806 περὶ
3313 4730 3388 4783 ὧν
3436 4729 3643 4793 ἀόκνως

211 4833 393 4885 τοῦτο
430 4829 619 4882 ποιεῖν
650 4821 773 4889 ἔθος
805 4824 950 4900 εἶχε,
979 4825 1070 4879 καὶ
1104 4824 1242 4898 μετὰ
1269 4825 1369 4894 τῆν
1402 4821 1643 4879 ἐντεῦθεν
1678 4822 2022 4896 μετάστασιν,
2050 4828 2121 4899 τῇ
2147 4828 2246 4881 τοῦ
2276 4819 2693 4896 παντοδυνάμου
2724 4825 2860 4877 Θεοῦ
2889 4822 3100 4896 χάριτι,
3131 4817 3184 4874 ἒν
3222 4816 3302 4891 τῷ
3329 4819 3504 4893 τεμίῳ
3552 4818 3648 4875 αύ-

208 4922 315 4975 τοό
352 4918 589 4988 σώματι
617 4913 687 4969 τὰ
713 4914 854 4970 αὐτὰ
884 4912 1281 4970 ἐπιτελοῦνται.
1314 4909 1519 4976 Ἡδέως
1560 4910 1618 4969 δὲ
1647 4912 1833 4987 πάλιν,
1870 4913 2058 4990 Πέτρε,
2089 4915 2167 4988 (Ιί)
2196 4913 2320 4988 περὶ
2357 4916 2466 4968 τῶν
2501 4916 2677 4988 μερῶν
2709 4918 2808 4982 τῆς
2854 4909 3120 4986 Βαλερίας
3170 4909 3356 4984 χώρας
3404 4912 3504 4981 τήν
3549 4916 3648 4968 τοῦ

216 5008 408 5087 λόγου
445 5002 709 5081 διήγησιν
742 5002 1009 5079 ἐπανάγω,
1041 5001 1164 5079 περὶ
1196 5002 1271 5057 ὧν
1303 5003 1533 5079 μέγιστα
1556 5004 1829 5077 Θαυμάσια
1855 4998 2048 5075 συνέϐη
2087 5024 2154 5078 με
2181 5003 2407 5059 ἀκοῦσαι
2438 5001 2497 5058 ἐκ
2525 5001 2794 5076 στόματος
2826 4997 3208 5087 φορτουνάτου
3255 5004 3352 5055 τοῦ
3399 5000 3656 5077 ἀνωτέρω

390 5098 569 5169 ἡμῶν
601 5093 1094 5169 μνημονευθέντος,
1119 5092 1269 5158 ὅστις
1302 5093 1466 5169 μέχρι
1505 5097 1602 5149 τοῦ
1631 5095 1900 5170 παρόντος
1932 5094 2262 5171 συχνότερον
2292 5094 2430 5169 πρὸς
2463 5113 2529 5168 με
2558 5093 2631 5165 (ι)
2660 5084 3036 5166 παραϐάλλειν
3072 5087 3250 5146 εἴωθε·
3281 5091 3373 5146 καὶ
3404 5091 3499 5154 τὰς
3545 5095 3655 5148 τῶν

218 5186 493 5265 ἑρκείων
524 5182 739 5259 ἀνδρῶν
769 5182 964 5259 ἀρετάς
997 5203 1093 5257 μοι
1124 5179 1508 5257 διηγούμενος,
1540 5186 1729 5258 νεαρᾶς
1758 5182 2093 5262 εὐφροσύνης
2120 5204 2187 5258 με
2216 5181 2448 5258 πληροῖ.

299 5298 387 5375 (e)
424 5294 736 5375 German,
754 5292 989 5365 Longip.
1013 5298 1067 5375 et
1097 5291 1390 5375 secundus
1410 5291 1655 5375 Tbeod.,
1677 5292 1792 5375 ipso
1812 5309 1894 5351 sa-

2079 5294 2148 5375 m.
2177 5293 2314 5375 13.98-
2353 5292 2521 5375 μιξεεᾷ
2551 5286 2610 5375 δὲ
2638 5291 2705 5375 τῆ
2739 5291 2890 5375 vavi
2921 5288 3011 5344 τὸν
3046 5289 3231 5375 etriv-

217 5362 564 5428 aatissimo
595 5380 817 5436 vespere
837 5362 1161 5436 ascendente
1179 5364 1302 5435 jam
1334 5362 1569 5419 Sabbato
1599 5364 1807 5436 pasch._
2080 5362 2157 5436 (ῃ)
2188 5362 2288 5420 His
2319 5362 2511 5436 verbis
2545 5362 2873 5436 absolvitur
2892 5367 3068 5434 caput
3100 5362 3208 5419 hoc
3238 5362 3299 5419 in
3330 5362 3494 5421 Colb.

302 5431 723 5527 (ωβεηειροὶ
740 5441 799 5527 et
828 5436 1092 5508 plerique
1119 5431 1346 5504 Norm.,
1379 5431 1636 5507 quamvis
1683 5434 1894 5491 modica

2187 5437 2353 5527 'H‘eg”
2386 5433 2473 5525 ἐπὶ
2498 5431 2784 5527 fixath

424 5510 779 5581 incitatas.
829 5502 847 5508 '
915 5578 926 5581 Α
976 5502 1061 5581 ᾖ,
1334 5502 1339 5504 ’
1387 5502 1402 5507 ’

2081 5502 2148 5581 (ἢ
2185 5502 2364 5575 Ιάθῖη,
2398 5502 2669 5581 ἀπῴλεσε.
2702 5505 2870 5581 (810.)
2980 5576 2993 5581 Δ
3236 5573 3255 5581 Δ
3341 5563 3354 5575 ο

306 5586 389 5653 (ε)
427 5585 685 5653 Uterque
714 5580 845 5653 μου
874 5578 940 5634 τὸ
969 5574 1209 5653 βλίπειν.

2180 5573 2360 5653 hiemi
2392 5578 2444 5630 έν
2551 5573 2726 5653 τρπῳξ
2762 5578 2832 5653 Et
2854 5573 3033 5653 paulo
3061 5582 3193 5653 post
3233 5573 3662 5649 δαιμονιῶντας.

439 5648 611 5720 Msa.)
642 5650 737 5724 καὶ
761 5648 1008 5709 τοιαῦτα.
1037 5719 1054 5724 Α
1425 5720 1439 5724 _
1557 5720 1581 5724 ﬂ

2080 5648 2355 5724 (k)_Reg.,
2386 5651 2508 5723 περί
2543 5651 2650 5724 τῶν
2681 5648 2884 5724 μερῶν]
2917 5648 3085 5724 (Sic.)

314 5719 393 5800 (αἱ
425 5725 593 5798 ηις..
623 5723 715 5781 καὶ
751 5726 846 5784 τοῦ
874 5725 1001 5782 θεοῦ
1031 5719 1316 5801 δεομενος,
1342 5720 1452 5797 πρὸ
1488 5720 1607 5780 τοῦ.
2085 5719 2151 5795 (ι)’
2176 5719 2347 5795 Βοςά
2372 5719 2782 5800 παραγίνεσθαι.
