4210 6160
429 328 545 393 211

535 551 671 624 ,Περῖ
702 550 1015 626 Μαρτυρίου
1051 553 1302 624 μοναχοῦ
1334 547 1519 624 χώρας
1550 553 1652 616 τῆς
1684 545 1973 620 Βαλερίας.

508 643 584 715 (α)
617 640 788 702 Οὗτος
818 638 999 694 τοίνυν
1035 638 1299 711 διηγεῖτο,
1333 638 1418 691 ὅτι
1449 635 1500 691 ἐν
1538 635 1672 710 αὐτῇ
1696 643 1795 706 τῆς
1823 634 2086 711 Βαλερίας

439 731 622 808 χώρᾳ,
652 729 788 803 ἀνήρ
809 749 889 789 τις
913 727 1159 805 ὑπῆρχεν
1184 725 1411 799 ὀνόματί
1433 728 1739 801 Μαρτύριος
1760 727 1898 781 πάνυ
1922 746 2086 780 σπου-

443 819 609 882 δαίως
640 823 718 891 τῷ
751 815 1151 891 παντοδυνάμῳ
1183 822 1297 889 Θεῷ
1331 814 1626 887 δουλεύων,
1660 817 1807 880 ὅστις
1847 814 1936 872 διὰ
1980 821 2089 872 τῶν

439 912 620 984 ἒργων
649 909 748 978 τήν
773 906 1050 963 πολιτείαν
1071 907 1300 982 φανερὰν
1325 904 1713 976 ἀπέδειξεν.Ἑν
1742 912 1837 979 μιᾷ
1857 907 1957 983 γὰρ
1977 911 2086 961 τῶν

444 1001 690 1074 ἡμερῶν,
716 999 790 1072 (b)
815 998 866 1052 οἱ
890 997 975 1053 ὑπ’
995 995 1151 1052 αὐτὸν
1187 993 1437 1074 ἀδελφοὶ,
1466 993 1795 1052 ὑποσπόδιον
1822 994 1980 1070 ἂρτον
2004 1017 2095 1051 πε-

444 1091 731 1160 ποιήκασι,
761 1088 971 1144 καὶτὸν
1002 1092 1103 1143 τοῦ
1142 1085 1330 1161 τιμίου
1371 1091 1602 1163 σταυροῦ
1638 1089 1806 1143 τύπον
1845 1086 1896 1142 ἐν
1943 1089 2092 1160 αύτῴ

445 1181 672 1248 ποιῆσαι
738 1176 1127 1254 ἐληθάργισαν,
1168 1178 1349 1242 καθὼς
1400 1175 1453 1231 ἐν
1488 1183 1556 1252 τῇ
1597 1177 1733 1252 αὐτῇ
1771 1178 1928 1254 χώρᾳ
1976 1175 2095 1242 ἔΟος

451 1269 688 1344 ὑπάρχει
736 1269 861 1330 τοὺς
903 1267 1096 1342 ἄρτους
1139 1268 1471 1342 σφραγίζειν·
1514 1265 1654 1323 ὥστε
1690 1264 1778 1322 διὰ
1823 1266 2090 1340 τετάρτων

453 1353 686 1432 μερίδων
719 1357 810 1411 τὸν
839 1355 998 1430 ἄρτον
1019 1354 1447 1432 ἐσφραγισμένον
1469 1358 1806 1430 Θεωρεῖσοαι.
1836 1358 1895 1414 Ὀ
1919 1353 1976 1412 δὲ
1997 1357 2094 1412 αὐ-

446 1447 539 1509 τὸς
560 1452 657 1502 τοῦ
684 1450 816 1502 Θεοῦ
831 1443 1027 1507 δοῦλος
1048 1446 1357 1520 Μαρτύριος
1375 1449 1444 1520 (c)
1469 1445 1710 1517 ἐπιστὰς,
1736 1447 1942 1502 τούτων
1962 1447 2097 1520 πρὸς

452 1537 676 1600 ἑαυτοὺς
697 1533 1330 1610 ἆφηγουμένων,ἐπέγνω
1356 1537 1432 1608 μή
1450 1536 1586 1590 εἶναι
1603 1537 1694 1592 τὸν
1722 1537 1880 1611 ἄρτον
1902 1535 2096 1614 ἐσφρα-

451 1627 730 1702 γισμένον.
757 1624 898 1696 Ἤδη
922 1623 978 1680 δὲ
999 1625 1192 1681 λοιπὸν
1205 1625 1257 1681 ἐν
1270 1630 1338 1699 τῇ
1353 1626 1612 1701 ἀνθρακία
1627 1627 1726 1682 ὑπὸ
1743 1629 1817 1701 (rt)
1833 1631 1984 1686 203
2000 1633 2098 1696 τῆς

456 1716 690 1785 στάκτης
723 1716 750 1768 ὁ
781 1715 945 1776 αὐτὸς
979 1713 1140 1790 ἄρτος
1172 1713 1525 1772 ἐκαλύπτετο’
1558 1719 1694 1791 πρὸς
1718 1717 1808 1779 οὕς
1832 1717 1971 1775 εἷπε.
2004 1716 2102 1771 Ad

453 1803 508 1860 τί
532 1805 714 1873 αὐτὸν,
736 1801 988 1880 ἀδελφοὶ,
1015 1804 1114 1860 οὐκ
1135 1803 1520 1881 ἐσφραγίσατε;
1544 1812 1704 1862 τοῦτο
1729 1804 1785 1862 δὲ
1804 1805 2103 1876 εἰπὼν,τήν

459 1899 620 1970 χεῖρα
641 1893 804 1949 αὐτοῦ
822 1892 1063 1965 πλησίον
1077 1899 1173 1950 τοῦ
1195 1895 1366 1971 πυρὸς
1389 1899 1458 1969 (ρ)
1480 1897 1876 1972 προσενεγκὼν,
1898 1894 2101 1952 καὶτὸν

454 1985 622 2039 τύπον
647 1989 744 2040 τοῦ
767 1986 996 2060 σταυροῦ
1018 1987 1630 2065 ποιήσας,παραχρῆμα
1654 1992 1904 2042 τοιοῦτον
1929 1987 2101 2066 ψόφον

459 2075 488 2128 ὁ
511 2075 671 2148 ἄρτος
698 2073 750 2129 ἐν
777 2079 855 2147 τῷ
881 2074 1006 2150 πυρὶ
1028 2075 1348 2146 πεποίηκεν,
1380 2074 1519 2131 ὥστε
1550 2076 1790 2149 νομίζειν
1823 2079 1905 2132 ὅτι
1928 2077 2106 2152 ’χύτρα

1644 324 1917 386 SANCTI
1963 323 2330 388 GREGORII
2378 324 2622 388 MAGNI

1062 460 1328 519 ΚΕΦΑΛ.
1372 461 1462 517 ῙΑ.
2109 461 2165 530 Α

3720 326 3838 389 212

2838 456 3069 514 CAPUT
3102 458 3196 515 XI.

2375 550 2444 604 De
2475 550 2741 620 Martyrio
2770 547 3034 604 monacho
3061 549 3360 620 provincias
3395 551 3651 609 Valeriae.

2268 638 2512 702 Quidam
2529 654 2784 708 namque
2799 638 2851 692 in
2870 639 3069 694 eadem
3087 639 3398 709 provincia,
3419 641 3494 711 (ἡ)
3527 641 3845 715 Martyrius

2198 727 2435 784 nomine
2467 727 2809 798 (MartyroL,
2831 728 2902 781 23
2929 728 3360 800 Jan.),devotus
3384 730 3549 785 valde
3579 733 3845 804 omnipo-

2197 819 2376 874 tentis
2411 817 2508 872 Dei
2542 816 2801 872 l'amulus
2832 817 3072 886 exstitit,
3098 819 3199 889 qui
3231 818 3339 874 boc
3357 820 3427 875 de
3459 820 3692 877 virtutis
3725 839 3848 879 suae

2199 907 2536 965 testimonio
2552 907 2787 978 signum
2804 907 2979 962 dedit.
3000 907 3148 962 Dum
3165 909 3418 979 quadam
3452 909 3544 966 die
3565 911 3772 968 fratres
3787 913 3854 967 il-

2202 999 2313 1055 lius
2346 1013 2556 1069 panem
2583 996 3038 1052 subcinericium
3065 996 3359 1067 fecissent,
3382 999 3549 1070 eique
3577 999 3741 1056 obliti
3757 1017 3855 1058 es-

2203 1095 2326 1144 sent
2344 1085 2779 1158 crucissignum
2797 1085 3156 1156 imprimere,
3179 1088 3402 1144 sicutin
3423 1087 3532 1144 hac
3553 1090 3851 1161 provincia

2203 1177 2368 1233 crudi
2385 1192 2561 1248 panes
2583 1175 2828 1247 (i)signo
2851 1175 3295 1247 signarisolent,
3317 1178 3381 1248 (ί)
3399 1182 3576 1249 utper
3599 1181 3854 1250 quadrae

2206 1269 2452 1338 quatuor
2474 1265 2671 1337 partiti
2702 1263 3203 1336 videantur,idem
3235 1265 3338 1320 Dei
3368 1267 3619 1324 famulus
3643 1270 3852 1340 adl’uit,

2207 1356 2402 1426 eisque
2433 1353 2822 1410 referentibus
2869 1354 3164 1424 signatum
3200 1371 3314 1410 non
3352 1355 3535 1412 fuisse
3567 1359 3858 1429 cognovit.

2208 1447 2467 1516 Cumque
2492 1445 2613 1514 jam
2648 1443 2817 1515 panis
2848 1442 2945 1499 ille
2964 1444 3167 1512 prunis
3198 1445 3353 1500 204
3383 1449 3536 1500 esset
3558 1451 3616 1502 et
3646 1447 3863 1503 cineri-

2209 1535 2318 1591 bus
2349 1537 2677 1606 coopertss,
2693 1532 2863 1589 dixit:
2886 1533 3072 1596 Quare
3087 1533 3245 1590 hunc
3263 1535 3504 1590 minime
3536 1535 3860 1608 signastis?

2209 1625 2316 1690 Qui
2349 1624 2457 1680 hoc
2489 1623 3174 1693 dicens,signumcrucis
3207 1625 3390 1695 digito
3420 1630 3864 1698 contraprunas

2213 1715 2362 1771 fecit.
2403 1717 2524 1780 Quo
2559 1713 2829 1785 signante
2871 1713 3138 1784 protinus
3185 1714 3539 1770 immensum
3572 1716 3864 1786 crepitum

2214 1806 2383 1879 panis
2413 1805 2588 1871 dedit,
2625 1821 2692 1860 ac
2722 1805 2770 1860 si
2795 1805 3002 1875 ingens
3034 1804 3091 1859 in
3112 1804 3346 1876 ignibus
3379 1799 3493 1861 olla
3515 1805 3864 1878 crepuisset.

2216 1897 2322 1964 Qui
2354 1896 2494 1950 dum
2529 1898 2725 1951 coctus
2751 1895 3120 1964 postmodum
3146 1894 3349 1951 fuisset
3367 1895 3440 1951 ab
3466 1895 3600 1967 igne
3630 1898 3866 1952 subtra-

2217 1995 2366 2053 ctus,
2397 2000 2466 2041 ea
2485 2001 2657 2042 cruce
2679 1985 2940 2056 signatus
2962 1983 3235 2040 inventus
3253 1989 3361 2057 est,
3391 2001 3562 2056 quam
3585 2001 3702 2042 non
3723 2003 3870 2043 con-

2220 2079 2425 2143 tactus,
2461 2074 2557 2129 sed
2591 2073 2734 2128 ﬁdes
2767 2073 2920 2128 fecit.

460 2160 670 2238 μεδσὶλη
705 2158 1018 2238 συνετρίϐη.
1051 2166 1197 2220 Μετὰ
1230 2161 1375 2220 δὲτὸ
1410 2165 1716 2236 ὀπτηθῆναι
1746 2167 1836 2222 τὸν
1868 2163 2052 2241 ἂρτον,
2083 2167 2172 2221 καὶ
2213 2163 2272 2218 ἐκ
2311 2167 2406 2218 τού
2457 2160 2625 2236 πυρὸς
2665 2158 2917 2232 ἐξελθεῖν,
2969 2161 3392 2240 ἐσφραγισμένος
3434 2168 3513 2237 τῷ
3558 2165 3710 2238 τύπῳ
3758 2169 3865 2221 τοῦ

458 2274 588 2311 σταυ
621 2255 717 2330 ροῦ
750 2253 969 2327 εὑρέθη,
1001 2255 1155 2327 ᾧτινι
1185 2256 1308 2331 χείρ
1341 2255 1449 2330 οὐχ
1478 2252 1679 2330 ἥψατο,
1706 2254 1835 2312 ἀλλ’
1865 2258 1900 2327 ἡ
1933 2258 2114 2320 πίστις
2141 2258 2302 2312 τοῦτο
2333 2250 2648 2323 πεποίηκεν.

1083 2348 1349 2404 ΚΕΦΔΛ.
1385 2350 1488 2407 ΙΗ.

592 2437 722 2511 Περῖ
753 2437 994 2509 Σευήρου
1025 2430 1392 2511 πρεσϐυτέρου
1430 2439 1529 2502 τῆς
1561 2435 1729 2508 αὐτῆς
1762 2437 1970 2514 χώρας.

536 2525 622 2580 Ἐν
642 2529 759 2587 τοῖς
780 2525 964 2587 αὐτοῖς
990 2531 1088 2594 τῆς
1110 2524 1424 2602 Τουδὲρεως
1447 2527 1664 2591 πόλεως
1690 2529 1897 2603 μὲρεσι,
1916 2529 2111 2603 μεταξὺ

469 2610 564 2669 δύο
588 2611 756 2688 ὀρέων
792 2612 844 2668 ἐν
872 2611 1088 2668 κοιλάθι
1118 2613 1247 2681 τινὶ,
1279 2613 1594 2690 ἐπιχωρίως
1613 2616 2111 2692 Ἰντεροκρίναόνο-

473 2703 780 2778 μαζομένῃ,
814 2701 1078 2774 ἐκκλησία
1096 2711 1198 2774 τῆς
1218 2701 1505 2775 δεσποίνης
1527 2709 1688 2779 ἡμῶν
1706 2713 1805 2776 τῆς
1827 2708 1980 2782 ἁγίας
1993 2713 2117 2762 Θεο-

467 2793 632 2846 τόκου
663 2791 753 2847 καὶ
783 2792 864 2848 ἀεὶ
897 2793 1164 2868 παρθένου
1196 2793 1404 2868 Μαρίας
1439 2795 1692 2872 ὑπάρχει.
1735 2797 1898 2871 Ἀνὴρ
1941 2794 1996 2852 δὲ
2033 2819 2118 2862 τις

470 2887 711 2954 Σευῆρος
735 2881 1179 2957 ὁνόματι([)πόίνυ
1202 2883 1505 2957 θαυμασίας
1527 2882 1775 2961 διαγωγῆ
1789 2884 1874 2949 ςέν
1890 2892 1960 2962 τῇ
1979 2887 2116 2961 αὐτῇ

469 2969 732 3043 ἐκκλησίᾳ
773 2971 948 3046 ἱερεὺς
991 2973 1262 3050 ὑπῆρχεν,
1305 2972 1697 3047 οἰκοδεσπότης
1740 2973 1800 3032 δέ
1834 2998 1918 3042 τις
1953 2975 2006 3032 ἐν
2047 2980 2136 3052 τῇ

469 3059 679 3140 ἐσχάτῃ
694 3062 876 3139 ἡμέρᾳ
887 3068 984 3118 τού
1000 3063 1225 3119 Θανάτου
1239 3064 1402 3119 αύτοῦ
1417 3064 1608 3136 ἐλθὼν,
1639 3067 1692 3121 ἐν
1709 3067 1962 3140 συντόμῳ
1980 3068 2118 3142 πρὸς

2844 2344 3074 2402 CAPUT
3110 2344 3232 2401 XII.

2415 2437 2491 2492 De
2517 2435 2713 2492 Severo
2737 2435 3053 2507 presbytero
3079 2435 3318 2507 ejusdem
3345 2435 3670 2508 provinciae.

2296 2528 2356 2583 In
2389 2542 2456 2583 eo
2487 2525 2664 2581 etiam
2698 2524 2822 2581 loco
2855 2525 3180 2582 Interorina
3209 2525 3376 2582 vallis
3423 2526 3654 2595 dicitur,
3685 2542 3810 2600 qua
3842 2543 3877 2584 a

2224 2617 2428 2674 multis
2461 2617 2632 2672 verbo
2667 2615 2880 2672 rustico
2915 2616 3274 2673 Interocrina
3304 2617 3731 2685 nominatur,in
3763 2634 3886 2688 qua

2225 2711 2350 2762 erat
2380 2706 2623 2778 quidam
2649 2706 2732 2760 vir
2762 2706 2888 2760 vitae
2909 2705 3072 2762 valde
3104 2706 3494 2775 admirabilis,
3521 2707 3760 2763 nomine
3785 2707 3898 2763 Se-

2223 2794 2690 2862 verus,Ecclesiaa
2724 2795 2904 2850 beatis
2937 2795 3127 2850 Mariae
3165 2797 3260 2852 Dei
3291 2797 3592 2867 genitricis
3640 2813 3874 2868 semper

2226 2883 2468 2954 virginis
2499 2884 2574 2954 (k)
2599 2885 2874 2940 sacerdos
2895 2886 3234 2957 (Martyrol.,
3261 2887 3328 2940 15
3358 2888 3527 2959 Feb.).
3554 2887 3718 2944 Hunc
3739 2903 3882 2944 cum

2229 2975 2473 3046 quidam
2506 2974 2928 3046 paterfamilias
2957 2975 3028 3030 ad
3059 2986 3376 3031 extremum
3406 2977 3660 3032 venisset
3696 2977 3882 3045 diem,

2231 3065 2432 3120 missis
2455 3063 2679 3120 concite
2709 3064 2955 3129 nuntiis,
2982 3065 3208 3136 rogavit
3240 3069 3306 3120 ut
3335 3066 3404 3120 ad
3431 3082 3494 3122 se
3527 3065 3890 3136 quantocius

467 3151 562 3208 τὸν
595 3151 754 3208 αὐτὸν
795 3148 1156 3229 πρεσϐύτερον
1189 3153 1517 3218 ἀποστείλας
1540 3153 1826 3227 ἐδυσώπει,
1853 3155 1946 3211 ’ίνα
1981 3157 2111 3229 μετὰ

2226 3153 2462 3223 veniret,
2484 3154 2727 3225 suisque
2753 3153 3134 3210 orationabus
3153 3171 3254 3226 pro
3280 3155 3530 3226 peccatis
3551 3156 3679 3227 eius
3699 3155 3886 3211 inter-

473 3239 719 3312 σπουδῆς
744 3243 881 3316 πρὸς
897 3243 1060 3298 αὐτὸν
1081 3244 1471 3320 παραγένηται,
1493 3246 1582 3301 καὶ
1603 3246 1733 3321 ὑπὲρ
1755 3250 1920 3302 αὐτοῦ
1949 3267 2116 3322 πρεσ-

471 3326 620 3387 ϐείαν
648 3334 881 3408 ποιήσῃ,
905 3332 1053 3395 ὅπως
1078 3331 1621 3409 δι’ἐξομολογήσεως
1645 3337 1734 3390 καὶ
1763 3335 2122 3409 μετανοίαςτᾶ

474 3424 831 3497 πεπραγμένα
860 3424 1010 3496 αὑτῷ
1040 3425 1410 3497 ἁμαρτήματα
1464 3422 1622 3480 λύσιν
1655 3421 1887 3494 λάϐωσι,
1919 3426 2045 3501 πρὶν

479 3511 570 3569 καὶ
591 3515 688 3567 τοῦ
713 3513 965 3586 σώματος
985 3511 1180 3568 τούτου
1211 3511 1425 3585 ἐξὲλθη.
1453 3509 1660 3583 Συνέϐη
1687 3512 1743 3569 δὲ
1764 3517 1902 3570 κατὰ
1923 3536 2124 3590 συγκυ-

483 3599 602 3675 ρίαν
621 3599 712 3655 τὸν
737 3599 894 3655 αὐτὸν
916 3603 994 3672 (g)
1015 3596 1400 3676 πρεσϐύτερον,
1425 3600 1499 3665 εἷς
1520 3603 1580 3657 τὸ
1599 3604 1700 3672 τήν
1719 3601 1963 3676 ἄμπελον
1987 3606 2123 3659 κλα-

482 3685 687 3758 δεῦσαι,
721 3688 855 3745 εἶναι
885 3687 1222 3764 ἐπάσχοΛον,
1254 3690 1479 3753 καὶτοῖς
1505 3693 1640 3766 πρὸς
1661 3693 1825 3748 αὑτὸν
1850 3691 2122 3765 ἐλθοῦσιν,

476 3779 647 3835 εἶπεν·
681 3779 863 3852 Ὑμεῖς
894 3773 1223 3853 προλάϐετε,
1256 3779 1347 3834 καὶ
1380 3778 1497 3836 ἰδοὺ
1527 3781 1682 3857 κάγὼ
1720 3779 2124 3856 καταλαμϐάνω

477 3869 618 3943 ὑμᾶς
650 3871 942 3944 Θεωρήσας
975 3866 1052 3939 δὲ,
1094 3867 1176 3933 ὅτι
1223 3867 1411 3944 ὀλίγον
1451 3871 1518 3939 ἧν
1561 3869 1912 3945 ἐναπομείνας
1954 3871 2006 3927 ἐν
2047 3878 2126 3945 τῷ

477 3955 620 4035 ἔργῳ
638 3959 826 4027 αὐτοῦ,
853 3955 1056 4013 συνεῖδε
1081 3960 1275 4033 μικρὸν
1300 3969 1792 4035 προσκαρτερῆσαι,
1817 3961 1966 4023 ὅπως
1987 3961 2130 4034 πλη-

477 4047 792 4122 ρώσῃαύτό.
816 4049 991 4103 Τοῦτο
1015 4044 1072 4102 δὲ
1100 4047 1424 4117 τελειώσας,
1455 4048 1658 4124 ἤρξατο
1681 4052 1818 4126 πρὸς
1848 4052 1940 4108 τὸν
1972 4053 2126 4108 ἀσθε-

473 4140 663 4192 νοῦντα
693 4137 1041 4210 πορεύεσθαι.
1078 4138 1494 4213 Ἀπερχομὲνου
1529 4137 1585 4195 δὲ
1607 4139 1793 4208 αύτοῦ,
1817 4141 2128 4213 ὑπήντησαν

482 4225 631 4298 αὐτῷ
663 4226 717 4283 ἐν
745 4230 814 4300 τῇ
849 4223 960 4299 ὀδῷ
987 4228 1037 4281 οἱ
1068 4229 1159 4286 καὶ
1190 4230 1252 4284 τὸ
1277 4229 1403 4304 πρὶν
1427 4230 1564 4306 πρὸς
1588 4229 1744 4285 αὐτὸν
1766 4228 2129 4304 ἐλθόντες,λέο

480 4317 790 4393 γοντεςσΔιᾰ
809 4315 884 4392 τί,
920 4317 1110 4394 πάτερ,
1137 4314 1433 4393 ἐϐράδυνας
1458 4339 1472 4390 ;
1501 4321 1697 4393 μηκέτι
1722 4319 1814 4375 οὗν
1846 4324 2125 4396 κοπωθῇς,

553 4425 626 4504 (ᾳ)
669 4427 849 4504 Idem,
900 4426 1145 4490 οὕτως...
1185 4423 1430 4502 διηγεῖτό
1485 4449 1577 4502 μοι
1624 4429 1728 4485 ὅτι.
1771 4431 1856 4488 Ita
1895 4447 2127 4504 quoquc

479 4497 661 4568 Colb.,
694 4499 914 4570 omisso,
941 4518 1055 4570 μοι.

578 4571 625 4642 b)
648 4566 838 4645 Colb.,
873 4566 1120 4645 οἷἀύτοῦ
1151 4566 1401 4645 ἀδελφοί.

574 4640 620 4712 ε)
652 4640 836 4768 Ct;le
870 4640 1089 4704 ἐπιστὰς
1110 4642 1199 4697 καὶ
1220 4640 1379 4698 τούτο
1403 4646 1538 4720 πρὸς
1562 4643 1783 4708 ἑαυτοὺς
1810 4645 2125 4726 ἀφηγουμὲσ

582 4734 605 4768 ς
635 4735 694 4768 νο
724 4735 855 4768 ,σαε.

479 4733 605 4775 νους
635 4733 855 4775 νοήσας.

551 4737 605 4775 υς
635 4737 855 4784 νοησας.

551 4787 627 4860 (d)
657 4788 816 4860 Beg.,
847 4792 947 4855 τῆς
978 4783 1202 4860 σποδοῦ.
1236 4789 1398 4845 Colb.
1431 4790 1531 4859 τῆς
1559 4791 1780 4860 τάκτης.

554 4858 843 4950 ge)£olb.,
874 4858 1046 4932 πυρὸς
1075 4860 1437 4950 προσεγγίσας
1476 4858 1567 4916 τὸν
1617 4858 1785 4917 τύπον
1816 4865 1914 4917 τοῦ
1965 4882 2124 4917 σταυ-

484 4932 616 5005 pou:
638 4930 799 5002 Reg,
831 4930 1192 5005 προσενεγκὰς
1219 4930 1310 5005 τὸν
1343 4931 1534 5005 τύπον,

554 5000 624 5072 (Γ)
663 5000 802 5077 Reg.
836 5000 972 5077 ποίνυ
1015 5000 1322 5077 θαυμαστὸς
1349 5006 1417 5077 τῇ
1451 5003 1723 5076 πολιτείᾳ.
1758 5007 1944 5075 Colb.,
1984 5006 2124 5060 πάνυ

488 5071 796 5143 θαυμαστὸς
823 5074 912 5127 καὶ
944 5071 1268 5143 θαυμασίας.

491 5209 518 5266 ὃ
551 5141 634 5228 id)
666 5144 830 5237 Regz,
861 5141 1220 5238 πρεσϐύτερον
1249 5147 1376 5203 εἶναι
1411 5147 1485 5212 εἷς
1507 5148 1568 5202 τὸ
1598 5149 1697 5218 τήν
1715 5149 1959 5222 ἄμπελον
1991 5147 2126 5204 κλα-

525 5234 693 5266 ευσαι.
725 5237 812 5266 και
843 5237 979 5266 τοις-

525 5234 694 5280 ευσαι,
725 5234 812 5271 και
843 5234 980 5280 τοις.

1053 5292 1328 5362 Martyrio
1351 5294 1452 5364 qui
1479 5293 1749 5350 laudatur
1777 5293 1835 5348 in
1867 5293 2028 5348 hom.
2061 5295 2128 5348 39

485 5358 796 5435 inEvang.
829 5363 934 5419 Hic
964 5365 1120 5421 enim
1161 5358 1420 5432 Vhleriée,
1463 5365 1559 5421 ille
1597 5365 1890 5435 Lycaonia:
1927 5382 2128 5420 mona-

486 5430 637 5507 chus
696 5430 821 5507 fu'it.
870 5436 934 5491 In
967 5436 1090 5507 illis
1135 5430 1570 5507 distinguendis
1606 5430 1997 5493 ballucinatus
2045 5443 2131 5490 cst

486 5501 904 5576 Guitmundus,
939 5506 1038 5561 lib.
1076 5523 1115 5561 ιι
1148 5509 1220 5562 de
1258 5501 1638 5566 Eucharistia.
1675 5509 1884 5566 Prioris
1914 5524 2128 5564 nomen

488 5577 898 5648 Martyrologio
930 5578 1210 5633 inseritur
1240 5580 1332 5634 die
1360 5582 1430 5634 23
1461 5581 1594 5640 Jan.

561 5646 931 5724 (t)_lta_Beg.,
965 5649 1260 5724 German.,
1290 5652 1405 5708 duo
1438 5651 1535 5708 alii
1557 5655 1883 5724 Sangerm.,
1910 5655 2127 5717 Norm.,

489 5720 606 5791 etc.
636 5719 700 5791 in
731 5720 938 5788 Editis,
969 5723 1128 5791 signo
1155 5724 1379 5791 signari
1417 5727 1604 5781 solent.

564 5789 1646 5870 (Ϊ)Ηίηῦδυίάω›¹ἶοδριτήςἄρτος,ριιιιῑε
1660 5797 1981 5868 quadratus
1997 5811 2136 5868 qua-

2155 4552 2202 4617 D

2227 3245 2472 3312 cederet,
2511 3248 2595 3314 ut,
2627 3249 2755 3300 acta
2785 3244 2854 3300 de
2882 3244 3055 3301 malis
3091 3245 3217 3300 suis
3250 3245 3610 3316 pcenitentia,
3643 3245 3883 3302 solutus

2227 3334 2402 3406 culpa
2430 3351 2498 3390 ex
2527 3350 2768 3406 corpore
2795 3335 2992 3390 exiret.
3026 3334 3135 3400 Qui
3160 3335 3431 3391 videlicet
3447 3336 3718 3392 sacerdos
3746 3335 3897 3392 ino-

2229 3424 2428 3495 pinate
2443 3424 2769 3494 contigitut
2798 3425 2871 3479 ad
2902 3425 3224 3495 putandam
3257 3424 3485 3481 vineam
3525 3430 3678 3482 esset
3707 3441 3894 3482 occu-

2229 3516 2594 3583 patus,atque
2626 3511 2699 3568 ad
2729 3529 2793 3568 se
2823 3512 3194 3568 venientibus
3223 3513 3440 3569 diceret
3473 3530 3486 3569 :
3519 3515 3892 3584 Antecedite,

2229 3616 2359 3659 ecce
2392 3617 2498 3674 ego
2529 3618 2630 3657 vos
2652 3600 2996 3673 subsequor.
3022 3603 3286 3674 Cumque
3318 3603 3533 3659 videret
3564 3603 3674 3660 sibi
3705 3604 3760 3659 in
3789 3619 3898 3661 eo-

2230 3691 2362 3746 dem
2396 3706 2566 3760 opere
2588 3707 2794 3761 parum
2814 3690 3035 3763 aliquid
3057 3707 3390 3762 superesse,
3415 3691 3715 3759 paululum
3748 3707 3896 3749 mo-

2232 3796 2356 3836 ram
2387 3779 2613 3846 iecit,ut
2631 3781 2946 3851 opusquod
2969 3780 3280 3837 minimum
3313 3782 3574 3838 restabat
3603 3781 3896 3854 expleret,

2230 3886 2348 3941 quo
2380 3869 2631 3941 expleto,
2663 3869 2836 3942 cmpit
2867 3870 2940 3925 ad
2979 3888 3202 3943 aegrum
3232 3888 3492 3944 pergere.
3538 3873 3713 3928 Eunti
3745 3889 3895 3930 vero

2235 3958 2296 4014 in
2328 3959 2536 4015 itinere
2558 3966 2926 4016 occurrentes
2944 3961 3003 4015 bi
3023 3962 3125 4032 qui
3155 3963 3318 4032 prius
3339 3963 3895 4031 venerant,obviam

2233 4048 2367 4104 facti
2400 4056 2557 4117 sunt,
2578 4049 2836 4105 dicentes
2863 4065 2875 4106 :
2901 4050 3089 4120 Pater,
3113 4068 3294 4124 quare
3324 4051 3562 4108 tardasti
3582 4052 3610 4106 ‘I
3639 4051 3767 4107 Noli
3793 4052 3894 4108 fa-

2235 4138 2428 4208 tigari,
2454 4139 2724 4211 quiajam
2759 4139 3067 4196 defunctus
3089 4144 3196 4197 est.
3223 4143 3346 4208 Quo
3365 4142 3586 4208 audito,
3618 4141 3715 4197 ille
3745 4157 3900 4199 con-

2233 4228 2494 4293 tremuit,
2518 4229 2866 4301 magnisque
2894 4230 3132 4286 vocibus
3162 4246 3225 4286 se
3252 4229 3680 4286 interfectorem
3714 4229 3898 4289 illius

2233 4315 2492 4374 clamare
2514 4319 2709 4391 coepit.
2742 4319 2912 4375 Flens
2933 4320 3130 4392 itaque
3152 4321 3412 4391 pervenit
3429 4321 3499 4376 ad
3531 4336 3745 4392 corpus
3777 4321 3901 4377 de-

2235 4433 2364 4481 tuor
2392 4425 2452 4481 in
2483 4435 2680 4502 partes
2703 4426 3071 4502 dividendus.
3106 4429 3334 4502 Quadra
3372 4429 3567 4502 itaque
3597 4432 3687 4485 est
3717 4428 3907 4486 frus-

2232 4502 2358 4553 tum
2392 4498 2580 4570 panis.
2620 4498 2759 4555 llinc
2788 4499 3019 4570 Juven.,
3053 4507 3228 4573 satyr.
3261 4501 3297 4555 5
3329 4517 3345 4556 :

2332 4597 2398 4647 Ut
2426 4595 2570 4647 bona
2600 4611 2811 4648 summa
2845 4602 3000 4663 putes
3030 4599 3207 4650 aliena
3241 4601 3423 4651 vivere
3453 4600 3674 4666 quadra.

2241 4690 2306 4746 Et
2337 4690 2556 4761 Horat.,
2595 4693 2635 4749 Ι.
2666 4708 2705 4761 ι,
2739 4691 2909 4764 epist.
2947 4693 3013 4747 17
3044 4710 3058 4750 :

2325 4789 2388 4838 Et
2423 4788 2554 4838 mihi
2590 4788 2808 4839 dividuo
2841 4790 3074 4841 ﬁndetur
3103 4805 3327 4843 munere
3357 4793 3582 4858 quadra.

2234 4881 2296 4936 In
2330 4879 2547 4938 Moreto
2578 4882 2754 4938 etiam
2785 4882 3009 4956 Virgilii
3036 4884 3272 4941 nomine
3300 4885 3536 4958 vulgato
3572 4900 3585 4942 :

2327 4989 2704 5060 Eormatopus
2737 4990 3033 5060 palmisque
3065 4992 3443 5060 suumdilatat
3469 4993 3522 5042 in
3555 4990 3759 5060 orbem,

2329 5052 2392 5102 Et
2420 5057 2570 5102 notat
2599 5052 2874 5116 impressis
2908 5052 3062 5118 siquo
3094 5055 3402 5106 discrimine
3432 5054 3670 5118 quadris.

2236 5148 2354 5204 Etsi
2370 5149 2912 5224 adcommodiorern
2938 5153 3106 5224 panis
3136 5152 3504 5221 divisionem,
3537 5151 3810 5224 haeciiigu
3825 5171 3918 5212 ra

2237 5220 2870 5295 crucisimprimeretur
2886 5220 3048 5294 pani;
3070 5225 3335 5281 nonnihil
3363 5220 3550 5280 tamen
3579 5220 3917 5295 religionis

2236 5291 2306 5366 in
2327 5291 2613 5366 signando
2645 5296 2836 5351 crucis
2866 5291 3197 5353 charactere
3228 5297 3559 5352 accedebat.
3593 5291 3917 5366 Sicvpanis

2239 5363 2469 5418 trifidus
2487 5363 2804 5437 aliquando
2821 5369 3196 5437 coquebatur,
3215 5375 3276 5425 ut
3294 5369 3642 5424 Trinitatem
3665 5363 3916 5427 adum-

2238 5437 2452 5512 braret.
2485 5436 2628 5512 Hinc
2651 5446 2888 5494 sanctus
2916 5436 3214 5508 Paulinus,
3249 5441 3554 5510 epist.3,ad
3583 5438 3919 5512 Alypium,

2238 5506 2298 5560 in
2332 5508 2444 5562 [ine
2470 5524 2484 5561 :
2518 5510 2722 5565 Panem
2751 5527 2921 5566 unum
2948 5506 3237 5568 sanctitati
3266 5506 3380 5569 [uae
3409 5506 3820 5580 unitatis'grat
3835 5506 3919 5572 id

2237 5580 2514 5653 misimus,
2540 5583 2596 5635 in
2622 5599 2726 5653 quo
2756 5586 2921 5639 etiam
2948 5586 3238 5640 Trinitatis
3257 5583 3512 5639 soliditas
3541 5584 3919 5653 continetur.

2312 5651 2388 5722 (k)
2401 5651 2681 5729 Sacerdos
2698 5653 2791 5710 hic
2805 5655 3130 5729 simplicem
3154 5657 3550 5729 presbyterum
3565 5652 3923 5729 signiﬁcat,

2239 5737 2375 5805 cum
2407 5739 2510 5794 pro
2529 5725 2808 5805 episcopo
2829 5727 3019 5805 accipi
3048 5725 3235 5788 soleat
3261 5725 3798 5801 in'antiquioribus
3841 5725 3925 5787 et:

2244 5795 2412 5866 hujus
2441 5796 2542 5854 aevi
2573 5795 2983 5871 scriptoribus:
