4210 6160
298 208 422 273 213

1612 206 2134 276 DIALOGORUM
2180 211 2326 274 LlB.
2372 211 2422 274 Ῑ.

3606 215 3727 278 214

292 343 508 413 functi,
544 357 731 416 seque
762 355 957 398 coram
982 339 1130 397 lecto
1154 338 1316 396 illius
1335 355 1471 397 cum
1509 340 1882 417 lacrymis(a)
1904 344 1963 401 in

2085 343 2286 408 ἐκεῖνος
2308 345 2410 425 γὰρ
2439 342 2805 418 ἐτελεύτησεν.
2829 347 3003 403 Τοῦτο
3027 342 3084 402 δὲ
3105 347 3134 402 6
3157 343 3522 424 πρεσϐύτερος
3555 347 3732 405 ἀκού-

293 442 518 494 terram
541 433 729 490 dedit.
750 432 1015 503 Cumque
1033 430 1415 487 vehementer
1442 431 1629 500 fieret,
1663 432 1722 489 in
1742 441 1961 492 terram

294 530 476 600 caput
506 524 803 592 tunderet,
834 537 1016 593 seque
1044 536 1211 577 reum
1235 520 1443 578 mortis
1472 521 1633 579 illius
1665 523 1964 596 clamaret,

295 622 537 690 repente
566 613 619 669 is
659 612 764 686 qui
811 611 1129 668 defunctus
1177 611 1369 668 fuerat
1417 611 1676 669 animam
1726 615 1965 686 recepit.

297 706 466 771 Quod
479 705 621 761 dum
637 702 803 759 multi
818 701 922 773 qui
934 700 1398 757 circumstabant
1410 700 1760 773 aspicerent,
1776 704 1967 760 admi-

298 795 543 853 rationis
552 793 795 850 vocibus
809 790 1375 863 emissis,cmperunt
1399 790 1653 862 amplius
1667 792 1829 849 ﬁlere
1848 810 1967 867 pres

299 885 539 960 gaudio.
573 883 832 955 Cumque
863 895 1001 937 eum
1052 880 1419 951 requirerent
1459 880 1564 936 ubi
1630 882 1828 952 fuerit,
1879 883 1969 941 vel

303 975 605 1049 quomodo
634 972 933 1038 rediisset,
956 969 1039 1027 ait
1069 986 1084 1025 :
1115 970 1272 1026 Tetri
1302 968 1474 1026 valde
1505 976 1671 1028 erant
1700 972 1969 1031 homines

302 1065 404 1140 qui
428 1078 524 1120 me
551 1061 867 1129 ducebant,
897 1076 967 1116 ex
998 1075 1253 1133 quorum
1285 1075 1385 1117 ore
1423 1064 1481 1117 et
1528 1061 1770 1119 naribus
1818 1064 1969 1135 ignis

295 1156 519 1223 exibat,
542 1168 721 1225 quem
751 1149 1004 1208 tolerare
1033 1165 1149 1206 non
1212 1153 1500 1222 poteram.
1550 1150 1820 1224 Cumque
1869 1170 1971 1225 per

296 1247 552 1304 obscura
580 1243 714 1298 loca
733 1257 827 1298 me
850 1242 1157 1307 ducerent,
1209 1240 1405 1297 subito
1437 1239 1692 1312 pulchras
1721 1244 1970 1301 visionis

292 1336 399 1409 (6)5
410 1333 618 1390 uvenis
629 1346 762 1389 cum
775 1330 907 1387 aliis
922 1330 1094 1387 nobis
1105 1330 1385 1387 euntibus
1407 1330 1637 1387 obviam
1655 1331 1843 1390 factus
1857 1337 1969 1401 est,

294 1425 395 1498 qui
427 1439 524 1480 me
558 1421 935 1479 trahentibus
964 1420 1113 1477 dixit
1141 1435 1157 1475 :
1186 1419 1466 1477 Reducite
1495 1419 1843 1495 illum,quia
1875 1423 1971 1480 Se-

291 1529 469 1571 verus
484 1512 795 1585 presbyter
807 1509 1055 1583 plangit,
1072 1510 1203 1580 ejus
1218 1509 1377 1565 enim
1392 1509 1665 1584 lacrymis
1676 1510 1967 1569 Dominus

299 1620 438 1662 eum
470 1601 732 1659 donavit.
755 1599 865 1665 Qui
904 1598 1131 1656 scilicet
1159 1599 1410 1656 Severus
1431 1600 1702 1672 protinus
1723 1602 1795 1658 de
1818 1609 1971 1658 terra

301 1692 578 1760 surrexit,
612 1691 784 1762 eique
806 1688 1212 1761 pmnitentiam
1236 1689 1432 1761 agenti
1462 1706 1631 1763 opem
1665 1691 1977 1748 sumiuter—

302 1782 590 1842 cessionis
621 1779 892 1853 prabuit.
925 1779 997 1834 Et
1025 1779 1170 1834 dum
1201 1794 1307 1851 per
1328 1778 1454 1835 dies
1487 1784 1711 1852 septem
1749 1782 1821 1838 de
1842 1798 1972 1855 per-

305 1871 555 1947 petratis
576 1868 764 1941 culpis
793 1866 1199 1940 paenitentiam
1239 1883 1391 1941 aeger
1420 1869 1712 1927 redivivus
1751 1876 1966 1942 ageret,

308 1970 513 2021 octava
542 1961 637 2017 die
659 1958 830 2015 laetus
855 1959 927 2015 de
959 1972 1199 2028 corpore
1215 1957 1407 2015 exivit.
1441 1957 1760 2032 Perpende,
1783 1961 1969 2031 Petre,

309 2067 537 2127 quaso,
570 2049 733 2106 hunc
754 2049 827 2104 de
849 2064 968 2120 quo
990 2046 1288 2120 loquimur
1309 2050 1606 2117 Severum,
1631 2065 1807 2121 quam
1831 2050 1972 2106 dile-

305 2146 470 2201 ctum
502 2139 795 2198 Dominus
825 2135 1095 2207 attendit,
1126 2152 1306 2210 quem
1354 2138 1693 2196 contristari
1740 2154 1847 2197 uec
1892 2142 1966 2198 ad

307 2230 616 2290 modicum
648 2226 909 2302 pertulit.

2080 455 2197 509 σας,
2217 437 2307 492 καὶ
2331 436 2633 511 σύντρομος
2655 436 2973 514 γενόμενος,
2999 436 3198 511 ἤρξατο
3222 440 3293 513 (e)
3319 437 3731 514 ὀδύρεσθαι,καὶ

2083 526 2294 604 μεγάλῃ
2312 532 2380 602 τῇ
2406 532 2557 604 φωνῇ
2581 529 2844 605 φονευτὴν
2866 528 3053 583 ἑαυτὸν
3077 527 3275 584 τούτου
3295 529 3728 589 καλεῖν.Κλαίων

2077 616 2257 672 τοίνυν
2278 612 2574 672 κατέλαϐεν
2598 617 2651 671 έν
2674 618 2719 689 ᾧ
2740 618 2803 673 τὸ
2826 622 2987 691 σῶμα
3003 621 3097 673 τοῦ
3119 618 3543 691 τελευτήσαντος
3558 618 3733 676 ἔκειτο

2079 706 2171 763 καὶ
2194 706 2382 761 ἑαυτὸν
2408 700 2712 781 ἔμπροσθεν
2732 712 2830 762 τοῦ
2847 703 3121 782 κραϐάτου
3142 708 3307 763 αὐτοῦ
3331 710 3400 783 (f)
3425 709 3501 771 εἷς
3516 717 3621 784 γῆν
3640 708 3736 788 ἔρ-

2082 795 2227 873 ριψε,
2250 794 2446 850 τούτου
2468 792 2525 851 δὲ
2551 792 2803 875 σφοδρῶς
2829 794 3250 869 κλαίοντος,καὶ
3270 800 3371 869 τὴν
3391 799 3635 873 κεφαλὴν
3659 800 3737 864 εἰς

2077 884 2181 951 τὴν
2205 889 2309 959 γῆν
2330 885 2827 958 προσαράσσοντος,
2851 886 2942 939 καὶ
2973 884 3159 941 ἑαυτὸν
3183 884 3362 941 αἶ’τιον
3381 890 3478 942 τοῦ
3501 887 3730 952 θανάτου

2079 969 2249 1026 αὐτοῦ
2270 972 2402 1026 εἶναι
2423 970 2702 1047 λέγοντος,
2727 970 2874 1052 ἄφνω
2898 973 2925 1028 6
2944 972 3289 1045 τελευτηκὼς
3310 976 3408 1046 τήν
3437 976 3623 1052 ψυχὴν
3655 979 3735 1051 (g)

2078 1056 2518 1119 ἀνέλαϐε.Τοῦτο
2538 1058 2595 1117 δὲ
2620 1063 2671 1117 οἱ
2693 1068 3054 1140 περιεστῶτες
3077 1062 3739 1144 θεασάμενοι,καῖσιρόδρα

2080 1148 2167 1207 ἐπὶ
2198 1155 2279 1223 τῷ
2312 1150 2549 1226 θαύματι
2580 1151 2962 1229 ἐκπλαγέντες,
2994 1152 3226 1230 ἤρξαντο
3269 1153 3356 1210 ἐπὶ
3397 1154 3588 1212 πλεῖον
3630 1157 3737 1212 ἀπὸ

2084 1244 2257 1317 χαρᾶς
2288 1240 2517 1309 κλαίειν,
2549 1242 2639 1296 καὶ
2660 1246 2853 1297 τοῦτον
2886 1241 3182 1318 ἐπερωτᾷν,
3202 1244 3266 1298 τὸ
3295 1248 3401 1299 ποῦ
3422 1245 3489 1315 ἦν
3507 1245 3597 1300 καὶ
3619 1251 3739 1310 πῶς

2083 1331 2407 1405 ὑπέστρεψεν
2436 1350 2450 1402 ;
2483 1330 2660 1392 Αὐτὸς
2693 1328 2750 1387 δὲ
2777 1333 3091 1409 ἀποκριθεὶς
3124 1332 3295 1389 εἶπεν
3348 1330 3572 1411 ’Ἄνδρες
3596 1336 3738 1400 τινὲς

2082 1414 2308 1494 σοϐαροῖ
2342 1416 2549 1495 σφόδρα
2578 1420 2736 1490 ἦσαν,
2760 1417 2820 1473 ο⁹ί
2848 1419 2991 1483 τινές
3015 1442 3081 1497 με
3102 1417 3433 1495 παρέλαϐον,
3462 1423 3535 1477 ὧν
3555 1422 3614 1477 ἐκ
3632 1427 3729 1479 τοῦ

2082 1510 2355 1582 στόματος
2384 1509 2472 1563 καὶ
2505 1506 2614 1563 τῶν
2645 1509 2806 1583 ῥινῶν
2837 1512 2943 1587 πῦρ
2978 1508 3261 1586 ἐξήρχετο,
3294 1509 3421 1587 ’ὀρερ
3446 1511 3732 1589 ὑποφέρειν

2083 1596 2184 1654 οὐκ
2202 1596 2606 1672 ἠδυνάμην.Ἐν
2622 1597 2733 1672 ὅσῳ
2755 1596 2810 1654 δὲ
2835 1597 2925 1654 διὰ
2946 1603 3232 1657 σκοτεινῶν
3257 1600 3442 1655 τόπων
3465 1622 3532 1676 με
3543 1604 3734 1677 περιῆ-

2080 1688 2353 1767 γον,ἅιρνω
2372 1686 2644 1752 νεανίσκος
2663 1690 2798 1743 πάνυ
2814 1685 3064 1761 εὕοπτος,
3100 1690 3232 1763 μετὰ
3255 1689 3346 1744 καὶ
3369 1684 3566 1764 ἐτέρων
3582 1690 3632 1746 ἐν
3653 1692 3733 1765 (Ιι)

2081 1778 2380 1848 ἀπαντήσει
2418 1779 2555 1851 ἡμῖν
2587 1776 2793 1854 γέγονε,
2833 1773 2923 1833 κᾶὶ
2956 1779 3092 1857 πρὸς
3123 1779 3252 1842 τοὺς
3275 1770 3537 1855 σύροντάς
3570 1801 3637 1854 με
3657 1780 3733 1836 εἷ-

2078 1888 2198 1926 πεν’
2233 1866 2632 1945 ’Υποστρέψατε
2657 1871 2844 1941 αὐτὸν,
2889 1871 2975 1927 ὅτι
3025 1878 3273 1946 Σευῆρος
3304 1874 3332 1927 6
3365 1869 3732 1950 πρεσϐύτερος

2075 1959 2257 2017 κλαίει
2289 1963 2413 2037 περὶ
2443 1960 2630 2021 αὐτοῦ.
2664 1965 2798 2019 Τοῖς
2830 1964 2935 2040 γὰρ
2969 1962 3174 2019 ἐκείνου
3207 1962 3460 2039 δάκρυσιν
3492 1967 3520 2020 6
3542 1967 3732 2041 κύριος

2076 2051 2240 2107 αὐτὸν
2271 2048 2608 2128 ἐδωρήσατο.
2638 2054 2697 2109 Ὀ
2729 2049 2786 2107 δὲ
2825 2052 2984 2115 αὐτὸς
3016 2057 3258 2129 Σευῆρος
3290 2056 3318 2109 6
3341 2050 3731 2131 πρεσϐύτερος,

2072 2138 2135 2197 ἒκ
2160 2148 2262 2213 τῆς
2291 2149 2397 2218 γῆς
2427 2142 2460 2198 ἀ
2488 2143 2709 2213 ναστὰς,
2756 2142 2850 2198 καὶ
2892 2147 2974 2217 τῷ
3004 2148 3121 2216 Θεῷ
3152 2144 3574 2219 εὐχαριστήσας,
3602 2150 3719 2206 τοῖς

2073 2232 2199 2307 περὶ
2234 2232 2521 2307 μετανοίας
2553 2232 2744 2310 λόγοις
2772 2236 2966 2289 τοῦτον
2998 2235 3349 2305 νουθετήσας,
3378 2234 3469 2288 καὶ
3503 2230 3592 2288 διὰ
3616 2238 3720 2302 τῆς

305 2318 478 2374 αὐτοῦ
509 2317 685 2392 εὐχῆς
716 2313 957 2390 ἱλασμὸν
987 2316 1096 2370 τῶν
1128 2314 1411 2391 ἁμαρτιῶν
1442 2316 1471 2371 6
1502 2316 1730 2386 ἀσθενὴς
1758 2317 2127 2393 κομισάμενος
2155 2314 2401 2393 ἑϐδόμην
2431 2321 2642 2395 ἡμέραν
2674 2318 2727 2375 ἐν
2896 2324 3015 2395 ζωῇ
3046 2321 3213 2395 ταύτῃ
3253 2319 3594 2396 ὑποστρέψας
3630 2341 3728 2376 πε-

301 2407 529 2479 ποίηκε,
563 2405 689 2483 περὶ
719 2407 828 2460 τῶν
862 2401 1010 2477 αὑτῷ
1034 2405 1431 2481 πεπραγμένων
1468 2404 1751 2479 μετάνοιαν
1783 2405 1948 2484 ἄγων.
1989 2410 2068 2482 Τῇ
2099 2406 2157 2465 δὲ
2187 2406 2352 2487 ὀγδόῃ
2384 2412 2565 2485 ἡμέρᾳ
2595 2411 3042 2488 εὐφραινόμενος,
3075 2411 3211 2485 πρὸς
3237 2411 3424 2484 κύριον
3459 2406 3730 2483 ἐξεδήμη-

303 2520 417 2556 σεν,
452 2496 800 2567 Κατανόησον
830 2493 923 2551 οὗν
956 2492 1011 2550 ἐν
1041 2494 1174 2567 ποία
1201 2494 1473 2573 ἀγαπήσει
1505 2496 1535 2552 6
1564 2496 1752 2572 κύριος
1785 2503 2027 2573 Σευῆρον
2058 2500 2149 2556 τὸν
2181 2495 2546 2575 πρεσϐύτερον
2597 2503 2768 2576 εἶχεν,
2819 2500 2878 2555 ὅν
2924 2497 3051 2556 οὐδὲ
3098 2500 3236 2576 πρὸς
3279 2497 3424 2573 ὥραν
3474 2493 3729 2566 θλιϐῆναι

300 2586 951 2739 ἠνὲῗτέολᾶωίηιιᾶε
983 2682 1123 2735 sunt
1148 2679 1315 2737 valde
1343 2680 1489 2750 haec,
1512 2696 1637 2753 quas
1675 2696 1771 2738 me
1807 2681 1958 2739 205

299 2772 539 2831 invenio
566 2785 726 2827 nunc
758 2785 944 2842 usque
964 2768 1230 2825 latuisse.
1265 2768 1377 2826 Sed
1401 2770 1545 2843 quid
1568 2786 1697 2829 esse
1717 2769 1964 2829 dicimus

306 2862 465 2937 quod
497 2862 671 2918 modo
701 2859 845 2917 toles
872 2857 984 2915 viri
1014 2863 1311 2931 nequeunt
1339 2859 1607 2917 inveniri.

2146 2684 2348 2740 HETP.
2394 2682 2605 2745 ’Ὀντως
2642 2680 2924 2756 Θαυμαστὰ
2962 2680 3065 2736 εἶσι
3106 2676 3337 2762 σιρὸδρα,
3379 2677 3513 2755 ἅπερ
3559 2681 3726 2756 μέχρι

2071 2774 2170 2828 τοῦ
2201 2774 2355 2832 200
2385 2773 2657 2847 παρόντος
2702 2772 2804 2841 τὴν
2843 2770 2983 2845 ἐμὴν
3022 2768 3365 2827 διελάνθανεν
3405 2767 3634 2842 ε’ἰδησιν·
3673 2772 3729 2826 τί

2077 2857 2137 2915 δὲ
2180 2864 2343 2917 τοῦτο
2375 2860 2513 2917 εἶναι
2564 2859 2828 2939 λέγομεν,
2874 2860 2955 2916 ὅτι
3010 2862 3253 2916 τοιοῦτοι
3301 2855 3491 2935 ἄνδρες
3538 2856 3727 2934 ἀρτίας

2081 2950 2366 3025 εὑρεθῆναι
2399 2950 2464 3004 οὐ
2496 2946 2776 3017 δύνανται,

380 3044 644 3098 Gnscoa.
678 3040 821 3114 Ego,
852 3041 1040 3107 Petre,
1080 3038 1299 3096 multos
1346 3038 1494 3096 tales
1538 3039 1599 3096 in
1627 3039 1737 3097 hoc
1756 3038 1968 3098 saeculo

2155 3039 2351 3095 I‘PHI‘.
2388 3039 2555 3113 Ἐγὼ,
2591 3036 2778 3113 Πέτρε,
2811 3036 3060 3100 πολλοὺς
3089 3039 3375 3101 τοιούτους
3408 3035 3601 3127 ἄνδρας
3640 3037 3731 3127 καὶ

308 3145 422 3187 nec
452 3130 626 3187 modo
657 3128 857 3185 deesse
886 3127 1158 3186 existimo
1189 3142 1207 3185 :
1239 3143 1432 3201 neque
1470 3128 1628 3185 enim
1656 3128 1709 3185 si
1730 3127 1869 3185 talia
1897 3129 1971 3185 si-

312 3237 436 3296 gna
468 3236 588 3277 non
618 3218 863 3286 faciunt,
896 3218 1027 3273 ideo
1048 3216 1199 3275 tales
1214 3233 1332 3275 non
1354 3221 1514 3276 sunt.
1548 3218 1689 3276 Vitae
1713 3233 1969 3292 namque

310 3325 452 3366 vera
481 3308 795 3365 aestimatio
816 3308 875 3363 in
897 3305 1107 3364 virtute
1127 3310 1218 3364 est
1241 3323 1508 3380 operum,
1539 3323 1656 3365 non
1688 3308 1747 3364 in
1778 3313 1969 3365 osten-

313 3398 481 3456 sione
509 3395 1023 3471 signorum.-Nam
1048 3399 1188 3453 sunt
1210 3396 1497 3469 plerique,
1533 3398 1634 3469 qui
1663 3397 1773 3454 etsi
1802 3398 1971 3471 signa

308 3506 431 3548 non
458 3489 706 3560 faciunt,
738 3487 905 3559 signa
934 3493 1130 3544 tamen
1160 3486 1513 3546 facientibus
1559 3488 1823 3563 dispares
1849 3504 1968 3547 non

307 3584 469 3637 sunt.

380 3761 566 3818 Pam.
588 3758 756 3817 Unde
786 3757 954 3829 mihi,
983 3774 1147 3832 rogo,
1183 3759 1415 3817 ostendi
1437 3762 1645 3834 potest,
1678 3761 1835 3833 quod
1855 3761 1974 3819 sint

317 3850 569 3924 quidam
602 3848 704 3921 qui
733 3848 905 3923 signa
934 3865 1052 3906 non
1082 3848 1321 3917 faciunt,
1353 3853 1412 3907 et
1458 3854 1653 3907 tamen
1682 3850 1850 3923 signa
1889 3851 1972 3909 fa-

320 3940 621 3998 cientibus
643 3938 967 3997 dissimiles
988 3955 1107 3998 non
1128 3942 1270 3997 sunt
1296 3939 1325 3995 ‘I

390 4033 661 4091 Games.
710 4030 1156 4102 Numquidnam
1216 4029 1408 4087 nescis
1431 4031 1713 4103 quoniam
1763 4033 1980 4091 Paulus

2081 3129 2174 3181 νῦν
2206 3124 2261 3181 ἐν
2276 3130 2356 3199 τῷ
2384 3126 2577 3199 κόσμῳ
2608 3125 2786 3198 τούτῳ
2814 3125 2951 3180 εἶναι
2979 3125 3079 3181 οὐκ
3103 3124 3337 3197 ἀπιστῶ*
3366 3123 3490 3179 οὐδὲ
3518 3125 3623 3201 γὰρ
3641 3123 3730 3180 ἐὰν

2080 3221 2284 3290 σημεῖα
2311 3219 2537 3271 τοιαῦτα
2568 3214 2630 3270 οὐ
2656 3218 2875 3271 ποιοῦσι
2904 3218 3021 3284 νῦν,
3043 3217 3115 3287 (ἱ)
3147 3213 3209 3268 οὐ
3239 3212 3389 3287 παρὰ
3413 3213 3611 3268 τούτου
3648 3215 3727 3286 μὴ

2078 3306 2212 3362 εἶναι
2252 3304 2447 3370 αὐτοὺς
2475 3306 2758 3368 τοιούτους
2799 3303 3255 3375 ἀπιστηθήσεται.
3302 3299 3594 3364 Πολιτείας
3633 3300 3725 3357 οὖν

2076 3392 2264 3451 ἐνθέου
2296 3392 2583 3471 διάγνωσις
2614 3392 2669 3450 ἐν
2713 3396 2929 3468 τῇτῶν
2967 3389 3144 3469 ἔργων
3190 3392 3425 3466 ὑπάρχει
3479 3387 3726 3464 δυνάμει,

2075 3486 2167 3541 καὶ
2198 3483 2327 3561 οὐχὶ
2359 3482 2410 3540 ἐν
2451 3487 2522 3559 τῇ
2554 3483 2797 3557 σημείων
2837 3478 3126 3555 ἒπιδείξει;
3161 3481 3266 3538 είσί
3305 3481 3410 3557 γὰρ
3449 3479 3724 3549 πλεῖστοι,

2078 3572 2273 3638 οἵτινες
2325 3579 2528 3649 σημεῖα
2586 3574 2680 3648 μὲν
2728 3574 2798 3630 οὐ
2841 3576 3085 3644 ποιοῦσι,
3136 3575 3246 3628 τῶν
3296 3568 3353 3627 δὲ
3403 3568 3471 3627 τὰ
3522 3573 3727 3645 σημεῖα

2077 3664 2384 3721 ποιούντων
2416 3658 2670 3738 ἀνόμοιοι
2711 3664 2812 3719 οὐκ
2840 3661 2962 3720 εἰσί.

2151 3756 2359 3812 IIETP'
2403 3754 2572 3810 Πόθεν
2609 3774 2728 3828 μοι,
2777 3750 3109 3829 παρακαλῶ,
3157 3753 3323 3806 τοῦτο
3364 3746 3749 3824 ἐπιδειχθῆναι

2085 3846 2327 3919 δύναται,
2359 3846 2444 3903 ’ὁτι
2494 3844 2597 3901 εἶσί
2633 3865 2779 3907 τινες
2831 3845 2885 3899 οἱ
2928 3844 3004 3917 μὴ
3051 3844 3335 3904 ποιοῦντες
3377 3843 3601 3914 σημεῖα,
3645 3838 3738 3895 καὶ

2083 3941 2192 3994 τῶν
2220 3936 2287 3993 τὰ
2316 3940 2517 4010 σημεῖα
2547 3935 2856 3991 ποιούντων
2890 3932 3144 4006 ἀνόμοιοι
3176 3932 3280 3988 οὐκ
3304 3930 3406 3987 εἰσὶ
3439 3946 3453 3999 ;

2157 4033 2353 4087 I‘PHI‘.
2383 4025 2480 4098 Μή
2513 4027 2598 4082 τοῖ
2629 4046 2692 4103 γε
2722 4024 2784 4080 οὐ
2820 4025 3136 4103 γινώσκεις,
3159 4021 3244 4079 ὅτι
3275 4020 3491 4084 Παῦλος
3520 4021 3548 4076 ὁ
3574 4018 3755 4078 ἀπόσ-

324 4122 636 4197 apostolus
666 4120 833 4178 Petro
861 4118 1263 4193 apostolorum
1303 4119 1495 4193 primo
1544 4121 1606 4177 in
1652 4120 1968 4195 principatu

2085 4115 2251 4181 τολος
2281 4116 2519 4196 ἀδελφὸς
2553 4114 2793 4192 ὑπάρχει
2826 4112 2879 4171 ἓν
2910 4117 2980 4189 τῇ
3011 4111 3294 4188 ἀποστόλῃ
3328 4113 3535 4190 Πέτρου
3659 4113 3758 4166 τοῦ

326 4211 663 4287 apostolico
688 4211 870 4268 frater
899 4213 988 4266 est
1013 4209 1042 4266 ‘l

2089 4205 2389 4285 κορυφαίου
2416 4210 2526 4262 τῶν
2556 4202 2879 4262 ἀποστόλων
2908 4231 2924 4276 ;

400 4302 579 4360 Pera.
612 4299 745 4357 Scio
776 4298 971 4371 plane,
1003 4311 1109 4354 nec
1136 4297 1378 4357 dubium
1400 4303 1490 4356 est
1518 4299 1655 4373 quia
1682 4298 1787 4357 etsi
1817 4299 1968 4359 mini-

2160 4298 2368 4356 IIETP.
2402 4294 2692 4375 Ἀσφαλῶς
2723 4291 2868 4363 οῖδα,
2898 4295 2975 4368 (k)
3004 4295 3096 4349 καὶ
3126 4291 3431 4368 δισταγμὸς
3463 4290 3516 4346 έν
3568 4288 3749 4363 τούτῳ

322 4409 462 4450 mus
491 4390 766 4449 omnium
796 4386 1231 4461 apostolorum,
1282 4388 1416 4462 plus
1464 4392 1662 4447 tamen
1710 4390 1968 4448 omnibul

2094 4386 2195 4444 οὐκ
2222 4384 2387 4443 ἔστιν’
2417 4383 2544 4441 ἀλλ’
2576 4383 2668 4441 οὖν
2696 4406 2777 4462 γε,
2811 4384 2857 4440 εί
2885 4383 2976 4440 καὶ
3020 4384 3345 4457 μικρότερος
3386 4380 3601 4437 πάντων
3636 4383 3747 4435 τῶν

2104 4477 2118 4499 5
2180 4498 2189 4499 ,
2220 4498 2261 4499 η
2280 4473 2327 4499 ιη
2452 4474 2558 4499 ι--ς
2618 4478 2679 4499 nx
2720 4473 2782 4499 -Ἰ
2803 4472 2892 4499 -!__
2934 4471 3154 4499 _1_._--..
3196 4470 3446 4499 ,ιη-1..--

330 4480 646 4541 laboravit.

2093 4473 2418 4534 ἀποστόλων
2448 4474 2584 4546 ἐστὶ,
2614 4478 2683 4549 (Ι)
2718 4472 2898 4530 πλείω
2931 4471 3154 4530 πάντων
3195 4470 3469 4528 ἐκοπίασε.

398 4574 449 4646 (1
480 4571 609 4630 Cor.
642 4571 755 4642 15.)
786 4570 1044 4628 Gnaeos.
1070 4570 1234 4637 Quod
1256 4569 1404 4627 bene
1425 4569 1551 4644 ipse
1572 4569 1963 4629 reminisceris

2166 4568 2368 4628 ΓΡΗΓ.
2401 4566 2593 4631 Καθὼς
2627 4565 2937 4634 ἐπίστασαι,
2959 4562 3166 4638 Πέτρος
3195 4561 3250 4617 ἓν
3271 4564 3340 4627 τῆ
3363 4558 3609 4633 θαλασσῇ
3634 4563 3757 4621 τοῖς

324 4667 546 4722 Petrus
574 4662 651 4735 (ο)
665 4675 844 4734 super
854 4676 1016 4717 mare
1026 4659 1272 4732 pedibus
1295 4659 1619 4717 ambulavit
1634 4659 1846 4734 (Matth.
1873 4661 1961 4733 14)

2094 4659 2222 4728 ποσὶ
2255 4656 2642 4732 περιεπάτησε,
2680 4651 2894 4715 Παῦλος
2934 4648 2991 4707 δὲ
3030 4650 3081 4707 έν
3117 4654 3187 4725 τῇ
3226 4647 3469 4722 θαλάσσῃ
3501 4647 3748 4723 ναυαγίῳ

326 4751 631 4812 Pnulusin
643 4750 791 4808 mari
807 4749 1181 4824 naufragium
1203 4749 1442 4821 pertulit
1456 4751 1542 4823 (11
1557 4750 1677 4807 Cor.
1703 4750 1793 4823 11)
1809 4766 1823 4807 :
1839 4750 1917 4824 (ά)
1935 4768 1965 4807 e

2096 4747 2430 4822 περιέπεσεν
2461 4742 2580 4801 ἰδοὺ
2627 4744 2704 4806 εἷς
2735 4739 2790 4799 ’έν
2836 4740 2927 4798 καὶ
2976 4740 3108 4797 αὐτὸ
3156 4741 3217 4796 τὸ
3267 4742 3569 4815 στοιχεῖον,
3618 4737 3670 4794 ἐν
3704 4738 3751 4810 ᾧ

328 4844 397 4903 in
428 4856 552 4899 uno
573 4841 898 4913 eodemque
918 4837 1202 4897 elemento
1225 4838 1329 4896 tibi
1350 4839 1563 4897 Paulus
1583 4839 1666 4897 ire
1692 4854 1827 4897 cum
1858 4856 1967 4897 nav

2100 4839 2317 4901 Παῦλος
2333 4837 2470 4912 μετὰ
2481 4833 2682 4892 πλοίου
2693 4838 3021 4909 πορευθῆναι
3037 4827 3627 4904 οὐκήδυνήθη,Πέτρος
3638 4832 3758 4890 τοῖς

331 4949 459 4992 non
482 4930 696 5006 potuit,
718 4929 824 4987 ubi
843 4928 1049 4989 Petrus
1069 4928 1315 5002 pedibus
1336 4929 1448 4987 iter
1469 4929 1625 4988 fecit.
1650 4930 1861 5003 Aperte
1882 4928 1968 5003 igi

2104 4927 2231 4988 ποσὶ
2246 4929 2347 5001 τήν
2373 4924 2689 5002 ὁδοιπορίαν
2712 4922 3002 4995 πεποίηκε.
3034 4921 3274 4999 Φανερὸν
3299 4918 3388 4977 οῦν
3408 4919 3754 4993 καθέστηκεν,

412 5130 498 5201 (a)
532 5128 770 5186 Primus
799 5127 1039 5204 Theod.,
1070 5128 1130 5204 in
1155 5132 1376 5204 terram,
1397 5130 1459 5186 in
1485 5129 1791 5187 orationem
1820 5129 1968 5188 dedit

2177 5132 2250 5204 (Γ)
2289 5131 2456 5198 Mss,
2491 5128 2629 5204 μετᾴ
2659 5123 2905 5204 δακρῼύων
2941 5122 3016 5186 εἰς
3045 5124 3145 5194 τήν
3172 5128 3303 5199 γῆν.

441 5192 502 5275 b)
532 5200 875 5275 compend,
898 5192 1124 5275 juvenis
1139 5203 1431 5275 apparuit.
1502 5245 1508 5250 .
1782 5274 1787 5275 γ

2179 5192 2260 5275 (ᾖ)
2291 5192 2564 5275 Uterque,
2594 5192 2858 5275 ἀπέλαϐε.

432 5223 502 5348 ‘0;
532 5223 875 5285 Lampsum,
898 5223 1434 5289 Juvenuapgaruu:
1502 5245 1508 5250 ς

432 5293 466 5332 c
520 5274 790 5348 Plerique
818 5289 960 5330 mss.
994 5274 1059 5329 in
1086 5290 1258 5348 man,
1291 5273 1380 5330 vel
1410 5289 1662 5348 zn_mqre
1694 5274 1830 5348 ped.)
1960 5347 1967 5348 ί

2242 5223 2260 5275 )
2295 5223 2564 5273 uterque,
2594 5223 2852 5256 απειιαοε.

2179 5223 2257 5348 ﬂ)
2292 5276 2503 5348 Iidem,
2532 5270 2852 5348 ὑπαντήσει.

414 5335 591 5433 Mala
622 5335 817 5403 Germ.
846 5350 921 5433 et
936 5345 1213 5433 omnibus
1236 5335 1548 5433 Nor.m..nEn
1568 5346 1631 5433 in
1654 5335 1783 5433 uite.
1818 5347 1882 5433 In
1897 5347 1968 5433 tri

2274 5349 2414 5433 1.363.
2446 5335 2512 5433 οὐ
2542 5343 2687 5433 παρα
2716 5335 2918 5433 τούτω,
2949 5340 3110 5433 εφη).
3146 5339 3207 5396 οὐ
3240 5335 3387 5416 παρὰ
3424 5340 3609 5395 τοῦτο.

327 5413 453 5477 bus
473 5413 786 5501 ’ἕσπερ-ω.
809 5422 867 5474 et
881 5418 1060 5501 Regig
1082 5416 1314 5501 legitur,
1337 5417 1418 5474 ibi
1439 5418 1669 5501 Paulus,
1700 5423 1812 5475 etc.
1845 5420 1913 5501 Att
1936 5419 1968 5501 ii

2276 5413 2417 5501 [39%.
2449 5413 2760 5501 ἀποστόλου
2800 5413 2891 5470 καὶ
2919 5431 3117 5501 κορὶυξ.

330 5482 862 5622 ἳὲιξιιὶιίυέκοτωη
880 5482 999 5548 ιιὑῖ
1013 5482 1226 5547 Paulus
1255 5482 1345 5547 ire
1362 5504 1487 5547 cum
1506 5492 1638 5548 navi
1657 5482 1777 5549 ’τιοη
1795 5491 1968 5562 potuit

406 5578 637 5636 nec.“
760 5632 852 5636 Η
1312 5634 1325 5636 _

2188 5482 2258 5561 Ἰέ)
2290 5482 2435 5546 Mss.
2465 5490 2555 5545 καὶ
2588 5486 2907 5561 πέπεισμαι,
2939 5482 3029 5542 καὶ
3063 5482 3385 5563 δισταγμὸς.

2183 5496 2249 5636 ξι)
2283 5562 2423 5636 Reg.
2453 5559 2652 5619 πλεῖον
2682 5559 2917 5617 πάντων.

334 5565 638 5637 tegete“
760 5632 777 5637 _
841 5632 853 5637 _
1311 5634 1327 5637 _
1796 5559 1807 5562 ’

2184 5559 2249 5637 (ι)
2283 5562 2423 5636 Reg.
2453 5559 2652 5619 πλεῖον
2682 5559 2917 5617 πάντων.

411 5632 495 5712 (ι)
519 5633 704 5706 001b,,
723 5632 933 5696 κλαίειν
964 5634 1055 5694 καὶ
1091 5632 1419 5694 ὀδύνίσθαι.
