4210 6160
389 250 507 312 215

1603 241 1884 305 SANCTI
1929 239 2297 302 GREGORII
2342 240 2597 303 MAGNI

3680 229 3796 293 216

388 380 472 438 ὅτι
504 380 548 436 εί
588 377 678 434 καὶ
720 377 771 434 ὲν
818 383 899 452 τῷ
957 377 1188 450 θαύματι
1232 380 1339 432 τῶν
1387 375 1708 454 ἀμφοτέρων
1738 375 1771 442 ὴ
1807 371 2032 447 δύναμις

2182 391 2240 429 nr
2269 372 2675 444 constat,quia
2705 387 2836 427 cum
2861 370 3166 443 utriusque
3186 370 3369 426 virtus
3393 366 3568 423 fuerit
3596 366 3797 439 dispar

390 472 648 539 ἀνόμοιος
679 469 923 544 γέγονεν,
956 465 1082 521 ἀλλ’
1125 464 1215 520 οὗν
1268 464 1593 544 ἀμφοτέρων
1627 465 1688 517 τὸ
1739 461 1954 536 ἀξίωμα
1983 464 2036 517 ἓν

392 561 644 634 οὐρανοῖς
675 557 871 628 ὅμοιον
905 555 1159 629 ὑπαρχει.

467 649 737 706 ΗΕΤΡ.’Δ
751 648 951 721 ρέσκειν
973 641 1238 718 ὁμολογῶ
1249 644 1384 697 κατᾶ
1398 635 1569 697 πάντα
1586 644 1660 715 ((ι)
1676 640 1807 717 ὅπερ
1840 641 2038 718 λὲγεις.

397 737 518 795 ἰδοὺ
549 738 648 812 γὰρ
682 733 937 812 ἀσφαλῶς
969 733 1229 808 ἐπέγνων,
1255 731 1338 786 δτι
1359 733 1386 786 ὁ
1416 732 1532 806 βίος
1558 731 1646 786 καὶ
1671 732 1733 786 οὐ
1763 734 2044 804 τάσημεῖα

404 831 710 900 ζητοῦνταισ
736 826 826 879 καὶ
861 823 994 878 αὐτὰ
1012 824 1112 897 γὰρ
1141 823 1209 876 τὰ
1232 823 1488 896 γινόμενα
1519 826 1720 893 σημεῖα
1747 827 1844 876 τοῦ
1869 821 2048 898 ἐναρέ-

400 938 492 974 τον
523 917 642 992 βίου
683 911 954 982 ἀπόδειξιν
1000 912 1269 991 φέρουσιν
1315 908 1549 965 δυσωπῶ
1591 908 1701 978 οὖν,
1743 910 1828 966 ἐὰν
1867 912 2048 984 ἀκμὴν

403 1026 526 1064 τινα
568 1002 974 1068 ὑπολείπονται,
1018 1001 1215 1078 φανερά
1258 1021 1350 1075 μοι
1391 1006 1558 1055 ταῦτα
1601 1004 1848 1076 γενεσθαι
1897 1001 2045 1065 ὅπως

405 1091 752 1168 λιμώττοντά
778 1114 842 1166 με
860 1091 911 1146 ἐν
935 1097 1050 1152 τοῖς
1081 1092 1304 1164 ἀγαθοῖς
1333 1087 1693 1164 ὕποδείγμασι
1727 1088 2046 1166 διατρέψης,

478 1186 673 1240 ΓΡΗΓ.
708 1182 939 1246 Ἤθελόν
972 1202 1055 1236 σοι
1084 1180 1158 1240 εἰς
1180 1180 1324 1234 αἶνον
1352 1180 1440 1234 καὶ
1465 1177 1617 1252 δόξαν
1646 1179 1740 1235 τοῦ
1766 1179 2047 1256 λυτρωτοῦ

400 1277 560 1347 ἡμῶν
594 1277 750 1342 Θεοῦ,
783 1271 906 1345 περὶ
939 1267 1127 1344 ἀνδρός
1147 1290 1294 1330 τινος
1325 1264 1608 1338 εὐλαϐοῦς,
1643 1269 1871 1342 ὀνόματι
1894 1273 2052 1326 Βενε-

404 1359 612 1430 δίκτου,
646 1361 763 1416 τινὰ
817 1357 1201 1435 διηγήσασθαι·
1245 1357 1371 1413 ἀλλ’
1411 1359 1524 1431 ὁρῶ
1561 1358 1651 1412 τὸν
1703 1365 1802 1427 τῆς
1841 1361 2048 1435 ἡμέρας

398 1451 586 1527 καιρὸν
616 1450 750 1526 πρὸς
775 1450 874 1517 τήν
908 1447 1120 1503 τούτων
1156 1446 1411 1522 διήγησιν
1446 1448 1520 1520 μή
1558 1444 1854 1522 δυνάμενον
1886 1447 2051 1524 ἐπαρα-

402 1540 571 1599 κέσαι.
606 1545 763 1603 Ὅθεν
798 1538 994 1594 λοιπὸν
1009 1542 1198 1607 ταῦτα,
1222 1541 1322 1591 τοῦ
1348 1541 1481 1592 Θεοῦ
1500 1537 1665 1613 ’ἰσχυν
1687 1537 2049 1613 παρέχοντος,

404 1627 582 1699 ἄλλην
645 1625 822 1703 ἅρχην
883 1627 1178 1696 συντάξεως
1239 1627 1312 1700 (b)
1380 1620 1858 1700 προϐαλλόμενος,
1921 1627 2054 1700 μετᾶ

382 1719 637 1780 ’ἀνέσεως
670 1715 989 1793 διηγοῦμαι.

410 1945 414 1950 ¹
480 1877 560 1948 (a)
592 1877 727 1950 MSS.
760 1873 915 1950 ’ἀπὲρῇ
930 1873 1126 1950 λὲγεις.

479 1941 554 2018 (ὑί
581 1947 742 2020 C_olb.
768 1941 1226 2020 crposallo'psvoc
1262 1944 1395 2020 μετᾶ
1424 1943 1675 2020 αἴνεσεῳς
1725 1942 2050 2020 διηγοῦμαι,

411 2016 665 2092 συνεργίᾳ
693 2018 782 2072 καὶ
813 2016 1003 2092 χάριτι
1028 2016 1356 2092 τοῦ-Κυρίου
1378 2016 1467 2070 καὶ
1488 2017 1632 2092 ,Θεοῦ
1672 2018 1762 2092 καὶ
1808 2016 1954 2092 σ’ῳτῆ
1967 2037 2057 2091 ρος

411 2085 788 2165 ἡμῶνἾῙησοῦ
815 2085 1081 2165 Χριστοῦ,
1115 2090 1160 2162 ᾧ
1191 2085 1387 2158 ἠδόξει
1417 2089 1503 2144 καὶ
1538 2089 1599 2145 τὸ
1616 2091 1813 2164 κράτος
1835 2089 1908 2152 εἷς
1931 2085 2056 2151 τοὺς

2079 1755 2126 1822 Β

2148 464 2208 519 in
2244 463 2545 530 miraculo,
2589 462 2893 532 utriusque
2926 466 3120 518 tamen
3155 460 3427 515 meritum
3462 457 3662 529 dispar
3683 473 3800 514 non

2151 559 2240 609 est
2270 554 2326 608 in
2361 553 2524 608 cmlo.

2223 648 2393 698 Ps'ra.
2429 644 2637 710 Placet,
2691 641 2890 705 fateor,
2921 639 3164 696 omnino
3213 639 3368 710 quod
3416 636 3612 692 dicis:
3672 652 3802 692 ecce

2153 733 2308 788 enim
2344 736 2540 803 aperte
2573 730 2724 794 novi,
2752 729 2888 801 quia
2908 731 3027 784 vita
3057 734 3114 783 et
3144 745 3255 782 non
3289 730 3460 800 signa
3488 726 3805 797 quaerenda

2155 825 2308 877 sunt.
2341 821 2452 876 Sed
2482 818 2757 891 quoniam
2792 819 2920 891 ipsa
2949 818 3116 887 signa
3135 834 3261 890 quae
3284 819 3452 881 ﬁunt,
3485 817 3655 871 bona:
3676 815 3802 870 vita

2155 910 2560 966 testimonium
2595 908 2848 974 fuerunt,
2882 924 3078 980 quaeso
3120 910 3177 962 te
3209 906 3400 962 adhuc
3431 904 3480 962 si
3512 921 3630 976 qua
3661 907 3803 960 sunt

2159 999 2394 1068 referas,
2435 1003 2500 1054 ut
2528 997 2882 1054 esurientem
2915 1012 3006 1052 me
3065 1012 3167 1068 per
3214 994 3478 1068 exempla
3507 993 3804 1050 bonorum

2159 1104 2379 1162 pascas.

2227 1179 2484 1234 Gascoa.
2516 1175 2738 1232 Vellem
2771 1175 2878 1231 tibi
2909 1175 2970 1230 in
3003 1174 3278 1230 laudibus
3310 1171 3694 1244 redemptoris
3734 1172 3808 1229 de

2157 1269 2262 1324 viri
2302 1265 2648 1323 venerabilis
2671 1265 2964 1321 Benedicti
2989 1263 3283 1320 miraculis
3315 1263 3513 1334 aliqua
3545 1278 3801 1331 narrare,

2158 1359 2232 1431 (ε)
2257 1357 2354 1412 sed
2388 1356 2456 1410 ad
2490 1354 2611 1410 haec
2641 1353 2926 1424 explenda
2968 1353 3315 1409 hodiernum
3357 1356 3594 1424 tempus
3642 1351 3807 1406 video

2161 1463 2276 1504 non
2311 1460 2481 1518 posse
2513 1445 2799 1500 sufﬁcere.
2832 1443 3313 1514 Liberiusitaque
3335 1442 3454 1498 hac
3475 1440 3808 1515 loquemur,

2162 1537 2210 1594 si
2241 1535 2397 1592 aliud
2423 1535 2720 1592 exordium
2745 1549 3066 1589 sumamus.

2164 1872 2364 1934 ait'iwac
2396 1869 2775 1944 'ri'iwciobvwv.
2812 1871 3014 1944 Ἀμήν.
3057 1871 3267 1926 Eadem
3299 1869 3471 1926 habet
3503 1869 3667 1942 Reg.,
3701 1869 3800 1928 sed

2165 1947 2383 2002 desinit
2412 1944 2472 1999 in
2505 1939 2851 2015 διηγοῦμαι..

2242 1963 2383 2000 sum
2412 1963 2472 1999 1n
2505 1963 2594 2010 οιη
2637 1963 2851 2015 ουμαι..

2238 2020 2308 2089 (c)
2336 1963 2678 2088 Compend,
2710 2016 2801 2071 sed
2825 2015 2894 2070 ad
2916 2015 3029 2072 haec
3057 2014 3331 2086 exempla.

411 2216 3790 2248 Μ

569 2379 1085 2476 BIBAION
1173 2377 1876 2474 ΔΕΥΤΕΡΟΝ.

2467 2382 2799 2468 LIBER
2871 2377 3506 2466 SECUNDUS.

478 2652 871 2720 Hic_s_ec_undu_s
900 2651 1369 2720 liber,__co_ntinens
1400 2654 1572 2720 Vitam
1603 2654 1656 2704 S.
1690 2654 1981 2713 Benedicti,
2014 2657 2138 2705 ante
2168 2657 2331 2720 opera
2361 2654 2544 2720 magni
2580 2655 2967 2705 monachorum
3009 2653 3421 2704 occidentalium
3461 2652 3820 2718 sospitatoris,

405 2719 539 2769 tom.
573 2714 723 2766 LXVI
755 2715 916 2780 hujus
947 2713 1314 2774 Bibliotheca,
1346 2717 1604 2780 legendus
1633 2721 1730 2767 est.

697 3018 1216 3116 BIBAION
1299 3019 1806 3115 TPITON.

1042 3299 1303 3355 ΚΕΦΑΛ.
1335 3297 1415 3354 Α’.

520 3390 597 3459 (a)
629 3388 762 3462 Περῖ
795 3386 1070 3442 Παυλίνου
1102 3386 1401 3442 ἐπισκόπου
1434 3385 1652 3445 πόλεως
1686 3384 1942 3441 Νωλίων.

487 3479 641 3535 278
669 3477 756 3532 Ἐν
769 3475 1150 3552 τῷπροσὲχειν
1169 3495 1234 3548 με
1256 3480 1372 3536 τοῖς
1386 3475 1772 3548 γειτνιάζουσιν
1805 3474 2060 3545 πατράσι,

409 3569 497 3620 καὶ
512 3570 628 3624 τοῖς
639 3564 846 3618 τούτων
863 3565 1095 3636 θαύμασι
1110 3563 1190 3634 τῷ
1207 3563 1363 3638 λόγῳ
1378 3558 1868 3635 ἐνδιατρίϐειν,τῶν
1896 3561 2062 3636 μεγά-

411 3653 524 3708 λων
554 3653 620 3706 τὰ
648 3647 773 3727 ἔργα
793 3653 1225 3707 κατέλιπον.Τοῦ
1245 3653 1346 3727 γὰρ
1382 3649 1655 3705 Παυλίνου
1681 3651 1742 3704 τὸ
1761 3651 1942 3719 θαῦμα
1961 3653 2061 3704 τοῦ

412 3748 516 3810 τῆς
539 3742 615 3814 (ὁ)
638 3738 871 3795 Νωλίων
894 3739 1109 3800 πόλεως
1133 3739 1573 3809 ἐπισκόπου,τίνα
1594 3738 1656 3793 οὐ
1670 3735 2063 3807 καταπλήττει;

419 3833 607 3892 ’Όστις
626 3831 716 3884 καὶ
743 3829 950 3904 χρόνῳ,
972 3829 1063 3883 καὶ
1086 3832 1152 3902 τῇ
1174 3833 1270 3883 τοῦ
1293 3828 1566 3902 θαύματος
1600 3825 1822 3899 δυνάμει
1845 3827 2063 3880 πάντων

415 3919 867 3994 προτερεύει.Τῆς
881 3917 973 3972 οὖν
991 3919 1097 3989 μνῆ
1110 3906 1216 3988 μης
1231 3916 1864 3994 (ε)καταλειφθείσης,ὡς
1878 3915 2063 3989 παρὼν

418 4008 510 4064 καὶ
543 4008 821 4082 ὁρώμενος
850 4008 1262 4080 νομισθήσεται,
1292 4011 1409 4067 τοῖς
1439 4002 1496 4060 δὲ
1546 4003 1929 4079 προλεχθεῖσιν
1976 4003 2066 4058 καὶ

419 4101 609 4166 ταῦτα,
643 4095 740 4169 ὅσῃ
790 4093 1024 4168 δύναμαι
1076 4095 1338 4166 συντομία
1385 4091 1708 4170 ἐπισφίγγω.
1758 4095 1923 4156 ’Έθος
1965 4092 2066 4168 γὰρ

417 4192 533 4252 τοῖς
557 4188 633 4259 (d)
655 4179 983 4259 πρεσϐύταις
1005 4187 1168 4256 ἡμῶν
1191 4187 1298 4238 τῶν
1321 4181 1504 4237 καλῶν
1527 4183 1594 4236 τα
1613 4180 1739 4258 ἔργα
1761 4179 2070 4246 σπουδαίως

417 4276 631 4352 γνωστὰ
643 4279 997 4344 ποιῆσαιτοῖς
1017 4279 1120 4328 τῶν
1138 4271 1361 4328 δικαίων
1376 4275 1446 4345 (ε)
1461 4271 1716 4345 ἑπόμενοι
1741 4269 2065 4344 διηήμασιν,

417 4367 536 4425 ὅθεν
559 4367 651 4420 καὶ
671 4368 769 4419 τοῦ
792 4362 1198 4440 προλεχθέντος
1226 4357 1622 4418 εύλαϐεστάτου
1640 4358 1833 4436 ἀνδρὸς
1861 4361 1922 4415 τὸ
1945 4381 2070 4438 (ραι-

416 4455 542 4533 δρὸν
558 4451 647 4510 ὅνο
657 4476 730 4527 μα
759 4451 1246 4523 ἐδηλοποιήθηΤὸ
1267 4454 1369 4527 γὰρ
1383 4450 1551 4506 αὐτοῦ
1565 4445 1720 4527 ἔργον
1736 4450 2068 4523 θαυμαστὸν,

2533 3029 2867 3114 LIBER
2933 3027 3472 3116 TERTIUS.

2706 3299 2938 3356 CAPUT
2967 3298 3282 3355 PRIMUM.

2402 3390 2478 3443 De
2507 3391 2584 3461 (g)
2626 3390 2866 3444 Paulino
2898 3390 3120 3444 Nolana;
3150 3388 3301 3443 urbis
3328 3389 3594 3460 episcopo.

2249 3479 2396 3534 271
2425 3484 2574 3533 Dum
2590 3479 2797 3534 vicinis
2824 3478 3080 3546 va]de(h)
3103 3477 3366 3534 Patribus
3387 3475 3830 3546 intento,majo-

2174 3581 2304 3620 rum
2331 3567 2480 3621 facta
2503 3566 2872 3637 reliqueram,
2897 3567 2976 3622 ita
3000 3574 3061 3621 ut
3087 3565 3309 3622 Paulini
3329 3565 3694 3629 miraculum,
3713 3563 3830 3620 No-

2174 3653 2319 3708 lana:
2336 3656 2498 3709 urbis
2513 3657 2793 3727 episcopi,
2811 3656 2906 3726 qui
2926 3654 3138 3709 multos
3154 3671 3402 3725 quorum
3435 3653 3673 3708 memini
3695 3652 3826 3708 vir-

2174 3745 2294 3796 tute
2307 3747 2364 3797 et
2378 3750 2634 3814 tempore
2652 3745 3254 3814 praacessit,memoriaa
3268 3743 3831 3798 defuissevideatur.

2175 3831 2282 3886 Sed
2310 3832 2380 3886 ad
2406 3833 2599 3903 priora
2621 3850 2776 3888 nunc
2800 3833 2990 3902 redeo,
3015 3850 3198 3905 eaque
3219 3838 3438 3904 quanta
3459 3831 3619 3888 valeo
3634 3831 3830 3888 brevi-

2175 3925 2293 3976 tate
2323 3923 2670 3992 perstringo.
2703 3923 2866 3978 Sicut
2895 3923 3051 3978 enim
3079 3924 3358 3978 bonorum
3385 3923 3538 3978 facta
3557 3921 3830 3978 innotes-

2179 4022 2308 4064 cere
2334 4008 2507 4064 citius
2540 4010 2836 4066 similibus
2868 4012 3082 4078 solent,
3117 4011 3448 4066 senioribus
3480 4009 3689 4065 nostris
3723 4025 3829 4082 per

2170 4097 2462 4166 justorum
2486 4099 2750 4169 exempla
2772 4100 3172 4171 gradientibus
3197 4100 3452 4171 prmdicti
3479 4099 3831 4154 venerabilis

2178 4185 2286 4240 viri
2317 4185 2542 4242 celebre
2565 4203 2776 4244 nomen
2809 4189 3082 4256 innotuit,
3115 4190 3362 4260 ejusque
3393 4205 3539 4260 opus
3573 4187 3833 4243 admira-

2180 4273 2293 4333 bile
2315 4276 2382 4330 ad
2407 4291 2605 4330 eorum
2631 4293 2691 4332 se
2713 4277 3056 4333 instruenda
3077 4278 3272 4334 studia
3293 4277 3558 4345 tetendit,
3578 4291 3832 4347 quorum

2183 4381 2276 4420 me
2307 4381 2542 4422 necesse
2573 4367 2685 4422 fuit
2705 4370 2769 4439 (ἰ)
2803 4369 3199 4440 grandaevitati
3233 4374 3354 4424 tam
3387 4374 3540 4424 certo
3570 4367 3832 4436 credere,

2182 4470 2248 4508 ac
2279 4455 2326 4509 si
2361 4472 2428 4510 ea
2461 4472 2586 4527 quae
2621 4457 2878 4513 dicerent
2901 4459 3046 4513 meis
3077 4459 3263 4513 oculis
3303 4458 3596 4512 vidissem.

413 4547 488 4609 εἷς
516 4549 606 4601 οῦν
638 4547 706 4601 τα
735 4542 952 4599 ἐκείνων
987 4540 1356 4616 οἰκοδομητέα
1387 4540 1754 4613 ἐμπονήματα
1888 4541 2072 4594 ἑαυτὸν
2102 4545 2428 4615 παρὲτὲινεν.
2459 4546 2615 4602 Ὀθεν
2651 4566 2744 4617 μοι
2779 4543 2973 4600 λοιπὸν
3002 4550 3146 4600 πᾶσα
3174 4546 3383 4621 ἀνάγκη
3419 4546 3653 4619 ὑπάσχει
3701 4542 3832 4619 περὶ

414 4644 515 4707 τῆς
549 4635 808 4712 μεγίστης
838 4633 1003 4690 αὐτοῦ
1033 4632 1321 4696 πολιτείας
1348 4635 1602 4693 τοςοῦτον
1637 4629 1894 4709 ἀσφαλῶς
1925 4635 2230 4707 πιστεῦσαι,
2262 4633 2337 4695 ὡς
2368 4635 2452 4689 ὅτι
2483 4632 2657 4689 ἐκεῖνα
2688 4630 2823 4707 ἅπερ
2865 4634 3108 4710 λέγουσι,
3147 4641 3263 4698 τοῖς
3309 4635 3466 4709 ἐμοῖς
3520 4632 3835 4712 ὀφθαλμοῖς

413 4727 713 4801 ἆθεώρησα.

493 4817 581 4873 'Ev
609 4820 726 4876 τοῖς
752 4812 980 4891 χρόνοις
1008 4811 1189 4866 τοίνυν
1203 4815 1309 4864 τῶν
1329 4809 1689 4882 λυσσομανῶν
1713 4806 2069 4880 Οὐανδάλων,

430 4903 637 4960 πολλοὶ
657 4903 816 4957 τόποι
839 4908 939 4971 τῆς
955 4899 1193 4959 Ἰταλίας
1207 4897 1301 4975 ἔρη
1315 4899 1670 4974 μοιγεγόνασ·
1683 4917 1695 4929 ·
1721 4897 2002 4958 παντελῶς
2019 4895 2076 4952 δὲ

422 4993 491 5051 τὰ
519 4992 656 5067 μέρη
679 4997 778 5061 τῆς
802 4989 1124 5062 Καμπανίας
1137 4988 1367 5059 ἀοίκητα
1383 4987 1610 5057 κατέστη
1622 4984 1962 5044 σαν.ΙΙολλοὶ
1978 4984 2068 5042 οὗν

500 5140 579 5209 (a)
615 5135 989 5209 Praemittitur
1026 5137 1085 5192 in
1120 5136 1225 5192 Ms.
1259 5134 1437 5206 Regio
1469 5133 1725 5205 capitum
1757 5131 1952 5190 index.

504 5204 581 5284 (ὁ)
615 5210 747 5278 Ms.,
777 5204 1009 5284 Νωλῷν.

531 5276 580 5352 Ci
610 5276 744 5349 MS.,
773 5278 982 5354 καταλη
992 5276 1232 5354 φθείσης,

531 5295 580 5352 c)
613 5295 744 5349 M8.,
773 5295 1192 5354 καταληφυεισηα

507 5295 587 5426 id)
619 5354 752 5423 M8,,
775 5347 1192 5426 πρεσϐυτέροιςζ

507 5416 581 5500 (ei
613 5416 749 5495 MS,
771 5416 1004 5500 ξπόμενο
1019 5442 1031 5476 ι
1051 5416 1476 5500 ’ὑποδείγμασιν.

507 5428 560 5500 (e
613 5427 739 5495 Ms.,
773 5427 1031 5494 ἑπόμενοι
1067 5427 1333 5490 ὑποδείγμ

506 5427 580 5568 (fi
610 5503 735 5564 Ms.,
767 5493 998 5568 ἐμαυτθν
1028 5491 1333 5568 παρέτεινα.

510 5559 584 5639 (θ’)
602 5559 759 5624 Hanc
775 5559 1072 5639 historiam
1087 5559 1349 5639 delibera
1363 5561 1550 5639 sancti
1565 5562 1724 5639 Pauli
1736 5561 1790 5639 ni
1807 5559 2082 5639 servitute

437 5633 808 5712 amplissima
825 5638 1106 5703 nota,imo
1120 5634 1553 5706 dissertatione,
1569 5634 1778 5691 refellit
1799 5633 2079 5690 Gussanv.

2205 4888 2217 4897 O
2257 4813 2399 4868 Cum
2416 4815 2766 4872 saevientium
2783 4817 3170 4872 Vandalorum
3185 4824 3443 4888 tempore
3457 4815 3654 4870 fuisset
3670 4813 3842 4871 Italia

2187 4901 2244 4959 in
2277 4905 2608 4975 Campaniae
2641 4906 2903 4976 partibus
2927 4905 3299 4977 depopulata,
3325 4905 3616 4976 multique
3638 4912 3843 4961 essent

2188 4991 2258 5048 de
2289 4991 2394 5047 hac
2428 4994 2658 5049 terrain
2681 4994 3013 5050 Africanam
3046 4995 3347 5066 regionem
3379 4992 3722 5062 transducti,
3746 4993 3840 5049 vir

2193 5134 2345 5204 quod
2377 5134 2546 5208 multi
2578 5136 2675 5191 alii
2709 5137 3122 5208 praestiterunt.
3151 5137 3423 5193 Nostram
3457 5137 3526 5191 de
3556 5136 3664 5191 hac
3692 5151 3841 5208 oon-

2193 5207 2467 5261 lroversia
2491 5206 2742 5264 mentem
2801 5211 3135 5280 aperuimus
3179 5210 3239 5265 in
3290 5208 3646 5280 praefatione.
3690 5206 3847 5280 Nola

2192 5281 2385 5360 autem
2420 5280 2571 5360 urbe
2607 5285 2693 5335 est
2741 5278 3095 5360 episcopalis
3139 5278 3552 5360 subgarcbiep:
3595 5278 3844 5350 Neapol.

2193 5352 2247 5404 et
2276 5349 2502 5423 colonia
2535 5349 2796 5408 Romana
2828 5349 2970 5409 satis
3003 5358 3142 5410 nota
3172 5354 3231 5408 in
3262 5349 3600 5423 Campania.

2263 5421 2339 5493 (h)
2367 5423 2451 5477 Ita
2482 5422 2622 5479 Mss.
2655 5425 2898 5492 Theod.,
2925 5420 3846 5493 Genuam,Norm'.,etc.,quibus

2193 5492 2479 5574 consentit
2500 5494 3031 5574 Graecatranslatio.
3058 5498 3122 5553 In
3143 5495 3543 5562 Editishabes,
3559 5492 3841 5566 partibus.

2264 5566 2326 5636 (ἱ)
2357 5566 2586 5635 Excusi,
2618 5569 2904 5636 gravitati.
