4210 6160
273 309 392 372 225
1551 308 1935 372 DIALOGOF

2018 310 2068 372 M
2115 310 2261 371 LIB.
2307 310 2411 372 III.
3560 319 3680 379 226

271 443 461 517 parari
503 442 799 516 precepit,
845 457 1206 515 securusque
1245 442 1432 513 illam,
1474 443 1700 517 antiqui
1740 442 1930 502 hostis

2042 441 2190 515 αὐτῷ
2212 440 2454 512 εἰσῆλθε,
2483 441 2572 498 καὶ
2597 443 2696 514 τὴν
2714 447 2823 500 τῶν
2855 445 3151 520 ἀνθρώπων
3172 444 3489 519 κατοίκησιν
3511 447 3562 521 ἐξ
3585 448 3683 506 αὖ·

268 533 592 590 certamina
627 533 1000 601 toleraturus,
1023 532 1280 589 intravit.
1325 535 1524 605 Itaque
1563 533 1924 604 intempesta

2032 536 2129 588 τοῦ
2151 529 2463 602 ἆπεδίωξεν.
2489 533 2574 589 Ἐν
2597 533 2741 606 αὐτῷ
2760 533 2849 588 οὗν
2869 532 3251 609 ἐτοιμασθῆναι
3285 536 3431 610 αὑτῷ
3451 540 3551 610 τὴν
3581 558 3680 594 κα-

267 623 457 680 noctis
499 620 754 689 silentio,
802 637 938 676 cum
978 621 1065 676 vir
1107 621 1208 677 Dei
1254 621 1603 694 quiesceret,
1646 624 1925 694 antiquus

2031 624 2279 695 ταμονὴν
2305 621 2599 690 ἐκέλευσεν,
2625 624 2694 696 (c)
2716 622 3032 697 ἀμεσίμνως
3058 624 3344 702 ὑποφέρειν
3363 629 3431 683 τὰ
3452 632 3546 684 τοῦ
3580 629 3680 704 ἀρσ-

267 712 455 769 hostis
478 709 794 766 immensis
813 709 1058 767 vocibus
1081 711 1425 783 magnisque
1447 711 1800 767 clamoribus
1821 728 1928 767 cce-

2033 711 2198 786 χαίου
2222 710 2425 787 ἐχθροῦ
2446 710 2799 785 παλαίσματα
2819 715 3291 790 προθυμούμενος
3320 716 3542 787 εἰσῆλθε
3561 718 3678 774 τοί·-

270 804 354 876 pit
376 802 596 858 imitari
620 802 851 873 rugitus
889 799 1144 867 leonum,
1180 801 1415 858 balatus
1438 817 1736 874 pecorum,
1760 802 1922 858 rudi-

2031 821 2121 855 νυν
2145 804 2213 874 (f)
2229 801 2316 855 καὶ
2332 800 2412 855 ἐπ’
2431 801 2598 856 αὐτοῦ
2619 802 2946 876 κατέμεινεν.
2963 804 3048 860 Ἐν
3075 804 3131 859 6‘s
3151 808 3218 878 τῇ
3240 806 3522 882 νυκτερινῇ
3545 809 3678 876 ἠσυ-

267 900 362 949 tus
384 893 713 960 asinorum,
731 889 936 946 sibilos
958 891 1340 962 serpentium,
1358 892 1436 964 (a)
1459 908 1765 963 porcorum
1791 891 1924 947 stri-

2039 886 2162 964 χίᾳ,
2194 886 2244 942 ἒν
2273 887 2385 962 ὅσῳ
2415 889 2442 942 6
2471 887 2567 944 τοῦ
2599 891 2731 944 Θεοῦ
2763 891 3046 965 ἅνθρωπος
3095 892 3412 963 ἀνεπαύετο,
3448 895 3476 949 6
3508 895 3674 974 ἀρχὲ-

264 981 438 1036 dores
461 985 519 1036 et
539 980 991 1037 soricum.Tunc
1013 985 1246 1051 repente
1269 981 1477 1037 Datius
1496 986 1583 1037 tot
1604 982 1923 1037 bestiarum

2033 997 2197 1040 κακος
2221 977 2422 1052 ἐχθρὸς
2444 979 2644 1052 ἤρξατο
2672 981 3678 1057 μιμεῖσθαιἀναριθμήτοιςφωναῖςκαὶ

261 1070 508 1126 vocibus
562 1070 848 1125 excitatus
896 1070 1167 1138 surrexit,
1208 1069 1586 1127 vehementer
1623 1071 1830 1137 iratus,
1870 1071 1923 1126 et

2037 1066 2317 1141 μεγίσταις
2340 1072 2617 1142 κραυγαῖς,
2646 1067 2922 1144 βρυγμοὺς
2941 1069 3342 1144 λεόντων,βοὰς
3365 1068 3677 1147 προϐάτων,

257 1168 460 1216 contra
482 1159 794 1231 antiquum
820 1159 1048 1215 hostem
1086 1159 1314 1233 magnis
1338 1160 1514 1231 caapit
1533 1160 1775 1216 vocibus
1806 1159 1919 1215 cla-

2031 1156 2271 1231 κραυγὰς
2288 1154 2854 1232 όνάγρων,συριγμοὺς
2870 1152 3246 1235 ὅφεων,(9)χοί
3255 1181 3361 1236 ρων
3373 1161 3675 1239 γρυγμοὺς,

260 1268 451 1318 mare,
497 1252 737 1307 dicens:
781 1255 935 1307 Bene
978 1250 1080 1307 tibi
1121 1251 1395 1323 contigit,
1421 1250 1620 1316 miser,
1643 1255 1702 1305 tu
1745 1249 1842 1305 ille
1863 1267 1922 1306 es

2032 1244 2122 1300 καὶ
2155 1249 2426 1300 ποντικῶν
2459 1244 2720 1322 κλαγγᾶς.
2752 1252 2882 1311 Ταῖς
2913 1244 2970 1302 δὲ
2999 1254 3203 1328 φωναῖς
3245 1254 3352 1305 τῶν
3399 1251 3673 1308 τοσούτων

255 1342 357 1414 qui
387 1341 589 1396 dixisti
618 1341 866 1396 :Ponam
890 1339 1072 1396 sedem
1095 1356 1274 1396 meam
1298 1340 1367 1396 ad
1396 1339 1816 1412 Aquilonem,et
1836 1353 1917 1396 ert

2035 1334 2239 1410 θηρίων
2271 1335 2425 1398 εὐθὺς
2454 1333 2788 1400 διυπνισθεὶς
2820 1338 2848 1391 6
2879 1339 3069 1401 Δάτιος
3107 1339 3320 1410 ἀνέστη,
3352 1342 3440 1397 καὶ
3472 1340 3678 1420 σφόδρα

251 1431 462 1486 similis
494 1431 787 1486 Altissimo
807 1431 967 1500 (Isai.
1003 1446 1118 1499 xIv,
1144 1431 1273 1500 14);
1310 1445 1440 1486 ecce
1463 1445 1566 1501 per
1587 1428 1913 1500 superbiam

2035 1425 2306 1497 θυμωθεὶς
2335 1425 2470 1479 κατὰ
2501 1429 2596 1479 τοῦ
2627 1426 2942 1501 ἀρχεκάκου
2967 1425 3187 1503 ἐχθροῦ,
3212 1429 3409 1504 ἤρξατο
3458 1431 3678 1507 μεγίστῃ

252 1527 420 1576 tuam
465 1519 663 1592 porcis
704 1523 762 1574 et
799 1518 1090 1575 soricibus
1130 1517 1340 1574 similis
1380 1516 1567 1574 iactus
1591 1534 1690 1587 es;
1734 1522 1790 1572 et
1827 1516 1914 1587 qui

2034 1517 2186 1592 φωνῇ
2209 1513 2541 1587 κράζειν,καῖ
2567 1513 2976 1590 λέγειν·Καλῶς
2997 1537 3081 1571 σοι
3106 1514 3324 1591 συνέϐη,
3359 1518 3575 1577 ἐλεεινέ.
3599 1520 3674 1576 Σὺ

250 1604 478 1666 imitari
501 1610 688 1665 Deum
731 1610 970 1680 indigne
1008 1609 1267 1678 voluisti,
1293 1625 1444 1677 ecce,
1473 1613 1541 1665 ut
1579 1609 1791 1680 dignus
1840 1624 1912 1665 es.

2033 1603 2138 1678 γὰρ
2160 1603 2210 1657 εἴ
2231 1604 2258 1656 6
2282 1601 2646 1674 είπὼν,Θήσω
2659 1606 2751 1659 τὸν
2778 1604 2965 1680 θρόνον
2994 1627 3098 1679 μου
3125 1607 3374 1680 ὑπεράνω
3394 1613 3498 1664 τῶν
3523 1631 3674 1686 νεφε-

255 1698 481 1755 bestias
506 1699 782 1754 imitaris.
811 1699 887 1754 Ad
914 1715 1091 1771 quam
1125 1699 1253 1770 ejus
1273 1714 1495 1766 vocem,
1523 1703 1584 1753 ut
1605 1697 1686 1752 ita
1710 1697 1917 1764 dicam,

2034 1691 2146 1748 λῶν
2180 1696 2276 1746 τοῦ
2309 1692 2560 1767 ούρανοῦ,
2589 1693 2677 1748 καὶ
2709 1689 2905 1766 ἔσομαι
2935 1693 3128 1767 ὅμοιος
3157 1700 3234 1768 τῷ
3274 1696 3504 1771 ὑψίστῳ.
3535 1695 3675 1756 Ἰδοὺ

261 1789 648 1859 dejectionem
671 1804 839 1845 suam
867 1787 1159 1860 malignus
1182 1786 1424 1860 spiritus
1446 1786 1790 1843 erubuit.An
1813 1803 1923 1842 non

2035 1781 2122 1838 διὰ
2142 1785 2240 1852 τὴν
2270 1785 2668 1862 ὑπερηφάνειαν
2694 1807 2810 1854 σου,
2837 1786 3042 1862 χοίρων
3073 1787 3163 1843 καὶ
3185 1793 3456 1844 ποντικῶν
3477 1787 3676 1864 ὅμοιος

260 1877 518 1943 erubuit,
540 1879 637 1948 qui
661 1877 931 1934 eamdem
955 1878 1192 1933 domum
1218 1879 1286 1932 ad
1307 1875 1636 1932 exhibenda
1660 1879 1922 1932 monstra

2031 1870 2280 1948 γέγονας’
2315 1873 2403 1928 καὶ
2437 1875 2464 1928 6
2502 1876 2843 1947 μιμήσασθαι
2877 1877 2969 1931 τὸν
3002 1877 3129 1932 Θεὸν
3163 1876 3386 1947 ἀναξίως
3418 1879 3674 1950 θελήσας,

253 1983 390 2038 qua:
414 1975 802 2022 consueverat
825 1967 1077 2022 ulterius
1099 1983 1214 2021 non
1237 1966 1476 2021 intravnt
1495 1968 1518 2020 Ρ
1538 1965 1749 2036 Sicque
1772 1969 1915 2036 post-

2033 1960 2151 2018 ἰδοὺ
2185 1964 2258 2024 ὡς
2290 1963 2339 2017 εἴ
2367 1962 2518 2033 ἄξιος
2549 1963 2714 2039 θηρία
2749 1967 2994 2040 μιμήσῃ.
3033 1967 3094 2022 Ὁ
3117 1965 3173 2021 δὲ
3193 1970 3434 2044 πονηρὸς
3467 1967 3676 2044 δαίμων

248 2057 501 2112 modum
536 2053 801 2111 ﬁdelium
847 2054 1250 2111 habitaculum
1284 2055 1435 2110 facta
1466 2059 1576 2124 est,
1611 2055 1751 2126 quia
1781 2054 1910 2110 dum

2024 2053 2123 2122 τήν
2142 2050 2338 2106 τούτου
2360 2053 2644 2131 φωνήν,ἳν’
2668 2052 2840 2116 οὕτως
2864 2053 3117 2124 εἷ’πω,καὶ
3137 2057 3236 2124 τὴν
3262 2057 3424 2112 αὐτοῦ
3448 2059 3678 2134 ἁπορῥι..

244 2161 375 2202 eam
404 2161 561 2202 unus
583 2146 865 2201 veraciter
889 2143 1079 2200 ﬁdelis
1110 2143 1414 2217 ingressus
1445 2148 1553 2211 est,
1583 2144 1654 2199 ab
1695 2160 1762 2199 ea
1784 2160 1906 2215 pro-

2026 2143 2132 2220 φῆν
2165 2141 2497 2220 αἰσχυνθεὶς,
2530 2141 2606 2204 εἷς
2639 2142 2730 2198 τὸν
2764 2145 2919 2198 οἷκον
2953 2143 3177 2214 ἐκεῖνον,
3209 2146 3345 2218 πρὸς
3376 2153 3551 2202 ποιεῖν
3585 2149 3677 2204 ἓν·

245 2235 334 2291 tin
354 2252 424 2290 us
450 2236 704 2290 mendax
725 2233 972 2308 spiritus
993 2237 1167 2305 atque
1197 2232 1454 2290 inﬁdelis
1478 2233 1778 2290 abscessit.
1805 2232 1907 2288 Sed

2029 2228 2145 2306 διίγ
2155 2235 2417 2304 ματα,τοῦ
2431 2230 2629 2287 λοιποῦ
2644 2231 2746 2287 ούκ
2759 2231 2874 2303 εἷσῆ
2885 2232 3008 2289 λθεν
3019 2235 3223 2297 ,Οὓτως
3237 2233 3328 2290 οὖν
3342 2235 3671 2311 ἐπ’(Ιι)ἐσχά-

247 2329 488 2397 oportet
511 2326 731 2395 jamut
762 2323 954 2396 priora
986 2328 1305 2394 taceamus,
1337 2321 1411 2378 ad
1443 2339 1508 2379 ea
1547 2338 1673 2394 quae
1714 2321 1909 2378 diebus

2036 2341 2132 2375 του
2161 2325 2271 2375 τῶν
2303 2326 2511 2376 πιστῶν
2543 2324 2970 2398 κατοικητήριον
3000 2325 3027 2379 6
3058 2323 3220 2388 αὐτὸς
3257 2327 3406 2388 οἶκος
3438 2327 3669 2402 γέγονεν’

245 2415 472 2471 nostris
498 2417 636 2469 sunt
660 2416 823 2485 gesta
847 2411 1200 2469 veniendum
1224 2416 1332 2470 est.

2027 2410 2192 2479 ἡνίκα
2211 2412 2314 2487 γὰρ
2336 2411 2413 2473 εἷς
2435 2410 2597 2466 αὑτὸν
2618 2414 2695 2474 εἷς
2720 2410 2939 2483 ἀληθῶς
2958 2415 3148 2475 πιστὸς
3175 2414 3444 2485 εἰσῆλθεν,
3475 2417 3675 2490 παρεύ-

247 2503 315 2568 ei.»
346 2503 412 2557 τὸ
444 2501 667 2574 πνεῦμα
687 2506 783 2556 τοῦ
805 2498 1038 2575 ψεύδους
1057 2499 1147 2556 καὶ
1179 2501 1404 2556 ἄπιστον
1435 2497 1486 2570 ἔξ
1516 2498 1682 2556 αὑτοῦ
1712 2498 1942 2574 ἇπὲστῃ.
1966 2501 2181 2570 ’Ἔξεστι
2207 2501 2382 2557 τοίνυν
2414 2499 2632 2572 λοιπὸν,
2660 2499 2752 2558 ’ίνα
2789 2503 2857 2558 τὰ
2905 2504 3108 2579 ἀρχαῖα
3156 2507 3673 2581 παρασιωπήσωμιιο

239 2592 338 2647 καὶ
374 2592 455 2656 εἷς
482 2595 674 2664 ταῦτα,
706 2591 840 2666 ἆπερ
871 2590 924 2646 ἐν
952 2596 1071 2652 ταῖς
1101 2589 1339 2666 ἡμέραις
1366 2592 1529 2664 ἡμῶν
1556 2589 1866 2666 γεγόνασιν,
1898 2586 2163 2664 ἔλθωμεν.

917 2682 1149 2739 CAPUT
1190 2683 1256 2736 V.
1433 2675 1437 2680 ’

1433 2675 1437 2680 ⁷
2654 2685 2922 2740 ΚΕΦΑΛ.
2964 2685 3039 2742 E‘.

442 2774 514 2829 De
537 2773 620 2844 (ὸ)
642 2774 844 2830 Sabino
868 2772 1159 2828 Canusium
1189 2771 1440 2829 civitati:
1471 2773 1740 2844 episcopo.

2184 2769 2314 2844 Περὶ
2345 2765 2578 2825 Σαϐίνου
2611 2770 2906 2828 ἐπισκόπου
2937 2772 3157 2837 πόλεως
3190 2775 3511 2837 Κανουσίας.

312 2863 576 2928 Quidam
603 2864 759 2919 enim
789 2862 1051 2934 religiosi
1077 2862 1184 2917 viri
1208 2861 1434 2934 Apuliae
1463 2861 1770 2934 provinciae
1795 2877 1925 2934 par-

2100 2857 2318 2934 Ἀνδρες
2345 2861 2486 2922 τινὲς
2515 2855 2922 2934 εύλαϐἐστατοι,
2963 2862 3052 2918 καὶ
3092 2862 3230 2919 πάνυ
3267 2860 3574 2931 σπουδαῖοι,
3615 2859 3675 2918 ἒκ

235 2953 413 3009 tibus
464 2952 713 3024 cogniti,
752 2952 863 3008 hoc
905 2952 1058 3024 quod
1100 2953 1250 3023 apud
1289 2950 1609 3006 multorum
1651 2950 1897 3006 notitian

2030 2950 2137 3002 τῶν
2175 2953 2354 3023 μερῶν
2393 2956 2493 3019 τῆς
2529 2949 2834 3014 Ἀπουλίας
2867 2953 3056 3028 χώρας
3091 2953 3456 3029 ὑπάρχοντες,
3485 2956 3670 3023 τοῦτο,

239 3042 426 3115 longe
449 3041 685 3112 lateque
708 3041 1064 3114 percrebuit,
1085 3041 1157 3096 de
1188 3040 1401 3096 Sabino
1430 3039 1734 3096 Canusina
1761 3039 1901 3095 urbi:

2031 3039 2098 3111 (ί)
2123 3038 2252 3112 ὅπερ
2266 3039 2410 3114 παρὰ
2425 3037 2660 3100 πολλοῖς
2675 3036 2764 3095 διὰ
2784 3039 3024 3104 πλάτους
3047 3042 3098 3097 ἐν
3116 3040 3318 3113 εἰδήσει
3331 3042 3534 3118 γέγονε,
3549 3041 3672 3117 περὶ

249 3133 532 3204 episcopo
570 3131 774 3187 testari
828 3130 1039 3200 solent,
1078 3131 1212 3201 quia
1249 3131 1406 3186 idem
1454 3130 1544 3188 vir
1583 3130 1755 3201 longo
1795 3130 1911 3201 jam

2034 3121 2266 3180 Σαϐίνου
2297 3131 2395 3182 τοῦ
2415 3131 2515 3194 τῆς
2549 3128 2848 3192 Κανουοίας
2878 3129 3092 3192 πόλεως
3124 3129 3446 3198 ἐπισκόπου,
3472 3151 3675 3205 μαρτυ-

2037 3219 2122 3238 Α-φ
2163 3211 2417 3238 ,__!'\-,
2514 3217 2539 3238 υ
2625 3218 2637 3236 ι
2713 3217 2788 3236 νς
2861 3218 2937 3238 ἰ
3043 3223 3069 3234 ~
3257 3217 3335 3238 νῆ
3458 3219 3472 3235 κ
3585 3221 3598 3238 1

248 3222 419 3277 senio
433 3221 743 3276 oculorum
769 3221 967 3276 lumen
991 3219 1380 3286 amiserat,ita
1401 3227 1461 3274 ut
1482 3218 1818 3274 omnimodo
1837 3217 1910 3274 nil

2029 3211 2483 3291 ροῦντες,ἔλεγον,
2509 3217 2592 3271 ὅτι
2618 3218 2646 3271 6
2669 3217 2829 3281 αὐτὸς
2851 3218 2984 3291 ἀνὴρ
3004 3223 3081 3290 τῷ
3103 3223 3293 3293 μακρῷ
3317 3217 3510 3274 λοιπὸν
3528 3221 3673 3293 γήρᾳ

249 3312 501 3366 videret.
545 3311 731 3374 Quem
775 3326 872 3365 rex
903 3309 1223 3365 Gothorum
1249 3309 1437 3365 Totila
1477 3308 1794 3380 prophetiae
1814 3307 1911 3362 ha-

2025 3306 2088 3360 τὸ
2117 3311 2224 3361 τῶν
2247 3305 2548 3384 ὀφθαλμῶν
2570 3311 2685 3385 φῶς
2713 3302 3185 3378 ἀπεϐάλετο,ὥστε
3205 3309 3509 3364 παντάπασι
3533 3305 3673 3381 μηδὲ

253 3401 396 3456 bere
418 3400 699 3470 spiritum
723 3399 988 3469 audiens,
1025 3399 1269 3455 minime
1301 3399 1568 3464 credidit,
1597 3398 1692 3454 sed
1719 3397 1915 3469 proba-

2029 3401 2274 3468 θεωρεῖν.
2304 3396 2430 3469 Περῖ
2453 3396 2649 3450 τούτου
2675 3396 2702 3450 6
2723 3401 2829 3451 τῶν
2852 3395 3062 3461 Γότθων
3089 3396 3184 3473 ῥήξ
3209 3395 3437 3459 Τοτίλας
3451 3400 3514 3470 θ’)
3537 3417 3674 3472 προ-

256 3505 318 3545 re
343 3489 578 3546 studuit
601 3489 756 3560 quod
779 3489 1020 3544 audivit.
1045 3489 1152 3553 Qui
1177 3504 1311 3544 cum
1335 3489 1393 3543 in
1424 3487 1630 3543 iisdem
1654 3487 1918 3558 partibus

2027 3484 2248 3560 φητείας
2269 3482 2477 3557 πνεῦμα
2495 3479 2641 3560 ἔχειν
2661 3484 2819 3540 αὐτὸν
2844 3486 3119 3555 ἀκηκοὼς,
3143 3483 3401 3561 οὐδαμῶς
3423 3485 3672 3542 ἐπίστευ-

255 3580 617 3646 devenisset,
657 3579 812 3634 hunc
846 3579 933 3634 vir
963 3577 1195 3634 Domini
1228 3579 1299 3633 ad
1334 3577 1641 3651 prandium
1675 3577 1917 3648 rogavit.

2027 3593 2134 3644 σεν,
2159 3572 2283 3628 ἀλλ’
2316 3571 2655 3649 ἒκπειράσαι,
2688 3573 2821 3649 ὅπερ
2852 3573 3102 3644 ἤκουσεν,
3134 3575 3466 3652 ἠγωνίσατο.
3500 3577 3586 3632 Ἐν
3618 3571 3675 3630 δέ

253 3670 669 3740 Cumquejam
695 3673 931 3724 ventum
956 3671 1109 3723 esset
1138 3667 1208 3723 ad
1236 3683 1526 3735 mensam,
1551 3683 1648 3722 rex
1668 3666 1915 3721 discum-

2022 3667 2140 3725 τοῖς
2161 3662 2348 3724 αὐτοῖς
2375 3664 2559 3737 μέρεσι
2583 3662 2780 3719 τούτου
2801 3660 3230 3735 καταλαϐόντος,
3256 3667 3283 3721 ὁ
3308 3669 3405 3721 τοῦ
3427 3668 3559 3720 Θεοῦ
3583 3662 3675 3718 ἄν-

251 3759 386 3816 bere
415 3757 631 3825 noluit,
651 3757 751 3813 sed
777 3759 845 3813 ad
870 3756 1073 3813 Sabini
1098 3757 1446 3814 venerabilis
1480 3756 1585 3813 viri
1628 3757 1913 3812 dexteram

2026 3753 2242 3826 θρωπος
2275 3753 2350 3814 εἰς
2382 3753 2598 3828 ἄριστον
2639 3757 2830 3809 τοῦτον
2853 3751 3254 3812 ἒκάλεσεν.Ἐπὶ
3285 3751 3341 3809 8‘s
3362 3761 3464 3824 τῆς
3481 3752 3675 3827 τραπέ-

256 3849 429 3904 sedit.
470 3850 621 3904 Cum
671 3862 804 3902 vero
844 3846 1031 3903 eidem
1073 3847 1230 3902 Patri
1275 3844 1426 3901 288
1469 3859 1612 3916 puer
1648 3859 1717 3900 ex
1761 3859 1918 3899 more

2027 3847 2123 3912 ζης
2157 3841 2354 3896 λοιπὸν
2377 3839 2648 3914 ἐλθόντες,
2676 3837 3027 3916 ἀκουμϐἧσαι
3059 3844 3086 3897 ὁ
3253 3842 3352 3899 οὐκ
3379 3842 3672 3914 ἦθὲλησεν,

256 3937 538 4008 poculum
563 3935 680 3990 vini
707 3936 1111 4007 praeberet,rex
1131 3934 1373 3991 silenter
1393 3949 1630 3990 manum
1654 3933 1918 4002 tetendit,

2026 3929 2151 3986 ἀλλ’
2170 3929 2246 3992 είς
2264 3930 2328 3984 τὰ
2352 3928 2496 4001 δεξιὰ
2521 3933 2660 4007 μὲρη
2688 3927 2919 3987 Σαϐίνου
2942 3936 3039 3986 τοῦ
3061 3926 3458 3988 εύλαϐεστάτου
3477 3930 3673 4008 ἀνδρὸς

259 4027 505 4082 calicem
531 4025 794 4095 abstulit,
818 4040 1073 4098 eumque
1113 4041 1212 4095 per
1234 4040 1295 4080 se
1317 4024 1589 4095 episcOpo
1612 4022 1734 4079 vice
1757 4020 1921 4094 pueri

2025 4019 2310 4090 ἐκαθέσθη.
2338 4021 2427 4075 Ἐν
2456 4019 2566 4094 ὅσῳ
2613 4018 2670 4076 δὲ
2700 4022 2727 4076 6
2759 4027 2887 4082 παῖς
2913 4023 3049 4077 κατὰ
3073 4023 3216 4080 287
3260 4023 3319 4078 τὸ
3341 4016 3460 4086 ἔθος
3486 4023 3548 4077 τὸ
3577 4026 3674 4077 τοῦ

261 4117 609 4190 prabuit,ut
631 4115 854 4170 videret
874 4132 945 4170 an
962 4115 1032 4186 (ιε)
1050 4114 1259 4185 spiritu
1279 4114 1616 4186 providente
1639 4113 1923 4170 discerne-

2028 4107 2176 4164 οἲνου
2209 4110 2475 4184 ποτήριον
2504 4131 2583 4181 τῳ
2612 4107 2759 4182 αὒτῷ
2782 4105 3164 4185 εύλαϐεστατῳ
3185 4108 3336 4187 ἄνδρὶ
3361 4108 3673 4182 ἐπιδέδωκε,

264 4214 347 4264 ret
369 4208 506 4280 quis
527 4205 579 4262 ei
605 4205 874 4277 poculum
900 4206 1370 4278 praeberet.Tunc
1393 4204 1479 4260 vir
1501 4204 1924 4276 Dei,accipiens

2030 4199 2106 4272 (Ic)
2133 4198 2449 4273 μυστηρίως
2471 4199 2499 4254 6
2643 4201 2741 4269 τήν
2758 4205 2920 4276 χεῖρα
2937 4199 3170 4264 ἐκτείνας
3190 4201 3253 4256 τὸ
3264 4203 3534 4276 ποτήριον
3549 4199 3675 4258 ἐλα-

265 4298 531 4364 calicem,
568 4295 669 4350 sed
712 4300 906 4350 tamen
947 4293 1284 4350 ministrum
1327 4311 1441 4350 non
1481 4294 1706 4361 videns,
1741 4293 1922 4349 dixit:

2031 4281 2113 4357 ϐε,
2143 4288 2233 4342 καὶ
2264 4285 2424 4350 αὐτὸς
2457 4287 2652 4344 λοιπὸν
2692 4285 2763 4343 δι’
2794 4290 2989 4346 ἑαυτοῦ
3028 4291 3105 4356 τίς
3131 4291 3302 4347 τόπον
3336 4296 3432 4347 τοῦ
3461 4287 3675 4362 παιδὸς,

263 4387 434 4442 Vivat
453 4385 586 4458 ipsa
611 4400 841 4441 manus.
865 4384 944 4440 De
966 4401 1081 4457 quo
1103 4383 1275 4450 verbo
1299 4399 1397 4440 rex
1415 4383 1645 4440 laetatus
1666 4381 1924 4452 erubuit,

2028 4380 2189 4432 τοῦτο
2207 4377 2285 4448 τῷ
2308 4375 3095 4451 ἐπιπόπῳέπιδέδωκε,θέλων
3122 4378 3411 4457 διαγνῶναι
3436 4379 3521 4436 ἐὰν
3547 4401 3677 4455 προ-

267 4477 402 4550 quia
436 4475 712 4548 quamvis
746 4475 870 4547 ipse
900 4474 1298 4547 deprehensus
1333 4475 1560 4543 fuisset,
1601 4473 1660 4529 in
1693 4472 1817 4532 viro
1841 4478 1928 4528 ta-

2031 4467 2284 4543 γνώσεως
2314 4468 2582 4542 πνεύματι
2611 4467 2966 4545 ἐπιγινώσκῃ,
2996 4470 3079 4534 τίς
3111 4471 3256 4542 αύτῷ
3298 4472 3360 4527 τὸ
3411 4473 3677 4544 ποτήριον

267 4545 396 4622 men
424 4545 522 4621 Dei
547 4565 703 4636 quod
737 4545 1037 4636 quaerebat
1057 4563 1298 4620 invenit.
1327 4563 1507 4633 Hujus
1530 4566 1722 4618 autem
1746 4575 1914 4617 vene-

2023 4553 2354 4614 ἒπιδίδωσιν.
2388 4557 2448 4614 Ὀ
2481 4554 2538 4611 δὲ
2570 4562 2667 4614 τοῦ
2699 4563 2832 4614 Θεοῦ
2858 4556 3140 4634 ἃνθρωπος
3169 4563 3331 4615 τοῦτο
3363 4556 3676 4632 δεξάμενος,

265 4654 467 4709 rabilis
508 4653 638 4723 viri,
675 4668 809 4708 cum
843 4652 913 4707 ad
947 4650 1273 4724 exemplum
1307 4651 1436 4707 vita:
1467 4649 1832 4722 sequentium
1855 4649 1916 4705 in

2025 4643 2205 4700 καίτοι
2249 4644 2312 4701 τὸ
2357 4642 2708 4702 διακονοῦντα
2744 4648 2818 4720 μή
2853 4653 3091 4723 θεωρῶν,
3125 4649 3261 4703 εἴπεο
3291 4650 3440 4723 Ζήσῃ
3471 4647 3607 4718 αὕτη
3639 4649 3675 4718 ὴ

263 4733 506 4816 longum
530 4741 763 4799 senium
807 4741 917 4797 vita
953 4741 1304 4811 traheretur,
1326 4741 1454 4814 ejus
1477 4739 1918 4798 archidiaconus

2026 4733 2172 4813 χείρ.
2208 4733 2294 4791 Ἐν
2331 4731 2386 4790 δὲ
2413 4740 2490 4808 τῷ
2521 4733 2677 4813 λόγῳ
2708 4735 2885 4809 τούτῳ
2917 4735 3228 4815 εύφρανθείς
3261 4737 3289 4791 6
3313 4736 3566 4811 ῥήε,’ὰμα
3586 4747 3678 4804 καὶ

269 4832 588 4887 ambitione
642 4830 1002 4902 adipiscendi
1042 4829 1412 4902 episcopatus
1450 4845 1750 4899 accensus,
1781 4842 1918 4884 eum

2026 4823 2378 4900 κατῃσχύνθη
2409 4822 2479 4880 δι’
2511 4826 2583 4880 ῶν
2619 4827 2707 4882 ὑπ’
2739 4827 2905 4882 αὐτοῦ
2940 4827 3262 4898 ὑπεπιάσθηο
3289 4827 3392 4883 ε’ἰτι
3421 4825 3479 4883 δὲ
3498 4827 3678 4901 ἐζήτει

272 4921 643 4994 exstinguere
664 4935 886 4976 veneno
909 4918 1143 4975 molitus
1164 4923 1274 4976 est.
1299 4919 1407 4987 Qui
1430 4935 1564 4977 cum
1589 4919 1662 4992 (ά)
1688 4917 1804 4974 vini
1830 4917 1916 4973 fu-

2029 4913 2082 4971 ἐν
2115 4919 2193 4988 τῷ
2231 4915 2499 4990 ἀνθρώπῳ
2527 4921 2624 4972 τοῦ
2655 4920 2787 4972 Θεοῦ
2828 4916 2967 4992 εὗρε.
3018 4918 3228 4978 Τούτου
3276 4913 3678 4978 ιύλαῦεστάτου

341 5065 420 5207 (αξ
446 5064 621 5133 Editi,
645 5079 936 5134 porcorum
966 5063 1283 5133 grunnitus,
1315 5062 1476 5120 strid.
1509 5064 1765 5119 soricum.
2031 5065 2278 5134 terpres.

341 5139 393 5203 (b
445 5137 522 5191 De
543 5137 757 5192 Sabino
779 5141 836 5191 et
857 5136 1149 5192 Canusina
1179 5136 1432 5204 civitate,
1456 5137 1585 5192 vide
1607 5135 1647 5193 l.
1670 5153 1733 5202 ιι,
1757 5151 1807 5192 c.
1834 5134 1916 5190 15.
2102 5135 2172 5206 (θ)
2207 5135 2278 5190 Mi

336 5133 416 5217 (1»)
445 5133 757 5217 De_Sabin_o
779 5141 836 5191 et
857 5136 1149 5217 genusina
1179 5136 1432 5217 civitate,
1456 5137 1585 5192 vide
1607 5135 1647 5193 l.
1670 5153 1733 5202 ιι,
1757 5151 1807 5192 c.
1834 5134 1916 5190 15.

1891 5134 1916 5190 i.
2204 5135 2339 5217 Ms”
2372 5133 2736 5217 119.08.5H19C2.
2771 5135 2835 5192 τὰ
2861 5141 2960 5217 τοῦ
2991 5135 3299 5215 ἀρχεκάκου
3330 5137 3553 5217 ἐχθροῦ.

273 5204 684 5282 Hartyrologio
706 5207 1048 5282 inscribitur
1069 5207 1161 5282 die
1180 5207 1345 5264 Febr.
1367 5208 1423 5262 9.
1456 5278 1497 5282 Α
1607 5279 1615 5282 _
1754 5276 1823 5282 λ,-

1415 5249 1423 5262 .
1456 5281 1461 5282 ν
1485 5278 1497 5282 _
1607 5279 1615 5282 Α
1754 5279 1762 5282 Α
1788 5276 1823 5282 __
2204 5207 2337 5282 his,
2368 5204 2721 5282 κὰζένάὑτῷ
2749 5204 3077 5282 κατέμεινενξ

337 5276 997 5370 (c).'JPri‘rnus'Clar‘not.,
1046 5281 1255 5360 spiritu
1296 5278 1718 5370 gravidulae.”
1737 5276 1918 5344 Alter,

2105 5276 2183 5370 ςςξ
2209 5279 2343 5370 ρξε’..
2377 5277 2588 5370 χοίρων
2610 5276 3229 5370 βρυγμιςοῖδιῇαοι·ιιιειεοζ
3243 5286 3545 5370 γρυσμους)
3565 5282 3677 5370 καὶ.

270 5351 639 5426 providentia.
675 5352 804 5408 Val.
828 5351 911 5407 Cl.
936 5363 989 5408 et
1031 5349 1257 5422 primus
1296 5352 1535 5419 Theod.,
1556 5351 1758 5422 spiritu
1785 5365 1922 5421 pro-

2207 5349 2342 5426 Ms.,
2375 5349 2459 5426 ιξτν
2483 5349 2864 5426 ’ἐσχάτουπῶν
2894 5353 3138 5426 ἡμέρων,
3163 5349 3537 5426 τῶξπιστῶνᾼ,
3566 5359 3676 5410 etc.

269 5414 494 5500 imit:-
615 5495 645 5500 _
803 5494 927 5500 ,_
1031 5414 1049 5422 ’
1156 5492 1367 5500 ----.
1468 5414 1656 5500 ζ’-
1765 5414 1921 5500 .-

2207 5414 2336 5500 Ms.
2367 5422 2499 5498 ὅπερ
2531 5414 2884 5500 ⁴ιξλατυτὲρως
2913 5414 3059 5500 παρὰ
3089 5414 3326 5500 πολλοῖς
3357 5427 3409 5482 ἂν
3448 5414 3678 5500 εἷ’δξήσιι.

337 5496 415 5564 (Δ)
439 5494 566 5551 Duo
606 5495 864 5564 Carnot.,
886 5494 1115 5569 Comp.,
1153 5493 1282 5569 Val.
1308 5492 1418 5558 CL,
1461 5493 1684 5569 Gemet.
1727 5494 1786 5569 et
1823 5489 1924 5547 alii
2105 5489 2176 5569 (1")
2207 5489 2418 5569 Vocem
2449 5489 2662 5569 τινεδμα
2690 5489 2966 5558 omissam
2993 5489 3058 5558 in
3091 5501 3193 5558 Ed.
3242 5499 3374 5557 Vat.
3408 5505 3466 5559 et
3509 5489 3686 5554 G‘uss.

272 5562 494 5632 nam,
515 5584 642 5623 eum
680 5562 1014 5638 uniusivel,
1036 5562 1167 5639 imi)
1198 5582 1269 5624 ea:
1303 5567 1495 5639 pueris
1521 5565 1641 5635 eius
1674 5562 1929 5639 animum
2036 5562 2399 5639 restituimur
2429 5585 2498 5626 ex
2526 5562 2634 5628 Ms.

275 5640 623 5720 arrupiuet.
681 5634 1004 5720 Sequimur
1050 5634 1245 5720 Germ.
1299 5634 1385 5720 ὀξ-
1404 5634 1558 5720 alios
1588 5635 1752 5720 Cod,
1801 5639 1927 5719 tum

1050 5634 1245 5720 Germ.
1299 5634 1385 5720 ὀξ-
1404 5634 1558 5720 alios
1588 5635 1752 5720 Cod,
1801 5639 1927 5719 tum
2109 5635 2184 5712 (k)
2216 5634 2348 5712 Mm,
2380 5639 2682 5720 μυστηρίω.

277 5707 545 5785 scripios,
565 5714 689 5773 tum
709 5707 994 5790 vulgatos,
1019 5711 1234 5789 quibus
1263 5708 1614 5783 sutiragatur
1635 5707 1816 5768 Grec.
1840 5707 1931 5766 in-
