4210 6160
397 342 518 405 227

1606 336 1884 399 SANCTI
1927 337 2296 400 GREGORII
2342 337 2583 399 MAGNI

3691 337 3812 399 228

400 475 593 554 ἀνδρὸς
615 475 760 550 ἐντῷ
781 476 860 550 (α)
879 476 1276 549 παρεκταθῆναι
1300 470 1400 541 τήν
1424 470 1596 540 ζωὴν,
1620 470 1710 526 καὶ
1733 469 1808 533 εἷς
1835 471 2039 548 μακρὸν

2164 474 2303 531 seris
2340 474 2465 544 ejus
2501 471 2764 527 animum
2793 471 3160 543 corrupisset,
3184 477 3247 527 ut
3278 470 3519 528 mistum
3555 471 3688 528 vino
3727 488 3826 530 ve-

399 574 579 644 γῆρας
601 564 954 638 ἐληλακέναι,
986 564 1014 618 6
1042 561 1241 617 τούτου
1275 557 1666 638 ἀρχιδιὰκονος
1693 563 1762 634 τῇ
1786 562 2048 636 ἐπιθυμιᾳ

399 663 502 727 τῆς
519 656 816 724 ἐπισκοπῆς
840 647 1310 724 ἒκκαιόμενος,διὰ
1326 649 1496 704 ποτοῦ
1519 647 1865 726 δηλητηρίου
1889 663 2048 716 cava.

399 750 568 801 τῶσαι
585 744 741 800 αὐτὸδ
758 740 1124 812 ἠθέλησε.Διὰ
1143 736 1332 815 δώρων
1353 739 1456 814 γὰρ
1475 741 1681 810 τὴντοῦ
1701 744 1779 815 (b)
1800 739 2049 816 ἐπιγχὲρ-

398 855 493 889 νου
506 835 673 888 αὑτοῦ
693 827 1757 906 ψυχήνοδιαφθείρας,παρεσκεύασεν,ῗνα
1785 830 1931 885 οἶνον
1953 849 2046 900 με·

403 924 662 999 μιγμένον
677 923 832 994 τῷἱῷ
843 922 906 977 τὸ
921 922 1186 995 ποτήριον
1204 919 1349 992 αὑτῷ
1361 917 1601 994 έπιδώσῃ
1614 919 1666 975 ἐν
1684 925 1751 994 τῇ
1763 926 1862 989 τῆς
1878 919 2052 976 ἑστιά-

401 1034 536 1075 σεως
557 1011 809 1088 ὥρᾳ.Τοῦ
832 1009 890 1066 δὲ
917 1011 1201 1086 ἀνθρώπου
1217 1014 1314 1065 τοῦ
1347 1013 1483 1064 Θεοῦ
1513 1008 1602 1065 ἐπὶ
1627 1013 1708 1082 τῷ
1738 1010 2049 1079 ἑπιαθῆναι

399 1100 802 1170 ἆνακλιθεντος,
835 1101 862 1156 6
891 1106 1007 1162 τοῖς
1032 1097 1230 1174 δώροις
1264 1096 1579 1176 διαφθαρεὶς
1601 1102 1866 1168 παῖς,τοῦ
1888 1099 2048 1155 ὶοῦτὸ

398 1194 688 1266 ποτήριον,
721 1191 853 1267 ὅπερ
885 1190 1030 1265 παρὰ
1058 1192 1154 1244 τοῦ
1185 1185 1580 1267 ἆρχιδιακόνου
1601 1183 1789 1258 ἔλαϐε,
1809 1193 1888 1261 τῷ
1910 1187 2048 1262 ἁγίῳ

395 1283 576 1355 τούτῳ
597 1279 753 1356 ἀνδρὶ
779 1278 1124 1336 ἐπιδέδωκεν.
1159 1279 1302 1354 Πρὸς
1333 1277 1390 1332 ὃν
1420 1279 1448 1334 6
1488 1276 1780 1340 ἐπίσκοπος
1812 1272 1936 1356 ἔφη·
1973 1278 2048 1332 Σὺ

397 1371 487 1428 πίε
513 1376 697 1440 τοῦτο,
730 1369 860 1445 ὅπερ
894 1368 1018 1442 ἐμοὶ
1041 1370 1436 1445 προσήνεγκας.
1461 1371 1768 1442 ’Έντρομος
1792 1365 1848 1423 δὲ
1869 1369 1896 1422 ὁ
1918 1373 2046 1431 παῖς

397 1462 681 1538 γενόμενος
704 1457 792 1515 διὰ
811 1458 874 1515 16
897 1459 1082 1514 ἑαυτὸν
1109 1457 1354 1514 ὑπαίτιον
1373 1459 1532 1527 εἶναι,
1562 1457 1801 1529 ἠθέλησε
1833 1457 2046 1531 μᾶλλον

400 1555 647 1626 (c)1061o
664 1549 1377 1624 πιεῖνκαὶάποθανεῖν,ἣπερ
1405 1549 1612 1624 βάσανα
1625 1551 1936 1625 ὑπομεῖναι,
1961 1547 2051 1604 διὰ

399 1643 500 1711 τὴν
527 1641 738 1715 τόλμαν
758 1645 855 1697 τοῦ
875 1639 1126 1695 τοιούτου
1155 1639 1439 1712 φόνου.Ἐν
1463 1640 1576 1713 ὅσῳ
1600 1637 1658 1694 δὶ
1679 1637 1732 1696 έν
1757 1644 1838 1713 τῷ
1859 1641 2048 1695 ἑαυτοῦ

401 1731 630 1804 στόματι
659 1729 720 1786 16
751 1731 1017 1804 ποτήριον
1053 1729 1356 1805 ὑπήγαγεν,
1389 1729 1417 1783 6
1449 1727 1736 1803 ἄνθρωπος
1764 1733 1862 1784 τοῦ
1893 1725 2046 1796 Θεοῦ,

2162 563 2298 620 neni
2322 562 2372 618 ei
2398 562 2675 632 poculum
2716 561 3012 632 praeberet,
3037 561 3366 618 refectionis
3389 561 3528 617 hora
3548 577 3680 619 cum
3704 564 3828 634 jam

2161 652 2247 708 vir
2269 651 2370 708 Dei
2391 653 2460 708 ad
2484 653 2775 708 edendum
2810 651 3228 718 discumberet,
3271 651 3323 706 ei
3359 651 3613 722 praemiis
3635 667 3832 709 corru-

2161 749 2290 814 ptus
2327 757 2465 814 puer
2509 741 2615 797 hoc
2645 741 2796 813 quod
2827 740 2899 796 ab
2928 739 3342 797 archidiacono
3374 741 3499 812 ejus
3530 746 3833 812 acceperat

2161 833 2367 890 veneni
2400 831 2678 904 poculum
2707 830 2934 888 obtulit.
2967 830 3071 886 Cui
3113 829 3303 886 statim
3337 831 3685 888 venerabilis
3705 831 3829 902 epi-

2161 937 2367 993 scopus
2389 922 2571 977 dixit:
2603 921 2738 978 Bibe
2769 928 2828 977 tu
2864 921 2972 978 hoc
2993 921 3140 992 quod
3166 919 3307 977 mihi
3331 920 3656 978 bibendum
3679 937 3828 993 prae-

2161 1010 2285 1066 bes.
2329 1011 2716 1068 Tremefaclus
2756 1025 2913 1082 puer,
2956 1009 3380 1083 deprehensum
3421 1026 3482 1067 se
3521 1026 3647 1066 esse
3683 1027 3818 1068 sen-

2162 1100 2333 1167 tiens,
2359 1100 2557 1157 maluit
2581 1100 2893 1156 moriturus
2933 1099 3128 1157 bibere
3168 1116 3337 1172 quam
3377 1116 3576 1172 pcenas
3598 1117 3699 1172 pro
3725 1100 3824 1158 illa

2163 1191 2303 1246 tanti
2344 1189 2645 1248 homicidii
2683 1190 2851 1262 culpa
2889 1189 3154 1246 tolerare.
3196 1191 3453 1263 Cumque
3495 1191 3606 1247 sibi
3643 1192 3715 1247 ad
3754 1207 3823 1248 os

2163 1279 2403 1338 calicem
2443 1281 2701 1350 duceret,
2740 1279 2829 1335 vir
2868 1279 3101 1337 Domini
3143 1280 3512 1352 compescuit,
3557 1280 3763 1338 dicens
3808 1297 3824 1338 :

2161 1369 2287 1426 Non
2324 1370 2507 1442 bibas,
2550 1371 2622 1426 da
2667 1369 2829 1436 mihi,
2862 1384 2966 1440 ego
2995 1369 3166 1437 bibo;
3209 1371 3310 1426 sed
3345 1371 3507 1438 vade,
3532 1370 3624 1426 dic
3656 1371 3706 1427 ei
3729 1370 3826 1442 qui

2163 1458 2264 1515 tibi
2286 1458 2426 1515 illud
2461 1459 2653 1516 dedit:
2695 1460 2809 1531 Ego
2850 1459 3079 1530 quidem
3123 1475 3403 1516 venenum
3443 1460 3602 1528 bibo,
3626 1460 3729 1516 sed
3755 1466 3815 1516 tu

2162 1547 2462 1619 episcOpus
2487 1564 2601 1604 non
2617 1548 2926 1604 eris.Facto
2939 1547 3113 1619 igitur
3130 1548 3298 1621 signo
3316 1548 3826 1617 crucis,venenum

2162 1638 2464 1709 episcopus
2496 1637 2636 1694 bibit
2665 1653 2918 1695 securus.
2944 1639 3266 1710 Eademque
3300 1638 3435 1694 hora
3468 1639 3526 1694 in
3553 1638 3677 1696 loco
3700 1637 3817 1695 alio

2163 1742 2272 1799 quo
2294 1728 2477 1784 inerat
2499 1727 2944 1784 archidiaconus
2966 1727 3088 1797 ejus
3108 1729 3408 1784 defunctus
3429 1735 3536 1796 est,
3559 1745 3625 1784 ac
3647 1729 3697 1785 si
3719 1745 3824 1800 per

401 1817 726 1876 διεκώλυσεν
748 1820 931 1888 αὑτὸν,
957 1817 1154 1894 λέγων.
1180 1819 1268 1885 Μὴ
1290 1817 1423 1892 πίῃς
1438 1817 1588 1888 αὐτὸ,
1612 1816 1738 1892 ἒμοὶ
1761 1815 1818 1872 δὶ
1833 1816 2046 1891 μᾶλλον

2164 1833 2227 1873 os
2247 1817 2504 1889 episcopi
2527 1817 2594 1872 ad
2618 1815 3008 1873 archidiaconi
3032 1817 3248 1874 viscera
3277 1817 3376 1873 illa
3397 1833 3614 1874 venena
3636 1825 3822 1874 trans-

399 1908 529 1965 a616
563 1907 676 1979 δὸς,
701 1908 854 1985 κᾲγὼ
895 1908 1022 1963 αὐτὸ
1049 1906 1208 1963 πίνω.
1243 1906 1466 1979 Ἐκείνῳ
1494 1904 1551 1962 δὲ
1580 1910 1660 1979 τῷ
1691 1904 1922 1962 δώσαντί
1961 1927 2048 1962 σοι

401 2002 553 2069 αὐτὸ,
581 1999 784 2057 ἄπελθε
805 2000 896 2056 καὶ
926 1999 1062 2055 εἷ’πέ·
1086 2001 1232 2076 Ἐγὼ
1258 1999 1352 2073 μὲν
1378 1999 1472 2055 τὸν
1501 1999 1578 2053 ίὸν
1599 1997 1829 2069 πίνω,σύ
1852 1996 1909 2054 δὲ
1931 1995 2051 2053 ἐπί-

403 2111 604 2153 σκοπος
633 2091 694 2146 o6
731 2091 807 2164 μή
849 2091 1076 2167 γενήσῃ.
1121 2091 1359 2159 Ποιήσας
1402 2087 1494 2144 06v
1533 2089 1595 2144 16
1633 2093 1729 2144 106
1777 2088 2051 2158 ξωοποιοὸ

2158 1909 2357 1964 issent.
2401 1907 2502 1963 Cui
2543 1915 2732 1963 tamen
2767 1908 2838 1963 ad
2863 1907 3218 1964 inferendam
3259 1912 3502 1964 mortem
3530 1923 3821 1965 venenum

2161 1998 2387 2069 quidem
2445 1995 2744 2068 corporale
2791 1996 2994 2066 defuit,
3050 1997 3146 2052 sed
3200 1996 3353 2054 hunc
3401 1999 3460 2053 in
3504 2004 3820 2069 conspectu

2161 2085 2591 2157 aeternijudicis
2612 2102 2898 2142 venenum
2921 2101 3039 2142 sum
3060 2085 3292 2143 malitiae
3312 2087 3542 2144 occidit.

401 2186 632 2257 σταυροῦ
663 2186 918 2255 σημεῖον,
951 2179 1272 2254 ἀμερίμνως
1303 2181 1330 2235 6
1363 2178 1656 2242 ἒπίσκοπος
1686 2179 1777 2235 τὸν
1811 2180 1887 2234 ἰὸν
1917 2173 2086 2238 ἔπιεν.
2120 2179 2208 2234 Ἐν
2242 2176 2408 2250 ἑτέρῳ
2439 2173 2497 2230 δὲ
2526 2174 2681 2249 τόπῳ
2708 2180 2806 2231 τοῦ
2836 2174 3230 2251 ἂρχιδιακόνου
3259 2177 3429 2232 αὐτοῦ
3451 2175 3814 2253 ὑπάρχοντος,

399 2269 454 2327 ξν
485 2271 623 2345 αὐτῇ
653 2270 722 2345 τῇ
753 2271 872 2346 ὥρᾳ
901 2267 1274 2340 ἐτελεύτησεν,
1304 2270 1507 2344 τρόπον
1539 2270 1681 2338 τινὰ,
1712 2269 1785 2331 ὡς
1813 2266 1909 2326 ’ίνα
1940 2265 2030 2324 διὰ
2055 2271 2153 2324 τοῦ
2184 2267 2458 2339 στόματος
2502 2269 2600 2320 τοῦ
2647 2264 2967 2340 ἐπισκόπου,
3028 2266 3103 2328 εἰς
3149 2266 3218 2321 τὰ
3263 2265 3466 2322 ἐκείνου
3523 2268 3819 2344 σπλάγχνα

397 2364 495 2414 τοῦ
527 2359 612 2415 ἰοῦ
643 2359 1003 2422 εὶσελθὸντοςο
1037 2361 1189 2432 ᾧτινι
1222 2365 1554 2433 σωματικῶς
1586 2360 1663 2421 εἰς
1695 2358 1758 2414 τὸ
1791 2356 2088 2436 ἐπαγαγεῖν
2123 2358 2353 2412 θάνατον
2386 2355 2468 2419 ίὸς
2503 2356 2566 2412 οὑ
2597 2359 2955 2434 προσηγγισε,
2991 2354 3204 2431 μᾶλλον
3235 2353 3290 2412 δὲ
3322 2358 3349 2412 6
3382 2358 3462 2421 ἰὸς
3493 2361 3593 2424 τῆς
3629 2359 3822 2416 ἑαυτοῦ

403 2448 595 2512 κακίας
624 2454 818 2504 τοῦτον
847 2446 1079 2504 ἐνώπιον
1105 2453 1202 2504 τοῦ
1233 2448 1456 2504 αἰωνίου
1486 2453 1677 2522 κριτοῦ
1709 2448 1974 2523 ἐφόνευσε.

473 2539 673 2597 HETP.
697 2538 990 2611 Θαυμαστὰ
1013 2539 1144 2593 εἰσιν
1166 2533 1457 2609 ὅντως,καῖ
1475 2544 1592 2601 τοῖς
1611 2540 1902 2614 ἡμετέροις
1920 2537 2059 2615 χρό-

399 2651 518 2692 νοις
541 2625 747 2704 σφόδρα
770 2626 1352 2699 ἔκπληκταΊοιαὺτης
1377 2625 1434 2683 δὶ
1452 2635 1552 2699 τῆς
1575 2634 1722 2698 ζωῆς
1744 2633 1842 2684 τοῦ
1863 2625 2056 2704 ἀνδρὸς

409 2719 606 2777 τούτου
640 2717 771 2772 εἶναι
825 2715 1294 2793 μαρτυρουμένης,
1347 2719 1449 2787 τὴν
1499 2717 1840 2797 ἀναστροφὴν
1890 2717 2056 2773 αὐτοῦ

399 2831 483 2874 τις
517 2806 794 2883 διαγνοὺς,
826 2808 944 2869 πῶς
974 2808 1072 2876 τήν
1105 2805 1333 2880 δύναμιν
1364 2805 1467 2862 οὐκ
1497 2805 1706 2887 ὀφείλει
1738 2808 2052 2882 θαυμάσαις

1037 2900 1300 2958 ΚΕΦΑΛ.
1350 2904 1416 2962 ς’,

593 2988 724 3063 Περὶ
761 2984 1000 3045 Κασσίου
1032 2986 1334 3042 ἐπισκόπου
1365 2987 1580 3051 πόλεως
1621 2988 1871 3063 Ναρνίας.

475 3078 877 3134 ΓΡΙΙΓΟΡΙΟΣ.
905 3073 1045 3133 Οὐδὲ
1065 3079 1251 3144 τοῦτο,
1274 3075 2049 3154 Πέτρε,παρασιωπήσω,δπερ

408 3168 556 3244 παρᾶ
584 3165 813 3224 πολλῶν
839 3171 948 3223 τῶν
978 3166 1036 3223 ἐκ
1066 3175 1168 3237 τῆς
1200 3170 1432 3241 Ναρνίας
1458 3168 1674 3234 πόλεως
1704 3171 1820 3224 καθ’
1840 3171 2048 3245 ἡμέραν

2239 2539 2408 2595 Pera.
2453 2539 2594 2596 Mira
2633 2543 2771 2595 sunt
2809 2539 2950 2610 haec,
2985 2544 3041 2597 et
3081 2542 3295 2598 nostris
3333 2541 3499 2598 valde
3538 2545 3822 2614 stupenda

2170 2629 2562 2700 temporibus;
2605 2629 2701 2685 sed
2743 2629 2875 2686 talis
2896 2630 3159 2701 ejusdem
3195 2631 3302 2687 viri
3339 2633 3454 2688 vita
3491 2634 3823 2704 perhibetur

2165 2724 2225 2773 ut
2248 2719 2342 2789 qui
2368 2718 2858 2776 conversationem
2899 2721 3027 2791 ejus
3047 2721 3360 2792 agnoverit,
3396 2723 3663 2780 virtutem
3701 2739 3819 2780 non

2163 2807 2366 2864 debeat
2398 2808 2618 2868 mirari.

2803 2899 3034 2956 CAPUT
3077 2900 3167 2958 νι.

2379 2987 2450 3044 De
2482 2987 2668 3044 Cassio
2698 2989 3024 3046 Narniensi:
3051 2990 3301 3048 civitatis
3329 2992 3594 3065 episcopo.

2232 3075 2585 3134 Gnacomus.
2611 3077 2804 3150 Neque
2837 3078 2966 3148 hoc,
2992 3080 3174 3151 Petre,
3215 3079 3412 3138 sileam
3451 3083 3601 3154 quod
3646 3082 3814 3141 multi

2161 3182 2317 3224 nunc
2340 3168 2440 3239 qui
2462 3168 2558 3224 hic
2570 3169 2638 3224 de
2659 3168 2960 3226 Narniensi
2975 3169 3204 3227 civitate
3220 3172 3430 3228 adsunt
3446 3173 3589 3228 mihi
3613 3174 3818 3232 sedulo

409 3228 545 3334 πρδς
565 3259 714 3332 ἡμᾶς
736 3228 1179 3333 παραγινομένων
1209 3228 1623 3334 μαρτυρούντων
1646 3228 2047 3329 ἀκήκοαίζΈλε-

2164 3228 2565 3314 testiﬁcantur.
2617 3258 2826 3315 Eodem
2881 3276 3131 3331 namque
3185 3260 3497 3318 Gothorum
3537 3228 3817 3334 tempore,

407 3370 504 3425 γον
533 3350 660 3426 γὰρ,
684 3347 766 3404 6'11
791 3348 840 3402 ἐν
867 3354 984 3410 τοῖς
1007 3347 1190 3410 αὐτοῖς
1211 3353 1319 3404 τῶν
1345 3349 1555 3414 Γότθων
1581 3350 1804 3427 χρόνοις
1831 3351 1858 3404 6
1881 3349 2048 3425 προῤ-

407 3439 594 3514 ῥηθεὶς
756 3435 989 3500 Τοτίλας
1024 3437 1099 3499 είς
1146 3437 1377 3512 Ναρνίαν
1417 3439 1515 3507 τήν
1562 3437 1722 3493 πόλιν
1759 3433 2048 3499 κατέλαϐε.

407 3529 640 3590 Κάσσιος
657 3525 712 3582 δὲ
728 3528 867 3595 ὁτῆς
880 3527 1048 3595 αὐτῆς
1080 3525 1296 3588 πόλεως
1320 3528 1635 3599 ἐπίσκοπος,
1661 3527 1796 3604 ἄνήρ
1818 3531 1952 3583 πάνυ
1978 3533 2046 3603 τῇ

413 3621 526 3692 ζωῇ
559 3611 952 3678 εὐλαϐέστατος
978 3617 1262 3694 ὑπάρχων,
1287 3614 1338 3671 ἐν
1360 3617 1650 3688 ὑπαντήσει
1673 3619 1821 3691 αὐτῷ
1840 3618 2045 3695 γέγονε.

406 3704 676 3777 Τοιαύτης
711 3706 768 3760 δὲ
797 3706 1037 3781 κράσεως
1070 3706 1098 3759 6
1128 3705 1268 3782 ἀνῆρ
1299 3706 1568 3781 ὑπῆρχεν,
1603 3705 1685 3761 6'11
1718 3707 1781 3762 16
1829 3706 2049 3783 πρόσω-

404 3815 502 3851 πον
519 3794 1642 3872 αὐτοῦ((1)πυῤῥακίζεινἐφαίνετοΤοῦτον
1658 3795 1893 3858 Τοτίλας
1908 3795 2044 3874 6

403 3886 752 3959 Θεασάμενος,
777 3883 907 3963 οὐχὶ
930 3883 988 3940 ἐκ
1009 3883 1219 3961 φύσεως
1241 3886 1378 3939 εἶναι
1401 3883 1560 3940 αὑτὸν
1583 3891 1834 3941 τοιοῦτον
1857 3884 2046 3960 ἐνόμιο

405 3993 512 4041 σεν,
544 3971 688 4029 ἀλλὰ
713 3971 924 4047 μᾶλλον
945 3972 1004 4028 ἐκ
1025 3971 1243 4043 πολλῆς
1271 3978 1368 4029 τοῦ
1395 3972 1545 4029 οἷ’νου
1568 3974 1932 4047 πόσεως,ὅλεν
1955 3975 2044 4031 καὶ

401 4060 736 4119 παντᾶπασιν
752 4062 913 4117 αὑτὸν
930 4057 1272 4135 ἐεδελύξατο.
1295 4063 1356 4120 Ὀ
1380 4060 1436 4117 δὲ
1459 4061 1866 4137 παντοδὺναμος
1891 4065 2043 4138 Θεὸς,

403 4149 574 4217 θέλων
599 4149 859 4222 ἐπιδεῖξαι
892 4151 1083 4211 ὁποῖος
1107 4152 1134 4205 6
1169 4148 1491 4226 βδελυχθεὶς
1527 4151 1762 4229 ὑπάρχει
1786 4154 1946 4229 ἀνὴρ,
1969 4153 2046 4217 εἰς

401 4241 494 4297 τὸν
526 4241 754 4318 Ναρνίας
783 4243 998 4313 καμπον
1027 4244 1124 4296 τοῦ
1157 4239 1323 4316 ῥηγὸς
1345 4241 1808 4318 παραγενομένου,
1833 4247 2046 4318 πνεῦμα

403 4329 643 4403 πονηρὸν
677 4327 904 4383 ἐνώπιον
937 4327 1132 4390 παντὸς
1155 4333 1250 4382 τοῦ
1278 4334 1508 4404 στρατοῦ
1538 4329 1615 4392 είς
1647 4324 1734 4386 ἕνα
1761 4336 1868 4388 τῶν
1904 4353 2044 4388 σπα-

403 4419 604 4494 θαρίων
621 4417 784 4474 αὐτοῦ
807 4416 1138 4490 είσῆλθε,καὶ
1153 4423 1344 4474 τοῦτον
1365 4418 1665 4494 ὠμοτάτως
1681 4422 1883 4495 ἤρξατο
1898 4419 2044 4498 διαρ-

402 4510 640 4585 ῥήσσεινο
671 4507 817 4572 ὅστις
840 4508 1066 4564 ἐνώπιον
1098 4513 1204 4564 τῶν
1236 4515 1334 4565 τοῦ
1368 4509 1540 4586 ῥηγὸς
1572 4511 1871 4590 ὀφθαλμῶν
1903 4513 2042 4588 πρὸς

2163 3362 2293 3402 cum
2317 3347 2584 3420 praefatus
2608 3364 2702 3404 rex
2741 3349 2927 3405 Totila
2950 3351 3022 3419 (ε)
3056 3349 3328 3407 Narniam
3369 3352 3633 3422 venisset,
3657 3354 3707 3408 ei
3731 3353 3819 3409 vir

2160 3437 2287 3492 vitea
2328 3436 2678 3494 venerabilis
2723 3438 2950 3494 Cassius
2999 3439 3256 3511 ejusdem
3312 3440 3472 3497 urbis
3511 3443 3816 3514 episcopus

2161 3527 2428 3583 occurrit.
2461 3527 2562 3583 Cui
2586 3529 2715 3598 quia
2738 3529 2807 3600 (Ι)
2838 3545 2904 3585 ex
2945 3531 3356 3600 conspersione
3393 3547 3617 3602 semper
3637 3532 3814 3590 facies

2161 3616 2365 3673 rubere
2387 3619 2899 3686 consueverat,hoc
2922 3635 3016 3675 rex
3040 3619 3226 3675 Totila
3245 3636 3360 3676 non
3377 3621 3812 3693 conspersicnis

2159 3720 2288 3762 esse
2309 3705 2574 3774 credidit,
2598 3707 2696 3762 sed
2724 3706 2967 3763 assiduae
2998 3708 3328 3780 potationis,
3351 3725 3595 3781 eumque
3616 3710 3807 3766 omni-

2161 3794 2332 3850 modo
2371 3795 2646 3866 despexit.
2678 3795 2785 3850 Sed
2825 3797 3191 3868 omnipoteus
3244 3798 3408 3866 Deus,
3454 3807 3513 3853 ut
3561 3806 3810 3869 quantus

2158 3883 2242 3939 vir
2262 3888 2416 3940 esset
2435 3883 2531 3955 qui
2555 3884 2982 3957 despiciebatur
3004 3887 3367 3954 ostenderet;
3414 3887 3472 3943 in
3496 3887 3813 3944 Narniensi

2158 3988 2362 4045 campo
2385 3989 2496 4044 quo
2535 3990 2633 4029 rex
2671 3975 3000 4046 advenerat,
3038 3974 3328 4047 malignus
3351 3976 3590 4048 spiritus
3612 3993 3808 4034 coram

2159 4063 2315 4118 omni
2339 4063 2589 4118 exercitu
2632 4063 2857 4134 ejus(g)
2888 4064 3242 4135 spatharium
3285 4066 3523 4137 invasit,
3559 4083 3814 4139 eumque

2158 4168 2358 4209 vexare
2379 4153 2688 4210 crudeliter
2709 4154 3015 4226 coepit.Qui
3038 4172 3168 4211 cum
3193 4164 3323 4212 ante
3347 4157 3496 4227 regis
3518 4157 3715 4213 oculos
3737 4157 3816 4213 ad

2155 4243 2550 4299 venerandum
2576 4243 2756 4299 virum
2784 4243 3041 4300 Cassium
3082 4245 3284 4302 fuisset
3323 4246 3629 4313 adductus,
3656 4247 3818 4303 hunc

2159 4332 2311 4388 289
2335 4332 2407 4387 ab
2439 4347 2505 4388 eo
2538 4333 2623 4388 vir
2659 4332 2888 4388 Domini
2923 4333 3176 4390 oratione
3221 4335 3390 4400 facta,
3431 4335 3593 4406 signo
3625 4336 3824 4392 crucis

2156 4421 2506 4494 expulit,qui
2529 4423 2585 4478 in
2611 4438 2745 4478 eum
2773 4423 2995 4494 ingredi
3019 4424 3263 4480 ulterius
3282 4442 3398 4482 non
3424 4426 3821 4498 praesumpsit.

2158 4514 2366 4584 Sicque
2388 4514 2600 4569 factum
2627 4519 2716 4569 est
2738 4519 2799 4570 ut
2819 4531 2914 4571 rex
2935 4514 3218 4572 barbarus
3240 4533 3468 4574 servum
3493 4517 3594 4573 Dei
3617 4518 3690 4573 ab
3713 4516 3823 4574 illo

397 4601 490 4655 16v
523 4593 918 4656 εὐλαϐέστατον
947 4595 1115 4674 ἄνδρα
1138 4599 1370 4655 Κάσσιον
1396 4599 1700 4674 ἀπηνέχθη.
1732 4603 1793 4658 Ὁ
1815 4600 1870 4656 δὲ
1893 4605 2046 4660 290

2164 4605 2264 4668 iam
2288 4603 2382 4660 die
2403 4610 2774 4660 veneraretur
2794 4621 2860 4660 ex
2887 4607 3074 4676 corde,
3092 4621 3263 4678 quem
3288 4607 3622 4680 despectum
3647 4605 3819 4664 valde

398 4695 496 4746 106
543 4693 677 4745 Θεοῦ
716 4688 1002 4764 ἅνθρωπος
1055 4687 1228 4763 εὐχὴν
1284 4690 1626 4759 πεποιηκώς,
1679 4689 1769 4745 καὶ
1825 4695 1905 4763 τῷ
1951 4695 2048 4747 106

403 4782 633 4852 σταυροῦ
667 4777 883 4852 σημείῳ
917 4776 1214 4855 σφραγίσας
1245 4777 1429 4848 αὑτὸν,
1478 4779 1570 4833 τὸν
1611 4775 1843 4852 δαίμονα
1871 4778 1923 4851 ἐξ
1952 4780 2052 4837 αὖ·-

400 4871 496 4923 τοῦ
518 4865 881 4937 ἀπήλασε,καὶ
903 4869 1000 4921 τοῦ
1025 4867 1224 4922 λοιποῦ
1247 4865 1422 4922 έλθεῖν
1445 4868 1580 4942 πρὸς
1605 4867 1765 4923 αὐτὸν
1788 4867 2051 4927 οὗκέτόλ-

2153 4692 2453 4765 judicabat
2494 4709 2562 4750 ex
2594 4692 2758 4750 facie.
2781 4694 2926 4750 Nam
2971 4695 3105 4766 quia
3143 4697 3331 4752 virum
3375 4702 3543 4753 tanta:
3582 4695 3819 4752 virtutis

2159 4781 2321 4853 vidit,
2347 4783 2668 4853 ergaillum
2707 4781 2809 4840 illa
2849 4799 3011 4840 mens
3050 4784 3225 4842 eil‘era
3265 4785 3335 4841 ab
3375 4784 3638 4843 elationis
3657 4785 3813 4842 fastu

2160 4873 2470 4931 detumuit.

405 4976 595 5031 μησεν.
629 4955 788 5013 Οὕτω
813 4955 988 5011 τοίνυν
1023 4955 1258 5033 γέγονεν,
1293 4955 1441 5018 ὅπως
1475 4957 1502 5012 6
1537 4953 1812 5034 βάρϐαρος
1975 4959 2070 5018 ἄπ’
2097 4959 2306 5033 ἐκείνης
2336 4961 2532 5018 λοιπὸν
2555 4969 2655 5032 τῆς
2687 4961 2901 5038 ἡμέρας
2929 4962 3020 5018 τὸν
3055 4959 3257 5019 δοῦλον
3286 4967 3381 5020 τοῦ
3414 4968 3547 5022 Θεοῦ
3578 4958 3817 5039 σεϐασθῇ

401 5046 463 5102 ἐκ
487 5042 736 5120 καρδίας,
771 5047 830 5100 ὅν
859 5041 1120 5121 πρότερον
1151 5041 1527 5115 ἐϐδελύσσετο,
1561 5044 1651 5101 διὰ
1678 5050 1779 5118 τὴν
1809 5053 1904 5104 τοῦ
1935 5052 2233 5126 προσώπου
2259 5053 2426 5107 αὐτοῦ
2458 5050 2788 5127 ἐπιφάνειαν.
2815 5054 3157 5126 Θεασάμενος
3181 5055 3284 5129 γὰρ
3337 5051 3499 5130 ἄνδρα
3545 5053 3822 5127 τοσαύτης

402 5133 703 5212 δυνάμεως,
734 5133 935 5198 ἐκεῖνος
968 5137 996 5191 6
1027 5136 1149 5212 περί
1181 5135 1342 5191 αὑτὸν
1375 5133 1660 5212 θηριώδης
1690 5137 1983 5216 λογισμὸς,
2017 5143 2044 5198 6
2073 5145 2140 5216 τῇ
2176 5141 2511 5219 ὑπερηφανία
2536 5142 2968 5220 κορυφούμενος,
2999 5141 3370 5216 διεσκεδάσθη.

474 5245 548 5320 (α)
572 5247 641 5320 in
673 5245 863 5308 editis,
895 5251 1350 5320 napsxmueﬁvat.

474 5250 525 5318 (α
582 5250 641 5300 In
673 5250 863 5308 editis,
895 5251 1350 5320 παρεκταυθῆναι.

469 5250 799 5394 (ὁζᾲΜεητοῦ
823 5318 1087 5394 Πικὲρνου
1104 5317 1288 5394 ψυχὴν
1314 5313 2042 5394 ιαφθείρας,παρεσκεύασεν

393 5383 488 5467 ’ίνᾴ
517 5383 652 5467 οἷ’)νιρ
685 5383 1008 5467 μεμιγμένῳ
1036 5383 1435 5467 1616610616
1467 5383 1755 5467 ποτήριον.

490 5469 539 5528 c)
570 5459 697 5532 619.,
723 5459 890 5535 τοῦτο
922 5459 1264 5535 ποιεῖν-ἢπερ
1301 5459 1524 5535 βάσανα.

493 5536 548 5593 d)
577 5530 712 5610 Ms.,
744 5530 1074 5610 πυῤῥακίζον
1103 5530 1363 5610 έιραίνετο.

471 5609 540 5680 (_e)
572 5604 1003 5680 AutLNarhius,
1028 5604 1368 5680 vel'Narny,
1402 5612 1463 5661 ut
1494 5605 1551 5663 in
1579 5607 1870 5680 plerisque
1900 5614 2036 5666 Mss.

399 5675 667 5753 habetur.
692 5677 792 5734 Est
809 5681 1006 5753 autem
1027 5676 1481 5753 Narnia‘tNarna‘
1498 5675 1651 5751 apud
1674 5675 2039 5753 Strabonem)

404 5746 541 5804 urbs
564 5747 915 5823 episcopalis
936 5747 1185 5808 Umbria
1205 5749 1277 5806 ad
1302 5749 1517 5807 montis
1535 5746 1828 5820 radicem,
1843 5759 1899 5810 et
1926 5746 2036 5811 Na;

2153 5252 2543 5379 ἒεωῖἓιίνὶυξῃ
2569 5252 3060 5310 subterﬂuentem.
3086 5254 3334 5311 Sanctus
3354 5254 3581 5311 Cassius
3605 5254 3822 5313 colitur

2193 5340 2244 5379 ιθ
2385 5341 2522 5379 unu.

2193 5325 2522 5380 ie261unﬁ.

2223 5397 2299 5467 (ί)
2330 5397 3208 5469 Pler.Mss.,Aconrpersioneﬂac
3244 5415 3378 5456 voce
3407 5398 3709 5469 Gregorius
3731 5398 3820 5458 si-

2150 5469 2384 5538 gniﬁcat
2401 5469 2561 5544 _q_uo_d
2586 5466 2752 5544 vulgo
2775 5469 3218 5544 appellamusJe
3235 5466 3733 5544 temperanientmt
3749 5470 3825 5528 li-

2151 5544 2288 5614 quet
2311 5556 2380 5595 ex
2400 5539 2829 5614 libﬁng’ast”
2853 5549 3012 5610 parte
3036 5539 3582 5610 1n,admon'it.4,vel
3605 5559 3730 5614 cap.
3755 5544 3822 5613 3,

2149 5611 2206 5667 et
2289 5628 2422 5669 xxix
2445 5611 2670 5691 Moral.,
2689 5612 3013 5668 n.45.ldem
3038 5615 3362 5691 signiﬁcant
3385 5629 3558 5691 voces
3581 5611 3823 5691 Graecae,

2146 5681 2387 5761 κράσεως
2411 5692 2464 5761 et
2485 5681 2870 5761 φύσεωςευω
2892 5681 3268 5761 conspersionr'
3285 5689 3676 5761 respondent.

2217 5760 2295 5829 (g)
2317 5757 2394 5815 De
2417 5757 2524 5816 hac
2545 5773 2682 5815 voce
2704 5757 2923 5815 dictum
2945 5757 3166 5831 ad’cap.
3195 5759 3320 5818 141.
3344 5757 3405 5816 n.
