4210 6160
957 429 1193 487 CAPUT
1231 431 1354 490 VII.

483 519 558 574 Ds
585 517 808 574 Andrea
836 517 919 590 (ιι)
946 520 1237 579 Fundana?
1268 522 1515 579 civitatis
1543 524 1813 597 episcopo.

391 610 501 665 Sed
534 624 667 665 ecce
699 607 840 664 dum
873 609 1026 666 facta
1058 611 1300 668 fortium
1351 612 1610 670 virorum
1656 633 1853 682 narro,
1886 631 1979 673 re-

325 703 501 773 pente
526 699 600 755 ad
633 699 984 755 memoriam
1015 701 1171 756 venit
1191 702 1330 774 quid
1352 719 1492 776 erga
1512 707 1799 765 Andream
1822 707 1979 764 Fun-

321 791 488 845 dana
503 788 752 844 civitatis
773 789 1116 863 episcopum
1131 790 1327 849 divina
1345 794 1746 854 misericordia
1759 799 1975 855 fecerit.

320 878 485 942 Quod
508 883 706 935 tamen
728 880 798 934 ad
822 879 931 935 hoc
953 880 1281 953 legentibus
1305 889 1368 939 ut
1388 884 1577 942 valeat
1592 893 1820 960 excpto,
1836 905 1979 962 qua-

316 976 487 1025 tenus
521 968 624 1041 qui
659 985 874 1042 corpus
897 986 1070 1026 suum
1095 972 1467 1030 continentia:
1488 977 1784 1045 dedicant,
1809 978 1980 1035 habi-

315 1061 442 1112 tare
473 1073 610 1113 cum
641 1056 879 1114 feminis
907 1075 1028 1116 non
1062 1067 1456 1133 praesumant;
1480 1080 1553 1120 ne
1583 1065 1756 1124 ruina
1799 1066 1980 1124 menti

314 1151 480 1202 tanto
504 1146 811 1219 repentina
828 1147 1140 1220 subripiat,
1162 1158 1375 1222 quanto
1398 1153 1473 1208 ad
1503 1154 1614 1211 hoc
1635 1157 1805 1227 quale
1829 1157 1980 1214 male

312 1235 766 1308 concupiscitur
785 1238 958 1294 etiam
981 1241 1295 1312 prementia
1315 1243 1642 1315 concupitas
1670 1245 1871 1302 forma:
1895 1247 1977 1304 fa-

313 1326 607 1384 mulatur.
649 1326 771 1384 Nec
800 1344 891 1383 res
911 1333 1002 1384 est
1032 1329 1211 1386 dubia
1241 1347 1418 1403 quam
1451 1350 1644 1400 narro,
1677 1336 1815 1407 quia
1836 1352 1982 1409 pene

316 1417 391 1488 (ὁ)
416 1416 574 1472 tanti
598 1415 660 1472 in
682 1432 749 1473 ea
770 1419 944 1473 testes
966 1422 1126 1489 sunt,
1159 1419 1361 1490 quanti
1382 1425 1440 1478 et
1459 1423 1721 1494 ejusdem
1744 1423 1855 1481 loci
1878 1426 1981 1485 ha-

315 1506 613 1562 bitatores
660 1506 940 1562 existunt.
975 1507 1080 1564 Hic
1103 1524 1357 1582 namque
1378 1513 1728 1571 venerabilis
1748 1515 1836 1570 vir
1849 1532 1982 1573 cum

312 1599 505 1655 vitam
535 1598 746 1655 multis
781 1599 1015 1671 plenam
1047 1601 1357 1660 virtutibus
1379 1605 1632 1675 duceret,
1665 1622 1845 1678 seque
1873 1607 1981 1663 sub

308 1688 670 1746 sacerdotali
694 1688 965 1745 custodia
985 1690 1046 1747 in
1067 1692 1446 1749 continentiae
1471 1709 1605 1752 arce
1637 1697 1979 1769 cuslodiret,

1595 301 2105 365 DIALOEORUM
2150 300 2298 362 LIB.
2343 299 2450 362 III.

2006 435 2062 505 Α

3615 303 3739 366 230

2719 433 2984 490 ΚΕΦΑΛ·
3021 432 3095 490 Z‘.

2271 523 2401 597 Περὶ
2431 519 2685 596 ’Δνδρὲου
2718 521 3018 578 ἐπισκόπου
3058 520 3276 587 πόλεως
3304 521 3578 596 Φοῦνδης.

2158 615 2245 670 Ἐν
2301 612 2412 687 ὅσῳ
2451 613 2517 668 τά
2547 618 2652 669 τῶν
2685 615 2949 688 μειζόνων
2982 613 3191 691 ἀνδρῶν
3243 615 3375 693 ἔργα
3405 616 3734 695 διηγοῦμαι,

2085 702 2281 782 α’ζφνης
2313 702 2389 766 είς
2421 703 2720 777 ἀνάμνησιν
2753 703 2926 775 ἦλθον
2959 705 3082 780 περὶ
3116 702 3369 783 Ἀνδρὲου
3389 713 3486 764 τοῖ’)
3507 717 3606 780 τῆς
3630 709 3735 766 πό·

2086 791 2225 855 λεως
2241 790 2492 864 Φούνδης
2514 792 2892 865 ἐπισκόπου,τί
2914 795 2991 858 είς
3013 796 3174 851 αὐτὸν
3196 800 3230 867 ἡ
3255 796 3733 874 θείαέλεημοσύνη

2083 877 2575 958 πεποίηκε.Διὸπερ
2603 883 2838 956 μάλιστα
2857 890 2971 947 τοῖς
2993 884 3418 960 ἀναγινώσκουσι
3442 887 3731 967 φυλάττειν

2083 977 2353 1046 παραινῶν
2386 971 2475 1027 ἳνα
2506 973 2558 1028 οἱ
2595 974 2656 1028 τὸ
2689 979 2848 1046 σῶμα
2878 975 3054 1030 αὐτῶν
3083 980 3151 1049 τῇ
3199 977 3498 1052 ἐγκρατείᾳ,
3549 989 3733 1044 καθιε-

2087 1066 2327 1138 ροῦντες,
2361 1069 2686 1132 κατοικῆσαι
2713 1063 2848 1136 μετά
2867 1068 3137 1138 γυναικῶν
3163 1067 3238 1137 μή
3263 1065 3612 1141 τολμήσωσι,
3641 1068 3733 1124 καὶ

2084 1152 2343 1224 πτώματι
2372 1150 2621 1225 τοσούτῳ
2643 1157 2721 1224 τῷ
2745 1149 2997 1228 λογισμῷ
3019 1150 3504 1229 καθυποϐληθῶσι,
3527 1178 3734 1235 παρου-

2086 1241 2345 1310 σιάζουσα
2373 1241 2474 1318 γὰρ
2504 1243 2687 1322 μορφὴ
2720 1243 2816 1311 τὴν
2851 1240 3139 1316 ἐπιθυμίαν
3173 1243 3472 1315 είσοικίζει,
3498 1246 3590 1302 καὶ
3635 1267 3736 1304 κα-

2085 1334 2196 1392 κῶς
2229 1329 2534 1386 ὑποκλίνει·
2568 1330 2693 1407 περὶ
2721 1331 2781 1386 οὗ
2811 1330 2920 1407 γὰρ
2951 1332 3276 1408 πράγματος
3307 1332 3628 1411 διηγοῦμαι,
3652 1335 3738 1394 δι-

2088 1420 2276 1474 στάσαι
2309 1418 2409 1474 οὐκ
2438 1416 2597 1474 ἔστιν’
2634 1417 2820 1489 ἐπειδὴ
2854 1420 2957 1496 γὰρ
2981 1426 3233 1477 τοσοῦτοι
3281 1421 3545 1499 μάρτυρές
3578 1424 3733 1496 εἰσιν,

2086 1509 2205 1563 ὅσοι
2237 1506 2287 1563 ἓν
2311 1513 2379 1583 τῇ
2405 1508 2541 1582 αὐτῇ
2563 1507 2724 1564 πόλει
2749 1513 3298 1575 κατοικοῦσιν.Οὗτος
3320 1513 3497 1569 τοίνυν
3523 1515 3550 1569 ὁ
3573 1514 3734 1572 εὐλα-

2088 1593 2345 1667 ϐεστατος
2363 1598 2462 1667 ἀνὴ
2472 1619 2500 1672 ρ
2523 1600 2620 1668 τὴν
2644 1598 2836 1654 ἑαυτοῦ
2860 1604 3006 1669 ζωην
3028 1596 3218 1675 πλήρη
3243 1601 3445 1676 ἀρετῶν
3463 1605 3740 1684 ὑπάρχου·-

2088 1705 2179 1738 σαν
2209 1680 2487 1760 διήγαγεν,
2511 1683 2601 1738 καὶ
2629 1680 2697 1738 δι’
2721 1683 3031 1760 ἐγκρατείας
3057 1687 3156 1755 τὴν
3177 1691 3284 1742 τῶν
3307 1685 3458 1744 ἔνδον
3483 1680 3731 1770 φυλακὴν

313 1779 639 1849 quamdam
676 1778 1182 1836 sanctimonialem
1217 1781 1522 1853 feminam,
1567 1800 1748 1856 quam
1779 1802 1977 1843 secum

2087 1776 2156 1848 (Γ)
2186 1775 2344 1849 ἱερῶς
2374 1771 2682 1850 διετήρησε’
2719 1776 3040 1851 μονάστριαν
3072 1774 3128 1832 δὲ.
3157 1798 3278 1833 τινα
3308 1777 3369 1834 ἐκ
3393 1779 3585 1855 πρώην
3613 1783 3736 1855 μεθ’

310 1868 490 1938 prius
511 1868 889 1941 habuerat,(c)
913 1869 1104 1926 noluit
1126 1870 1196 1926 ab
1211 1871 1490 1944 episcopii
1515 1876 1604 1930 sui
1627 1891 1769 1932 cura
1789 1878 1978 1949 repel-

305 1956 460 2022 lere,
495 1958 595 2013 sed
627 1963 824 2014 certus
856 1959 927 2015 de
957 1976 1065 2015 sua
1087 1959 1335 2032 ejusque
1364 1962 1744 2034 continentia,
1777 1983 1978 2024 secum

304 2046 473 2102 hanc
504 2047 778 2118 permisit
809 2047 1094 2104 habitare.
1125 2050 1206 2104 Ex
1235 2067 1428 2122 quare
1458 2057 1656 2109 actum
1679 2059 1768 2111 est
1798 2061 1862 2112 ut
1882 2071 1982 2114 an-

302 2135 433 2206 tiqu
445 2152 511 2191 us
524 2137 717 2192 hostis
730 2138 880 2208 apud
897 2138 1027 2209 ejus
1039 2138 1304 2196 animum
1322 2141 1538 2198 aditum
1557 2143 1629 2215 (d)
1645 2146 1982 2203 tentalionis

296 2226 666 2298 exquireret.
703 2227 848 2282 Nam
877 2227 1053 2299 coepit
1081 2229 1336 2301 speciem
1361 2229 1521 2287 illius
1553 2230 1741 2287 oculis
1765 2231 1982 2288 mentis

299 2317 444 2386 ejus
475 2315 835 2386 imprimere,
868 2322 933 2372 ut
955 2316 1184 2374 illectus
1205 2319 1458 2376 nefanda
1489 2320 1796 2392 cogitaret.
1829 2323 1982 2386 Qua-

296 2406 451 2461 dam
472 2421 609 2460 vero
634 2405 727 2460 die
748 2405 987 2461 Judaaus
1007 2407 1247 2476 quidam
1275 2424 1344 2464 ex
1365 2409 1695 2480 Campania
1717 2410 1982 2482 partibus

298 2495 567 2551 Romam
589 2493 847 2565 veniens,
872 2496 942 2565 (ε)
963 2496 1158 2569 Appia)
1180 2499 1450 2571 carpebat
1469 2500 1607 2555 iter:
1625 2500 1803 2570 quiad
1824 2501 1980 2558 Fun-

302 2585 545 2640 danum
578 2581 800 2640 clivum
831 2586 1202 2657 perveniens,
1227 2603 1360 2643 cum
1376 2588 1677 2666 jamdiem
1707 2605 1978 2661 vespera-

298 2691 479 2732 scere
508 2677 797 2743 cerneret,
829 2679 887 2731 et
919 2691 1034 2747 quo
1063 2676 1360 2734 declinare
1389 2682 1588 2749 posset
1619 2679 1860 2736 minime
1890 2697 1982 2738 re-

300 2765 562 2838 periret,
585 2765 758 2836 juxta
787 2764 1074 2836 Apollinis
1105 2767 1392 2839 templum
1427 2768 1557 2835 l'uit,
1585 2768 1787 2841 ibique
1818 2785 1878 2826 se
1907 2770 1980 2826 ad

302 2851 688 2907 manendum
703 2851 968 2907 contulit.
984 2852 1301 2926 Quiipsum
1317 2853 1598 2911 lociillius
1609 2855 1982 2927 sacrilegium

301 2941 1055 3013 pertimescens,quamvis
1068 2943 1245 3000 ﬁdem
1259 2943 1450 3001 crucis
1465 2943 1710 3002 minime
1721 2945 1980 3017 haberet,

296 3031 494 3103 signo
521 3034 726 3086 tamen
759 3044 820 3086 se
851 3030 1040 3088 crucis
1065 3033 1296 3090 munire
1313 3035 1560 3090 curavit.
1593 3035 1772 3092 Nocte
1785 3039 1982 3094 autem

296 3119 544 3186 media,
580 3119 707 3192 ipso
730 3120 1066 3179 solitudinis
1088 3139 1300 3194 pavore
1321 3123 1616 3193 turbatus,
1642 3125 1882 3198 pervigil
1893 3127 1978 3198 ja-

293 3211 509 3278 cebat,
526 3178 620 3266 ἐί
634 3185 868 3282 repente
888 3178 1256 3283 conspiciens
1276 3178 1421 3270 vidit
1442 3178 1840 3287 malignorum:
1854 3178 1974 3288 8ρί-
2007 3178 2049 3245 C

291 3301 547 3355 rituum
583 3301 814 3356 turbam
847 3302 1015 3375 quasi
1038 3301 1098 3358 in
1120 3301 1466 3375 obsequium
1489 3305 1802 3374 cujusdam
1819 3309 1979 3377 pote-

290 3388 485 3447 statis
507 3390 736 3462 przeire,
760 3407 890 3447 eum
914 3408 1048 3448 vero
1071 3392 1172 3463 qui
1197 3392 1425 3448 caeteris
1445 3398 1708 3465 praeerat,
1732 3399 1790 3450 in
1822 3397 1980 3466 ejus-

292 3483 445 3536 dem
478 3478 706 3550 gremio
736 3479 846 3536 loci
877 3482 1248 3538 consedisse:
1282 3481 1384 3554 qui
1415 3482 1590 3556 cmpit
1614 3483 1977 3555 singulorum

291 3569 633 3643 Spirituum
658 3569 1107 3642 obsequentium
1130 3571 1240 3627 sibi
1263 3587 1470 3630 causas
1485 3577 1770 3645 actusque
1792 3574 1982 3632 discuo

292 3663 757 3731 tere,quatenus
772 3660 1176 3732 unusquisque
1191 3668 1474 3733 quantum
1490 3662 1756 3734 nequitia:
1771 3663 1979 3734 egisset

294 3747 628 3805 inveniret.
653 3748 906 3821 Cumque
928 3749 1148 3820 singuli
1183 3749 1427 3821 spiritus
1441 3752 1512 3806 ad
1531 3750 1976 3822 inquisitionem

301 3841 357 3912 ej
369 3855 448 3894 us
471 3845 838 3909 exponerent
860 3838 1000 3910 quid
1025 3838 1246 3911 operati
1268 3844 1474 3896 contra
1496 3839 1678 3897 bonos
1702 3841 1975 3909 fuissent,

298 3945 472 3984 unus
495 3927 563 3983 in
594 3927 853 3984 medium
885 3927 1162 4000 prosiliit,
1195 3930 1297 4000 qui
1328 3929 1390 3986 in
1427 3929 1668 3986 Andrea)
1717 3931 1978 4004 episcopi

299 4018 590 4074 animum
615 4033 716 4088 per
736 4016 986 4089 speciem
1010 4018 1479 4075 sanctimonialis
1500 4019 1894 4092 feminae,quaa
1916 4021 1975 4078 in

298 4106 612 4180 episcopio
625 4107 674 4176 ej
686 4105 1081 4172 ushabitabat,
1099 4115 1372 4179 quantam
1389 4113 1483 4164 ten
1493 4109 1771 4166 tationem
1788 4110 1980 4168 carnis

296 4195 724 4255 commovisset
754 4195 1003 4268 aperuit.
1037 4197 1184 4252 Cum
1213 4213 1348 4253 vero
1401 4197 1514 4254 hoc
1558 4197 1860 4271 malignus
1875 4199 1977 4271 qui

297 4290 565 4360 praeerat
593 4284 842 4356 spiritus
863 4285 1158 4342 inhiantcr
1176 4287 1423 4354 audiret,
1465 4291 1524 4343 et
1551 4289 1716 4344 tanto
1747 4287 1856 4343 sibi
1890 4288 1975 4344 fa-

295 4383 468 4432 ctum
495 4375 725 4431 lucrum
752 4374 978 4448 grande
1001 4376 1284 4443 crederet,
1300 4381 1521 4448 quanto
1545 4377 1852 4434 sanctioris
1870 4377 1976 4434 viri

297 4466 574 4522 animum
605 4465 679 4520 ad
731 4463 966 4537 lapsum
998 4465 1342 4536 perditionis
1374 4466 1701 4536 inclinaret,
1725 4466 1823 4524 ille
1852 4467 1977 4540 spi-

297 4558 484 4627 ritus,
511 4555 668 4610 292
691 4553 795 4626 qui
817 4554 939 4611 haec
952 4555 1974 4630 eamdemlatebatur,adjunxitquia
2003 4555 2049 4620 D

307 4659 516 4715 usque
536 4644 610 4698 ad
635 4643 746 4698 hoc
759 4659 1012 4714 quoque,
1033 4643 1127 4700 die
1140 4643 1798 4717 preterito,vespertiua
1811 4645 1973 4718 hora,

301 4738 438 4809 ejus
459 4736 720 4789 mentem
747 4733 1008 4802 traxerit,
1026 4735 1090 4788 ut
1112 4733 1172 4790 in
1196 4737 1359 4806 terga
1378 4734 1640 4805 eiusdem
1655 4735 1973 4793 sanctimo-

305 4823 486 4881 nialis
502 4822 730 4878 femina:
747 4821 1054 4878 blandiens
1068 4823 1298 4895 alapam
1313 4823 1662 4881 daret.Tunc
1676 4824 1973 4898 malignus

305 4914 562 4989 spiritus
583 4918 763 4984 atque
788 4911 1031 4968 humani
1053 4913 1282 4985 generis
1295 4913 1574 4986 antiquus
1588 4915 1862 4973 inimicus
1875 4931 1971 4974 ex-

387 5063 465 5135 (c)
493 5060 575 5116 De
605 5059 717 5114 hac
748 5057 1072 5135 urbevide,
1097 5076 1297 5135 supra,
1325 5077 1376 5117 c.
1413 5060 1462 5117 l.
1496 5060 1597 5118 lib.
1632 5062 1827 5134 primi.

410 5131 464 5203 ὸ)
490 5137 766 5187 Beccens.
785 5136 842 5186 et
871 5131 1080 5203 Bigot.,
1115 5133 1260 5188 tanti
1296 5134 1406 5189 mei
1431 5137 1590 5190 testes
1610 5131 1754 5192 sunt.

410 5141 438 5188 b
490 5141 766 5187 Beccens.
785 5141 842 5186 et
871 5141 1080 5203 δίεσιν,
1115 5141 1258 5188 tanti
1296 5141 1405 5189 mei
1431 5141 1590 5190 testes
1610 5144 1754 5192 sunt.

385 5141 671 5277 lcitidem
706 5219 838 5277 cum
870 5202 1000 5272 Lyr.
1059 5204 1333 5277 etprima
1363 5207 1532 5276 Aud.,
1583 5223 1696 5264 non
1753 5207 1970 5265 curavit

313 5275 689 5346 ab'e’piswpii
710 5276 800 5329 sui
829 5290 964 5329 cura
994 5276 1277 5346 repellere.

386 5351 466 5421 (ιι)
492 5349 621 5403 Val.
653 5347 762 5411 CL,
797 5347 1090 5421 inueniret.
1142 5351 1208 5421 Et
1247 5347 1481 5419 quidem
1529 5348 1772 5407 invenit.
1822 5351 1968 5408 Hinc

315 5419 506 5492 liquet
524 5435 702 5491 quam
727 5419 1040 5492 prudenter
1061 5436 1096 5476 a
1116 5419 1452 5478 clericorum
1475 5423 1862 5480 contubernio
1883 5424 1968 5481 fe-

318 5490 492 5549 minae
521 5490 698 5547 etiam
730 5490 1050 5548 sanctiores
1069 5499 1398 5550 arceantur.

390 5564 797 5638 (e)_$ecundus
825 5567 1084 5638 Cernat...
1107 5563 1236 5623 Val.
1257 5565 1367 5632 CL,
1390 5565 1732 5638 Compend.,
1755 5570 1814 5624 et
1834 5581 1966 5626 om-

321 5651 425 5766 :z:
448 5635 696 5706 Nerua,
728 5641 934 5708 preter
983 5635 1206 5697 Gemet.
1237 5642 1298 5697 et
1344 5635 1774 5710 Prat.,'Capua:
1809 5655 1961 5712 corp.

2089 1865 2278 1919 ἑαυτοῦ
2313 1868 2660 1920 συνοικοῦσαν
2697 1865 2864 1940 εἶχεν·
2888 1867 3088 1938 ταότην
3113 1865 3170 1922 δὲ
3202 1867 3261 1923 ἐκ
3281 1873 3377 1923 τοῦ
3407 1872 3480 1942 (g)
3512 1869 3737 1928 ἐπισκο-

2087 1953 2266 2024 πείου,
2290 1953 2324 2022 ἢ
2349 1960 2447 2023 τῆς
2469 1955 2658 2010 ἐαυτοῦ
2682 1953 2968 2032 φροντίδος
2993 1952 3402 2024 ἀποϐάλλεσθαι
3424 1957 3738 2034 οὒκήθέλη-

2089 2065 2197 2115 σεν,
2221 2043 2274 2098 ἐν
2297 2042 2655 2120 πληροφορίᾳ
2686 2045 2948 2121 ὑπάρχων
2982 2046 3105 2121 περὶ
3135 2054 3235 2118 τῆς
3266 2049 3455 2104 ἑαυτοῦ
3485 2049 3736 2124 κᾴκείνης

2090 2133 2319 2206 ἁγνείας.
2351 2132 2565 2204 Ταύτην
2589 2131 2646 2188 δὲ
2671 2136 2787 2207 μεθ’
2808 2135 2999 2190 ἑαυτοῦ
3022 2136 3072 2190 ἐν
3093 2141 3170 2209 τῷ
3191 2135 3521 2212 ἐπισκοπείῳ
3542 2160 3738 2196 κατοι-

2087 2229 2251 2293 κῆσαι
2282 2223 2700 2298 παρεχώρησεν.
2735 2227 2829 2281 Ἐκ
2874 2223 3068 2280 τούτου
3119 2223 3212 2280 οῦν
3262 2231 3359 2282 τοῦ
3408 2226 3735 2304 πράγματος

2089 2309 2310 2384 συνέϐη,
2333 2309 2470 2368 ὥστε
2493 2315 2519 2368 ὁ
2543 2313 2849 2389 ἀρχέκακος
2873 2313 3069 2390 ἐχθρὸς
3095 2313 3304 2372 εἳσοδον
3343 2317 3646 2395 πειρασμοῦ
3677 2319 3732 2375 ἐν

2088 2406 2157 2477 τῇ
2187 2403 2382 2459 τούτου
2410 2406 2564 2478 ψυχῇ
2598 2402 2927 2479 ἐπιζητήσῃ.
2965 2407 3125 2462 ’Όθεν
3173 2404 3373 2480 ⁴ἤρξατο
3422 2408 3485 2464 τὸ
3532 2408 3738 2480 ταύτης

2087 2491 2295 2554 καλλος
2323 2497 2439 2548 τοῖς
2470 2498 2692 2562 νοητοῖς
2722 2491 2886 2548 αὐτοῦ
2919 2493 3227 2574 ὀφθαλμοῖς
3260 2496 3623 2569 ὑποτίθεσθαι,
3656 2499 3738 2573 (ἡ)

2091 2584 2229 2638 ὥστε
2248 2583 2337 2638 καὶ
2359 2581 2411 2638 ἐν
2435 2580 2590 2657 κλίνῃ
2608 2583 2675 2638 τὰ
2701 2583 2777 2658 μή
2791 2583 3063 2654 ἀνήκοντα
3077 2581 3606 2662 διαλογίζεσθαι,’¹Εν
3628 2609 3708 2643 τιν
3721 2606 3740 2645 ι

2091 2670 2148 2728 δὲ
2161 2672 2343 2746 ἡμέρᾳ
2366 2669 2633 2736 Ἰουδαῖός
2651 2694 2734 2735 τις
2758 2672 2936 2728 ἐκτῶν
2953 2681 3054 2744 τῆς
3069 2681 3147 2731 Κα
3157 2697 3389 2748 μπανιας
3408 2682 3586 2752 μερῶν
3601 2675 3651 2732 ἐν
3663 2679 3738 2752 τῇ

2089 2764 2274 2836 Ῥώμῃ
2296 2760 2622 2836 ἐρχόμενος,
2644 2764 2744 2832 τήν
2767 2769 2868 2832 τῆς
2893 2764 3130 2828 Ἀππίας
3160 2761 3284 2819 ὁδὸν
3307 2761 3572 2836 διήνυσεν,
3587 2767 3736 2827 ὅστις

2090 2851 2144 2908 ἐν
2174 2856 2254 2924 τῷ
2280 2850 2392 2907 ἄνω
2423 2850 2575 2928 φόρῳ
2595 2851 2675 2925 τῷ
2697 2851 2772 2915 είς
2798 2850 3046 2924 Φούνδης
3075 2852 3273 2924 ἐλθὼν,
3305 2856 3392 2910 καὶ
3415 2853 3612 2910 λοιπὸν
3633 2856 3735 2924 τὴν

2090 2941 2298 3016 ἡμέραν
2331 2940 2466 3016 πρὸς
2498 2939 2724 3015 ἑσπέραν
2752 2941 3011 2998 κλίνασαν
3047 2943 3397 3018 θεασάμενος,
3426 2944 3516 3000 καὶ
3545 2946 3620 3020 μὴ
3648 2943 3741 3001 εὸ-

2094 3031 2291 3106 ρίσκων
2319 3032 2486 3086 τόπον
2521 3029 2659 3086 ὅπου
2692 3031 2902 3106 ὀφείλει
2933 3031 3354 3104 κατακλιθῆναι,
3376 3032 3613 3105 πλησίον
3637 3036 3736 3090 τοῦ

2089 3124 2220 3175 ναοῦ
2249 3123 2346 3174 τοῦ
2374 3117 2737 3182 Ἀπόλλωνος
2766 3121 3026 3196 γεγονὼς,
3056 3125 3153 3176 τοῦ
3183 3120 3370 3176 αὐτόθι
3415 3121 3587 3192 ὄντος,
3627 3121 3742 3181 ἐκεῖ

2088 3209 2272 3264 ἑαυτὸν
2297 3209 2432 3284 πρὸς
2453 3209 2514 3264 τὸ
2539 3215 2716 3282 μεῖναι
2737 3206 3293 3282 είσῴκισε.Φοὸηθεὶς
3315 3207 3371 3266 δὲ
3390 3211 3458 3266 τὰ
3479 3210 3528 3267 ἐν
3551 3210 3738 3286 ἐκείνῳ

2086 3302 2165 3372 τῷ
2185 3298 2338 3372 τόπῳ
2359 3297 2615 3374 γινομὲνα
2649 3299 3132 3372 μιάσματα,καίτοι
3163 3299 3345 3354 πίστιν
3381 3299 3432 3356 ἐν
3467 3303 3547 3372 τῷ
3577 3321 3738 3359 σταυ-

2089 3393 2166 3464 ρῶ
2201 3389 2277 3462 μή
2310 3386 2478 3463 ἔχων,
2511 3387 2694 3443 ἑαυτὸν
2728 3393 2807 3460 τῷ
2839 3387 3055 3462 σημείῳ
3083 3393 3181 3444 τοῦ
3203 3391 3444 3464 σταῦροῦ
3464 3409 3740 3464 κατασφα-

2089 3477 2337 3535 λίσασθαι
2361 3476 2653 3557 ἐφρόντισε.
2686 3477 2815 3554 Περὶ
2839 3475 2896 3533 δὲ
2915 3479 2977 3533 τὸ
3003 3478 3357 3552 μεσονύκτιον
3383 3479 3621 3556 ἡσυχίας
3645 3474 3738 3535 οῦ-

2089 3588 2211 3639 σης,
2245 3565 2333 3622 διά
2361 3587 2420 3622 τε
2448 3568 2547 3636 τήν
2580 3570 2678 3641 τρῦ
2706 3566 2876 3622 τόπου
2905 3565 3162 3642 ἐρημίαν,
3181 3569 3272 3623 καὶ
3301 3569 3398 3638 τήν
3423 3569 3613 3626 ἑαυτοῦ
3638 3567 3740 3643 μό-

2087 3678 2249 3714 νωσιν
2283 3651 2438 3734 φόϐῳ
2463 3659 3028 3734 θροηθεὶς,γρηγορῶν
3051 3651 3467 3734 ἔκειτο.Αί’φνης
3486 3656 3543 3714 δὲ
3557 3657 3738 3714 ἀτενί-

2089 3768 2204 3819 σας,
2229 3745 2339 3802 εἶδε
2365 3751 2475 3802 τῶν
2507 3752 2764 3822 πονηρῶν
2788 3748 3107 3820 πνευμάτων
3133 3743 3305 3822 ὄχλον
3329 3746 3528 3818 πολὺν,
3551 3746 3627 3810 ὡς
3648 3748 3735 3804 ὃτι

2087 3835 2162 3898 εἰς
2185 3838 2252 3909 (ι)
2277 3833 2493 3910 ὀψίκιον
2516 3834 2758 3909 ἐξουσίας
2785 3835 2931 3898 τινός
2961 3836 3653 3912 προεπορεῦοντο.⁹Εκεῖνον
3678 3834 3740 3895 δὶ

2085 3925 2176 3980 τὸν
2192 3929 2298 3980 τῶν
2322 3924 2510 3981 ἄλλων
2523 3931 2740 4000 πρῶτον
2764 3926 3176 4001 ὑπάρχοντα,(ᾔ>
3198 3924 3250 3982 ἐν
3269 3929 3454 3998 τῷτοῦ
3467 3930 3630 3983 αυτοῦ
3642 3926 3741 3983 τό·-

2084 4035 2190 4070 που
2205 4012 2482 4090 προεδρίῳ
2503 4013 2798 4080 καθίσαντα
2824 4014 3095 4084 ἐθεάσατο,
3124 4013 3270 4077 ὅστις
3283 4015 3483 4090 ἤρξατο
3508 4013 3738 4091 (103m-

2087 4127 2209 4162 στον
2236 4109 2344 4161 τῶν
2377 4105 2700 4179 πνευμάτων
2731 4109 2839 4161 τῶν
2873 4103 3236 4180 ὀψικευόντων
3270 4104 3444 4162 αὐτῶν
3473 4106 3566 4169 τὰς
3595 4105 3739 4182 πρά-

2088 4195 2190 4266 ξείς
2213 4195 2303 4250 καὶ
2324 4195 2391 4249 τὰ
2411 4192 2822 4270 ἐπιτηδεύματα
2837 4193 3013 4249 αὐτῶν
3033 4192 3338 4271 ἀνακρίνειν
3361 4199 3538 4267 ζητῶν
3559 4195 3731 4271 εὑρεῖν

2085 4284 2259 4356 πόσην
2288 4284 2510 4348 ’ἕκαστος
2530 4283 2706 4341 αὐτῶν
2725 4283 2913 4340 κακίαν
2932 4282 3024 4339 καί
3045 4305 3179 4355 πονη
3193 4283 3306 4360 ρίαν
3332 4283 3734 4360 εἷργάσατο.Ἐν

2085 4374 2194 4447 ὅσῳ
2225 4371 2281 4429 δὲ
2308 4372 2502 4436 πάντες
2532 4373 2708 4428 αὐτῶν
2738 4377 2808 4447 τῇ
2838 4372 3036 4429 τούτου
3068 4371 3410 4444 ἐπιζητήσει,
3435 4374 3570 4448 ἅπερ
3597 4374 3737 4432 κατὰ

2081 4469 2191 4520 τῶν
2223 4463 2436 4540 ἁγαθων
2469 4461 2782 4540 εἰργάσαντο
2812 4461 3127 4539 ἐξηγοῦντο,
3161 4464 3240 4525 εἷς
3272 4462 3324 4517 ἐν
3355 4467 3434 4535 τῷ
3454 4461 3600 4537 μὲσῳ
3623 4462 3735 4518 εἷσ-

2081 4551 2355 4626 πηδήσας,
2389 4552 2554 4629 ὅνπερ
2586 4553 2888 4629 πειρασμὸν
2936 4552 3210 4627 ἐξήγειρεν
3239 4550 3291 4608 ἐν
3318 4556 3386 4626 τῇ
3418 4555 3572 4627 ψυχῇ
3606 4554 3734 4609 ’Δυ-

2088 4639 2234 4718 δρὲιυ
2265 4647 2362 4698 τοῦ
2393 4640 2711 4712 ἐπισκόπου,
2747 4640 2836 4697 διά
2862 4645 2958 4696 τοῦ
2988 4639 3228 4714 κάλλους
3249 4647 3350 4710 τῆς
3372 4639 3732 4712 συνοικούσης

2087 4729 2234 4803 αὐτῷ
2265 4730 2317 4786 ἐν
2349 4734 2426 4802 τῷ
2465 4729 2799 4802 ἐπισκοπειῳ
2835 4727 3182 4806 μοναστρίας,
3211 4729 3304 4784 καὶ
3351 4729 3597 4808 ταραχὴν
3628 4730 3731 4799 τῆς

2085 4821 2280 4895 σαρκὸς
2311 4817 2621 4896 διεσάφησε.
2655 4821 2830 4877 Τοῦτο
2864 4816 2921 4873 δὲ
2960 4819 2988 4874 ὁ
3028 4817 3269 4894 πονηρὸς
3316 4814 3526 4891 δαίμων
3557 4818 3585 4873 ὁ
3613 4823 3724 4878 τῶν

2083 4910 2293 4968 λοιπῶν
2321 4909 2641 4984 πνευμάτων
2669 4909 2944 4986 προεστὼς
2967 4907 3221 4982 ἀκούσας,
3251 4905 3388 4964 πάνυ
3410 4904 3588 4980 ὴδὲως
3613 4905 3729 4967 ἐδά-

2151 5057 2217 5130 (Ῑ)
2249 5057 2383 5130 Ms.,
2412 5051 2621 5130 καλῶς.

2175 5124 2230 5198 ἆ)
2261 5129 2393 5197 Ms.,
2433 5124 2757 5182 ἐπισκοπίου
2783 5143 2796 5195 ;
2829 5131 2886 5184 et
2925 5127 3010 5184 ita
3039 5124 3214 5185 infra.

2175 5135 2230 5198 g)
2261 5130 2393 5197 Ms.,
2433 5130 2796 5195 ἐπισκοπίου;
2829 5131 2886 5184 et
2925 5130 3010 5184 ita
3039 5130 3214 5185 infra.

2149 5130 2227 5273 Ek)
2260 5201 2421 5274 Legit
2444 5201 2730 5275 interpres
2747 5201 2836 5275 ⁸ἱιιΔ
2853 5201 3010 5270 lecto,
3036 5201 3129 5275 ubi
3153 5200 3458 5275 legendum
3481 5200 3722 5275 illectus,

2079 5271 2723 5341 aut,'quemadmodum
2747 5271 2958 5330 habent
2975 5274 3175 5344 scripti
3199 5271 3721 5340 Codices,inlectu:.

2148 5347 2210 5418 (ἰ)
2241 5344 2454 5418 Eodem
2477 5344 2885 5418 _sensu_adhuc_
2911 5353 3250 5416 usurpatur,
3271 5345 3311 5402 l.
3339 5363 3413 5416 1v,
3445 5363 3496 5404 ο.
3529 5344 3725 5401 17.Βί-

2076 5414 2230 5492 citur
2257 5417 2435 5492 etiam
2468 5414 2799 5492 opsexoétov.
2825 5415 2985 5492 Alias
3015 5414 3479 5490 signiﬁcationes
3509 5429 3726 5490 suppe-

2076 5490 2225 5574 ditat
2245 5488 2528 5574 gangius;
2546 5488 2606 5574 in
2640 5488 2828 5567 Gloss.
2863 5491 2958 5574 εἷς.

2144 5561 2214 5706 Ei)
2245 5564 2350 5617 Ms.
2378 5557 2436 5615 ἐν
2463 5563 2542 5632 τῷ
2570 5557 2762 5616 ἑαυτοῦ
2791 5557 3059 5634 καθεδρίω
3087 5558 3404 5618 καθίσαντα.
3543 5628 3554 5652 ρ
3685 5639 3688 5642 γ

2169 5633 2224 5706 Ic)
2254 5631 2498 5692 Videtur
2527 5633 2864 5707 legendum,
2895 5632 3014 5690 καθ’
3041 5628 3290 5706 ἰκαστον,
3322 5633 3409 5691 vel
3465 5633 3727 5692 ἱκαστωνο
