4210 6160
402 395 521 459 231·

1599 385 1878 450 SANCTI
1923 384 2300 449 GREGORII
2345 385 2598 446 MAGNI

3684 389 3800 448 232

403 527 646 600 ξατο,καὶ
674 528 813 603 μέγα
832 522 1020 600 κέρδος
1044 522 1191 596 αὖτῷ
1207 520 1639 598 προσενεχθῆναι
1657 519 2043 594 ὡμολόγησεν,

2161 520 2424 576 hortatus
2437 518 2592 574 hunc
2609 516 2818 574 blande
2831 522 2939 587 est,
2958 518 3500 591 utperficeretquod
3517 519 3809 590 cmpiseet;

410 619 495 674 δτι
512 618 667 694 ἁγίου
683 614 847 690 ἀνδρὸ
860 611 1134 688 ςψυχήνέν
1158 608 1299 689 σεράλ
1310 631 1436 682 ματι
1455 607 2037 672 απωλείαςέπέκλινεν.

402 709 640 770 Ἐκεῖνος
666 704 721 762 δὶ
743 708 770 760 6
791 703 1030 775 πονηρὸς
1057 699 1264 773 δαίμων
1289 701 1316 754 6
1343 701 1487 758 291
1509 697 2038 775 ταῦταᾶπαγγείλας,

403 798 660 872 προσθεὶς
689 796 820 851 εἷπε³
855 793 1040 867 Μέχρι
1069 789 1272 859 ταύτης
1302 796 1401 858 τῆς
1431 787 1811 863 παρελθούσης
1831 787 2041 862 ἡμέρας

405 888 470 944 οὗ
495 883 737 939 διέλιπον
765 879 922 936 αὐτὸν
949 876 1218 953 ἐνοχλῶν,
1242 878 1330 932 καὶ
1356 878 1447 933 τὸν
1466 877 1736 954 λογισμὸν
1762 876 1923 931 αὐτοῦ
1939 897 2046 932 πα-

408 973 633 1051 ρασύραι
666 970 764 1026 οὐκ
781 967 1221 1044 ἠδυνήθηνοχθὶς
1245 965 1301 1022 δὲ
1333 967 1470 1041 πρὸς
1501 965 1722 1041 ἑσπέραν
1743 966 2039 1036 πεποίηκα,

407 1064 554 1124 ὅπως
584 1067 699 1122 τοῖς
732 1058 998 1120 ὀπισθίοις
1047 1059 1143 1126 τῆς
1195 1056 1339 1132 ἲερᾶς
1374 1057 1642 1130 παρθένου
1686 1053 1944 1129 ἐμπαθῶς
1972 1057 2041 1127 τῇ

406 1152 580 1224 οίκείᾳ
611 1150 757 1226 χειρὶ
789 1147 1010 1222 ἅψηται.
1043 1142 1175 1204 Τότε
1206 1147 1233 1201 6
1264 1146 1504 1220 πονηρὸς
1536 1141 1797 1208 διάϐολος
1825 1145 1916 1200 καὶ
1945 1148 2042 1199 τοῦ

406 1243 752 1317 ἀνθρωπίνου
779 1238 970 1315 γένους
994 1239 1225 1312 ἀρχαῖος
1256 1235 1474 1311 ἐχθρὸς,
1503 1239 1693 1290 τοῦτον
1725 1235 2040 1292 κολακευτι-

403 1337 515 1394 κῶς
538 1324 1202 1407 προσκαλεσάμενος,ἕφη.
1224 1327 1396 1400 Ὅπερ
1426 1325 1510 1395 ένή
1522 1326 1884 1399 ρξω,σπεῦσον
1899 1323 2043 1395 πλη-

409 1425 600 1497 ρῶσαι,
626 1417 719 1473 τίνα
751 1417 801 1473 ἐν
834 1420 900 1490 τῇ
933 1415 1134 1471 πτώσει
1165 1415 1332 1470 αὐτοῦ
1382 1413 1445 1468 σὺ
1497 1413 1662 1486 μόνος
1713 1413 1905 1486 μεταξὺ
1935 1417 2042 1468 τῶν

408 1512 618 1569 λοιπῶν
636 1511 696 1565 τὸ
710 1507 977 1578 τῆςνίκης
991 1508 1068 1580 (a)
1086 1505 1208 1581 βαίν
1229 1507 1531 1578 κρατήσῃς.
1551 1508 1732 1562 Ταῦτα
1746 1503 1838 1559 οῦν
1859 1505 1886 1559 6
1907 1506 2048 1562 Ἰου..

412 1599 563 1663 δαῖος
580 1601 874 1675 γρηγορῶν
899 1593 1302 1668 θεασάμενος,ἐν
1329 1592 1914 1670 μεγάλῃδειλίᾳκαὶ(ὁ)
1929 1614 2049 1649 στε-

404 1688 647 1764 νοχωσίᾳ
667 1686 1000 1759 περιέπεσεν.
1025 1685 1086 1741 Ὀ
1109 1681 1165 1738 δὲ
1185 1683 1398 1738 πάντων
1420 1687 1527 1737 τῶν
1552 1683 1872 1756 πνευμάτων
1895 1703 2051 1758 πρω-

405 1778 575 1835 τεύων
611 1771 894 1845 διάϐολος,
927 1773 1140 1836 τούτοις
1189 1771 1497 1846 ἐπέτρεψεν,
1524 1770 1618 1827 ’ίνα
1647 1771 2044 1843 ἐπιζητήσωσι,

403 1867 487 1930 τίς
511 1866 613 1936 ἄρα
635 1865 774 1921 ἐστὶν
800 1866 827 1920 6
849 1864 902 1920 ἐν
923 1868 1002 1936 τῷ
1023 1859 2044 1934 ναῷαὕτῶνκατακλιθῆναιτολμήσας.
2081 1881 2125 1946 Β

405 1959 528 2015 Τῶν
558 1953 616 2011 δὲ
647 1960 902 2029 πονηρῶν
935 1951 1251 2025 πνευμάτων
1285 1950 1418 2026 πρὸς
1450 1949 1608 2005 αὐτὸν
1639 1949 1930 2019 ἐλθόντων,
1955 1950 2046 2005 καὶ

405 2044 683 2121 ἐπιμελῶς
694 2041 1211 2116 καταμανθανόντων
1228 2040 1548 2113 θεασάμενοι
1562 2039 1720 2094 αὑτὸν
1739 2042 1818 2110 τῷ
1832 2060 1896 2110 ση
1908 2041 2048 2112 μείῳ

401 2139 497 2192 τοῦ
521 2138 751 2208 σταυροῦ
783 2130 1232 2210 ἐσφραγισμένων,
1257 2128 1620 2203 θαυμάσαντες
1654 2129 1823 2184 εἶποψ
1850 2123 2044 2198 Βάϐαι,

401 2229 590 2289 σκεῦος
621 2227 690 2297 (c)
721 2217 992 2296 σάϐουρόν
1025 2220 1116 2275 καὶ
1144 2217 1567 2297 ἐσφραγισμένον
1591 2218 1849 2296 ὑπάρχει.
1873 2222 2044 2273 Τοῦτο

403 2310 460 2368 δὲ
479 2313 654 2368 αὐτῶν
683 2311 1203 2386 μηνυσάντων,πᾶσα
1225 2306 1399 2378 ἐκείνη
1425 2310 1458 2376 ἡ
1481 2312 1587 2363 τῶν
1608 2310 1862 2380 πονηρῶν
1884 2327 2043 2362 πνευ-

406 2404 589 2477 μάτων
612 2403 830 2477 ταραχὴ
855 2396 1088 2474 ἄφαντος
1109 2397 1346 2474 γέγονεν.
1376 2397 1435 2453 Ὁ
1469 2394 1526 2451 δὲ
1545 2393 1810 2457 Ἰουδαῖος
1835 2397 1862 2451 6
1882 2401 2049 2452 ταῦτα

404 2493 762 2564 θεασάμενος,
784 2488 978 2550 εὐθέως
1000 2487 1218 2557 ἀνέστη,
1242 2485 1332 2541 καὶ
1353 2486 1488 2560 πρὸς
1510 2486 1601 2540 τὸν
1624 2484 1915 2541 ἐπίσκοπον
1949 2507 2048 2559 με-

400 2581 466 2636 τὰ
497 2577 740 2649 σπουδῆς
770 2573 1093 2633 κατέϐαινεν.
1127 2578 1215 2632 ’Ev
1250 2573 1305 2630 δὲ
1334 2579 1403 2649 τῇ
1435 2572 1701 2647 ἐκκλησίᾳ
1729 2579 1919 2630 τοῦτον
1957 2575 2045 2630 εύ-

404 2671 537 2746 ρὼν,
578 2671 698 2724 κατ’
730 2665 866 2723 ἰδίαν
906 2667 1067 2722 αὐτὸν
1104 2659 1287 2734 ἔλαϐε,
1337 2663 1428 2720 καὶ
1475 2665 1602 2739 παρ’
1649 2664 1815 2720 αὐτοῦ
1859 2667 2044 2739 μαθεῖν

400 2757 653 2830 ἐπεζήτει
685 2756 829 2828 ποίῳ
861 2759 1152 2830 πειρασμῷ
1185 2752 1490 2832 συνέχεται.
1541 2754 1602 2811 Ὁ
1651 2751 1708 2808 δὶ
1755 2753 2046 2817 ἐπίσκοπος

403 2843 1030 2920 αἷδούμενος,οὺκῆθελε
1049 2845 1138 2898 τὸν
1152 2845 1341 2898 ἑαυτοῦ
1354 2843 1654 2918 πειρασμὸν
1673 2844 2042 2920 ὁμολογῆσαι.

398 2935 535 2994 Τότε
557 2938 585 2991 6
608 2931 869 2997 Ἰουδαῖος
894 2935 1065 2989 εἶπεν·
1089 2932 1232 3008 Οὐχὶ
1255 2936 1322 3006 τῇ
1342 2936 1438 2988 τοῦ
1461 2936 1593 2988 Θεοῦ
1617 2929 1788 3007 δούλῃ
1809 2936 1878 3006 τῇ
1903 2929 2046 3004 δείνᾳ

401 3026 618 3100 αἶσχρῷ
647 3025 803 3097 πόθῳ
833 3022 960 3086 τοὺς
995 3020 1315 3098 ὀφθαλμοὺς
1347 3024 1704 3097 ἐπεστῆρισας
1727 3041 1739 3091 ;
1763 3023 1823 3079 Ὀ
1848 3019 1904 3077 δὲ
1926 3021 2043 3076 ἐπίο

400 3135 601 3177 σκοπος
630 3119 719 3170 καί
750 3112 836 3168 ἐπὶ
867 3113 1080 3175 τούτοις
1108 3116 1192 3185 ((1)
1221 3113 1459 3186 ἠρνεῖτο.
1494 3113 1756 3186 Ιῐροσθείς
1779 3108 1838 3166 δὲ
1859 3112 1885 3166 6
1908 3113 2044 3168 ’1ου-

402 3201 574 3273 δαῖος,
601 3205 740 3260 εἶπε·
767 3203 863 3257 Διά
889 3203 943 3258 τί
974 3202 1212 3276 ἀρνεῖσαι
1246 3200 1378 3275 ὅπερ
1404 3203 1531 3276 παρ’
1563 3199 1698 3275 ἐμοῦ
1730 3199 1998 3275 ἐρωτᾶσαι
2022 3222 2036 3271 ;

400 3293 529 3369 οὐχῖ
566 3292 728 3368 μέχρι
762 3292 956 3347 τούτου
987 3291 1349 3366 κατηνέχθης,
1379 3290 1461 3345 ὅτι
1494 3290 1623 3368 χθὲς
1645 3289 1779 3363 πρὸς
1819 3287 2042 3363 ἑσπέραν

394 3387 513 3444 τοῖς
543 3381 740 3452 ταύτης
766 3381 1040 3445 ὀπισθίοις
1065 3380 1318 3452 ἐμπαθῶς
1347 3383 1415 3444 τῆ
1440 3379 1587 3454 χειρί
1611 3399 1706 3433 σου
1737 3381 2043 3454 προσήγγι-

396 3494 489 3536 σας
516 3493 528 3541 ;
553 3475 684 3529 Τότε
708 3474 735 3526 6
760 3471 1053 3532 ἐπίσκοπος
1087 3473 1203 3528 τοῖς
1227 3467 1422 3524 τούτου
1446 3467 1651 3543 ῥήμασι
1675 3466 2043 3546 διελεγχθεὶς,

397 3561 530 3636 μετᾶ
560 3562 736 3631 πάσης
758 3557 1253 3636 ταπεινοφροσύνης
1278 3557 1658 3632 ὡμολόγησεν,
1694 3555 1824 3631 ὅπερ
1848 3559 2040 3632 πρότε-

394 3671 486 3727 ρον
521 3655 748 3726 στερεῶς
768 3654 1003 3724 ηρνεῖτο.
1029 3647 1210 3702 Θέλων
1237 3645 1293 3701 δὲ
1315 3648 1342 3701 ὁ
1367 3643 1632 3708 Ἰουδαῖος
1655 3648 1751 3715 τήν
1772 3646 2039 3725 αἰσχύνην

388 3744 484 3797 τοῦ
517 3739 840 3818 σφάλματος
869 3738 1032 3794 αὐτοῦ
1081 3738 1595 3811 παραμυθήσασθαι,
1645 3735 1844 3808 ἤρξατο
1897 3736 2042 3810 αὖτῷ

393 3827 699 3904 διηγεῖσθαι
731 3833 850 3890 πῶς
879 3831 1041 3882 τοῦτο
1076 3823 1296 3900 διέγνω,
1337 3825 1426 3879 καὶ
1458 3827 1626 3879 ὁποῖα
1657 3826 1776 3897 περί
1800 3823 1965 3880 αὐτοῦ
1987 3825 2038 3880 ἐν

401 3922 479 3989 τῷ
502 3920 885 3990 συναθροϊσμῷ
904 3919 1011 3970 τῶν
1036 3917 1292 3987 πονηρῶν
1306 3913 1627 3986 πνευμάτων
1642 3913 2042 3982 ἀκήκοε.Ταῦτα

400 4003 456 4060 δὲ
486 4006 514 4060 6
545 4005 839 4067 ἐπίσκοπος
867 4003 1100 4066 ἀκούσας
1127 4003 1219 4056 καὶ
1254 4000 1528 4076 ἐπιγνοὺς,
1559 4000 1757 4065 εὐθέως
1779 3999 1830 4056 ἐν
1864 4005 1933 4076 τῇ
1964 4005 2037 4076 γῇ

391 4093 959 4160 κατακλιθεὶς,έαυτὺν
982 4091 1058 4155 είς
1081 4092 1253 4168 εὐχήν
1281 4087 1502 4146 δέδωκε.
1530 4096 1880 4164 Παραχρῆμα
1904 4088 1959 4145 δὲ
1981 4091 2040 4146 ἐκ

2073 3247 2122 3313 C

2156 614 2444 681 quatenus
2469 607 2654 663 ruinas
2675 606 2836 662 illius
2859 607 3215 680 singularem
3250 607 3398 663 inter
3418 612 3658 665 ceteros
3682 607 3802 678 pal-

2152 713 2310 752 mam
2342 699 2584 753 teneret.
2617 695 2880 767 Cumque
2926 697 3158 752 Iudaeus
3188 697 3286 768 qui
3334 697 3647 754 advenerat
3695 697 3806 754 hoc

2154 785 2404 860 vigilans
2435 789 2719 854 cerneret,
2777 792 2830 841 et
2887 802 3116 857 magnae
3148 784 3479 842 formidinis
3512 787 3804 843 anxietate

2151 875 2477 948 palpitaret,
2511 876 2582 930 ab
2603 875 2802 931 eodem
2834 873 3044 946 spiritu
3077 875 3178 948 qui
3209 876 3438 932 cunctis
3475 875 3595 931 illic
3626 877 3796 933 obse-

2152 967 2468 1037 quentibus
2485 966 2750 1037 praeeratj
2762 981 2961 1021 ussum
2976 971 3064 1022 est
3078 971 3139 1021 ut
3156 966 3520 1038 requirerent
3533 965 3800 1037 quisnam

2152 1055 2415 1112 essetille
2442 1056 2542 1128 qui
2554 1056 2824 1127 jacerein
2840 1056 3059 1128 templo
3075 1057 3275 1112 eodem
3303 1058 3800 1128 presumpsisset.

2153 1145 2334 1210 Quem
2351 1145 2585 1215 maligni
2600 1144 2844 1217 spiritus
2867 1150 3192 1217 pergentes,
3210 1143 3558 1202 etsubtilius
3579 1146 3808 1202 intuen-

2154 1249 2263 1305 tes,
2296 1234 3084 1307 crueismysteriosignatum
3098 1234 3386 1303 viderunt,
3403 1235 3805 1307 mirantesque

2157 1323 2456 1380 dixerunt:
2491 1323 2609 1392 Vae,
2644 1341 2746 1389 vsa,
2781 1341 2878 1380 vas
2901 1340 3145 1380 vacuum
3161 1331 3213 1379 et
3237 1324 3801 1396 signatum.Quibue

2155 1411 2266 1470 hoc
2296 1413 2790 1479 renuntiantibus,
2824 1411 3164 1479 cunctazilla
3187 1410 3583 1484 malignorum
3627 1411 3806 1482 spiri-

2159 1509 2323 1556 tuum
2356 1500 2529 1555 turba
2549 1499 2857 1570 disparuit.
2881 1499 3120 1555 Judeus
3145 1515 3274 1555 vero
3296 1498 3392 1570 qui
3417 1498 3535 1554 haec
3557 1498 3802 1565 viderat,

2155 1589 2310 1645 illico
2332 1590 2603 1657 surrexit,
2639 1594 2820 1660 atque
2837 1589 2912 1645 ad
2935 1589 3273 1660 episcopum
3303 1588 3411 1645 sub
3436 1588 3808 1646 festinatione

2156 1678 2435 1750 pervenit.
2471 1680 2652 1744 Quem
2681 1679 2738 1734 in
2764 1678 3019 1735 Ecclesia
3051 1696 3158 1734 sua
3190 1679 3501 1750 reperiens,
3536 1695 3805 1735 seorsum

2155 1767 2314 1837 tulit,
2337 1784 2452 1838 qua
2474 1767 2792 1823 tentatione
2816 1775 3122 1840 urgeretur
3141 1767 3464 1839 inquisivit.
3497 1769 3602 1824 Cui
3624 1768 3806 1824 conﬂ-

2155 1856 2265 1911 teri
2297 1856 2607 1928 episcopus
2639 1858 3026 1912 tentationem
3058 1873 3226 1912 suam
3245 1858 3667 1912 verecundatus
3701 1872 3808 1913 no-

2156 1944 2287 2002 luit.
2319 1945 2461 2001 Cum
2491 1963 2624 2003 vero
2655 1945 2752 2002 ille
2782 1947 3002 2002 diceret
3022 1947 3178 2018 quod
3228 1947 3287 2001 in
3320 1945 3420 2002 illa
3463 1945 3563 2002 tali
3593 1945 3694 2002 Dei
3728 1947 3807 2001 fa-

2158 2035 2318 2091 mula
2350 2036 2507 2107 pravi
2539 2037 2757 2092 amoris
2788 2036 2990 2093 oculos
3020 2037 3342 2108 injecisset,
3401 2044 3570 2107 atque
3611 2036 3803 2092 adhuc

2155 2125 2462 2198 episcopus
2495 2130 2751 2199 negaret,
2785 2126 3074 2196 adjunxit,
3107 2125 3347 2183 dicens:
3389 2128 3576 2192 Quare
3625 2141 3805 2196 negas

2157 2216 2306 2286 quod
2341 2215 2670 2287 inquireris,
2697 2217 2796 2288 qui
2821 2217 2892 2271 ad
2919 2216 3027 2273 hoc
3052 2233 3236 2288 usque
3260 2232 3497 2289 vespere
3529 2217 3804 2273 hesterno

2157 2307 2477 2378 perductus
2507 2323 2591 2376 es,
2625 2311 2690 2363 ut
2723 2308 3040 2379 posteriora
3073 2307 3231 2363 illius
3262 2305 3426 2380 alapa
3450 2307 3647 2364 ferires
3667 2307 3696 2362 ?
3718 2307 3807 2363 Ad

2155 2411 2282 2467 quas
2315 2397 2592 2452 nimirum
2626 2397 2798 2452 verba
2828 2396 3260 2468 deprehensum
3301 2414 3363 2452 se
3392 2397 3699 2469 episcopus
3722 2396 3809 2453 in-

2155 2490 2347 2554 tuens,
2379 2488 2678 2545 humiliter
2708 2489 3012 2546 confessus
3051 2492 3139 2545 est
3169 2490 3322 2561 quod
3358 2490 3517 2561 prius
3548 2490 3810 2561 pertina-

2158 2577 2302 2634 citer
2333 2579 2582 2651 negavit.
2618 2579 2797 2650 Cujus
2832 2579 3014 2636 ruinae
3044 2583 3101 2635 et
3125 2577 3483 2635 verecundiae
3515 2578 3672 2635 idem
3702 2581 3806 2636 Ju-

2157 2667 2315 2722 daaus
2347 2666 2680 2735 consulens,
2711 2667 2966 2739 qualiter
2985 2668 3096 2724 hoc
3125 2668 3514 2741 cognovisset,
3559 2668 3647 2724 vel
3678 2685 3804 2741 quae

2155 2757 2214 2811 in
2231 2761 2518 2813 conventu
2540 2757 2926 2827 malignorum
2947 2758 3260 2829 spirituum
3280 2759 3352 2814 de
3370 2774 3435 2814 eo
3465 2759 3809 2828 audivisset,

2153 2845 2451 2902 indicavit.
2486 2846 2653 2910 Quod
2688 2845 2786 2902 ille
2808 2863 3156 2918 agnoscens,
3190 2862 3251 2903 se
3283 2848 3353 2902 ad
3385 2852 3597 2904 terram
3628 2847 3808 2920 proti-

2155 2952 2266 2991 nus
2295 2938 2356 2990 in
2389 2934 2708 2991 orationem
2741 2935 2919 2991 dedit.
2954 2935 3198 3006 Moxque
3227 2937 3299 2993 de
3329 2953 3435 2992 suo
3459 2937 3799 2993 habitacula

2154 3041 2269 3081 non
2327 3023 2518 3080 solum
2569 3025 2834 3080 eamdem
2885 3024 2988 3080 Dei
3046 3025 3352 3094 famulam,
3404 3027 3498 3081 sed
3560 3043 3797 3083 omnem

2153 3128 2382 3187 quoque
2413 3114 2714 3182 feminam,
2755 3130 2884 3184 quas
2913 3114 2974 3169 in
3002 3115 3128 3186 ejus
3152 3113 3271 3170 illic
3314 3115 3596 3186 obsequio
3633 3117 3800 3173 habi-

2151 3204 2335 3268 tabat,
2375 3202 2613 3274 expulit.
2677 3203 2743 3258 In
2793 3203 2996 3259 eodem
3047 3220 3178 3260 vero
3223 3205 3436 3274 templo
3485 3205 3793 3276 Apollinis,

2156 3293 2306 3350 beati
2338 3294 2580 3372 A_ndreze
2611 3292 2856 3365 apostoli
2890 3299 3126 3366 repente
3158 3295 3474 3351 oratorium
3522 3296 3675 3366 fecit,
3707 3302 3799 3352 at-

2153 3397 2262 3452 que
2292 3381 2454 3437 omni
2484 3381 2586 3437 illa
2614 3382 2933 3438 tentatione
2965 3383 3158 3439 carnis
3177 3384 3438 3439 funditus
3461 3385 3663 3440 caruit.
3697 3385 3800 3442 Ju-

2155 3470 2347 3525 deum
2377 3486 2530 3539 vero,
2563 3471 2728 3541 cujus
2759 3471 2982 3527 visione
3020 3476 3190 3542 atque
3240 3472 3634 3545 increpatione
3682 3473 3798 3529 sal-

2152 3563 2318 3615 vatus
2348 3563 2457 3625 est,
2491 3561 2562 3615 ad
2593 3565 2874 3616 aeternam
2899 3560 3144 3616 salutem
3179 3562 3370 3618 traxit.
3420 3561 3561 3617 Nam
3607 3579 3799 3618 sacra-

2151 3649 2364 3704 mentis
2405 3648 2541 3704 ﬁdei
2592 3651 2908 3719 imbutum,
2969 3654 3147 3720 atque
3215 3668 3365 3721 aqua
3421 3651 3799 3722 baptismatis

2149 3738 2558 3803 emundatum,
2575 3739 2646 3793 ad
2669 3746 2880 3794 sanctae
2903 3739 3172 3795 Ecclesiae
3195 3741 3482 3811 gremium
3505 3741 3798 3811 perduxit.

2151 3825 2362 3896 Sicque
2394 3825 2610 3883 factum
2639 3832 2819 3884 estut
2859 3828 3140 3884 Hebraeus
3187 3829 3367 3897 idem,
3427 3829 3570 3885 dum
3621 3830 3800 3885 saluti

2151 3915 2350 3972 alienas
2373 3917 2684 3982 consuluit,
2711 3918 3038 3989 perveniret
3059 3919 3129 3974 ad
3145 3924 3405 3987 suam,et
3426 3920 3800 3991 omnipotens

2149 4003 2304 4061 Deus
2334 4005 2470 4061 inde
2514 4005 2766 4062 alterum
2815 4008 2883 4062 ad
2935 4007 3148 4063 bonam
3208 4007 3386 4063 vitam
3430 4009 3794 4080 perduceret,

2148 4094 2303 4151 unde
2326 4095 2382 4150 in
2427 4096 2577 4150 bona
2606 4096 2722 4150 vita
2753 4097 2998 4151 alterum
3030 4097 3398 4152 custodisset.

389 4189 486 4239 106
519 4183 891 4250 ἐπισκοπείου,
925 4182 988 4236 οὐ
1026 4181 1188 4254 μόνον
1221 4181 1320 4249 τὴν
1343 4183 1437 4234 τοῦ
1469 4184 1602 4235 Θεοῦ
1634 4177 1843 4250 δούλην
1872 4179 2098 4250 ἐκείνην,
2120 4181 2266 4236 αλλὰ
2290 4183 2379 4236 καὶ
2405 4186 2578 4238 πᾶσαν
2609 4181 2852 4254 θηλείαν,
2885 4185 3049 4258 ἣνπερ
3076 4185 3150 4246 είς
3181 4186 3283 4254 τήν
3306 4184 3474 4255 αὐτῆς
3497 4186 3797 4264 ὑπουργίαν

391 4267 988 4351 εἶχεν,ἆπε6σίλετο,τὸν
1017 4267 1074 4324 δὲ
1092 4270 1215 4324 ναὸν
1235 4273 1332 4324 τοῦ
1346 4267 1707 4333 ’Λπόλλωνος
1727 4268 2012 4342 εύκτήριον
2035 4274 2129 4324 τοῦ
2147 4270 2497 4346 μακαρίου(ε)
2514 4269 2766 4347 Ἀνδρέου
2780 4277 2877 4326 τοῦ
2899 4272 3245 4330 Ἀποστόλου
3262 4272 3800 4344 πεποίηκεν.Ἀπηλο

393 4359 533 4438 λάγη
570 4359 626 4416 δὲ
655 4366 751 4418 τοῦ
781 4369 880 4431 τῆς
905 4360 1100 4434 σαρκὸς
1123 4359 1292 4416 αὐτοῦ
1313 4362 1642 4435 πειρασμοῦ,
1666 4358 1852 4434 χάριτι
1877 4363 2009 4414 Θεοῦ
2039 4365 2321 4422 παντελῶς
2360 4359 2409 4433 ἐξ
2444 4361 2606 4416 αὑτοῦ
2629 4361 3011 4425 ἆπελαθέντος.
3055 4364 3157 4420 Τὸν
3193 4361 3248 4418 δὲ
3278 4361 3544 4419 Ἰουδαῖον
3584 4363 3674 4419 τὸν
3706 4361 3799 4420 διὰ

390 4458 491 4522 τῆς
515 4450 773 4515 ὀπτασίας
790 4455 981 4506 τοῦτον
1007 4449 1320 4523 ἐλέγξαντα,
1352 4449 1487 4523 πρὸς
1509 4449 1609 4517 τήν
1634 4447 1852 4503 αἰώνιον
1883 4449 2156 4522 σωτηρίαν
2177 4447 2540 4506 ἐπεσπάσατο.
2573 4452 2652 4508 Τὰ
2681 4451 2784 4524 γὰρ
2811 4456 3082 4528 μυστήρια
3106 4459 3206 4522 τῆς
3231 4453 3466 4514 πίστεως
3486 4456 3679 4508 τοῦτον
3711 4450 3796 4508 διε

395 4537 772 4612 δάξας,καὶτῷ
791 4543 887 4594 τοῦ
914 4538 1291 4614 βαπτίσματος
1315 4534 1466 4592 ὕδατι
1488 4536 1885 4611 καθαρίσας,είς
1907 4537 1998 4593 τὸν
2026 4544 2126 4607 τῆς
2155 4539 2310 4616 ἁγίας
2343 4537 2636 4611 ἐκκλησίας
2672 4539 2878 4595 κόλπον
2902 4541 3125 4618 ἤγαγεν.
3161 4540 3315 4596 Οὕτω
3345 4541 3525 4597 τοίνυν
3558 4540 3797 4618 γέγονεν,

392 4627 532 4686 ὥστε
562 4631 652 4686 τὸν
692 4623 944 4702 Ἐϐραῖον
984 4628 1074 4682 τὸν
1106 4626 1181 4687 εἷς
1213 4629 1279 4700 (Ῑ)
1307 4628 1405 4696 τὴν
1440 4625 1622 4701 ἐτέρου
1652 4625 1922 4700 σωτηρίαν
1967 4625 2350 4702 συντρέχοντα.
2393 4627 2468 4693 εἷς
2494 4629 2593 4698 τήν
2630 4626 2768 4685 ἲδίαν
2801 4634 3154 4696 καταντῆσαι.
3189 4632 3289 4688 Καὶ
3323 4633 3350 4686 6
3382 4628 3802 4705 παντοδύναμος

394 4719 524 4784 Θεὸς
554 4719 612 4774 ἐκ
639 4719 834 4774 τούτου
862 4714 1048 4792 ἕτερον
1083 4715 1157 4779 εἷς
1189 4716 1336 4786 ζωήν
1363 4715 1572 4790 ἀγαθὴν
1604 4712 1824 4792 ἤγαγεν,
1860 4717 1978 4780 ὅθεν
2012 4714 2184 4772 ἄλλον
2216 4715 2270 4772 ἐν
2300 4717 2438 4791 αὑτῇ
2479 4715 2828 4795 φυλαχθῆναι
2859 4717 3182 4791 ηὒδόκησεν.

467 4811 671 4868 HETP.
707 4805 885 4866 T0610
916 4807 979 4863 16
1010 4806 1234 4882 γεγονὸς
1264 4809 1486 4881 πρᾶγμα
1518 4804 1648 4880 ὅπερ
1679 4804 1909 4877 ἀκήκοα,
1958 4806 2043 4860 καί

2227 4809 2398 4865 Pera.
2431 4813 2541 4866 Res
2565 4810 2686 4867 haec
2699 4818 2858 4884 gesta
2878 4829 3054 4884 quam
3079 4811 3294 4882 audivi,
3329 4816 3385 4869 et
3407 4816 3629 4869 metum
3656 4811 3804 4868 mihi

402 4893 571 4976 φόϐον
604 4919 699 4971 μοι
738 4898 968 4972 παρέχει
997 4895 1099 4950 καὶ
1141 4892 1337 4951 ἐλπίδα
1376 4895 1669 4969 σωτηρίας.

467 4992 759 5047 ΓΡΗΓΟΡ.
803 4987 958 5046 Οὕτω
989 4988 1078 5043 καὶ
1110 4987 1338 5060 ἁρμόζει
1371 4989 1440 5060 τῇ
1471 4989 1566 5040 τοῦ
1606 4989 1738 5041 Θεοῦ
1776 4986 1924 5058 ἡμᾶς
1960 4986 2042 5040 εὐ-

397 5077 711 5157 σπλαγχνίᾳ
732 5078 958 5132 πάντοτε
978 5080 1056 5151 (g)
1079 5075 1392 5140 πεποιθέναι
1401 5076 1510 5146 ,καὶ
1531 5076 1630 5146 τὴν
1645 5073 1911 5149 ἡμετέραν
1936 5071 2042 5129 δει-

397 5173 522 5239 Λιᾷν
557 5163 994 5223 ἀσθένειανοῚδοὺ
1017 5166 1118 5241 γὰρ
1138 5166 1224 5220 καὶ
1256 5166 1354 5234 τὴν
1386 5167 1483 5219 τοῦ
1505 5161 1831 5238 παραδείσου
1848 5160 2035 5240 κέδρον

396 5253 746 5314 σαλευθεῖσαν
779 5256 1113 5329 ἠκούσαμεν,
1145 5252 1273 5310 ἀλλ’
1315 5252 1414 5310 οὐκ
1442 5251 1843 5329 ἔκριζωθεῖσαν·
1890 5252 2040 5316 ὅπως

432 5447 435 5489 ς
465 5412 546 5489 (ιι)
573 5414 792 5489 Debac
822 5427 974 5489 voce_
988 5413 1233 5489 ejusque
1251 5410 1476 5482 origine
1499 5411 1624 5465 fuse
1649 5407 2036 5489 di‘sseritdoc-

393 5480 808 5558 tiss'Cangius
838 5486 904 5541 in
934 5480 1121 5558 Gloss.
1141 5480 1278 5558 'Gr.,
1312 5480 1487 5553 quem
1520 5480 1778 5539 consule.

464 5558 544 5630 (ὁ)
572 5551 707 5630 Ms;
733 5555 1079 5630 στενοχωρία
1109 5551 1359 5630 κατέστη.

464 5560 520 5630 (ὁ
575 5561 699 5626 Ms.,
733 5558 1079 5630 στενοχωρία
1109 5558 1359 5622 κατέστη.

462 5558 544 5700 (εί
565 5629 684 5687 Vox
712 5627 1156 5686 Graecobarbara
1176 5645 1208 5682 a
1229 5625 1465 5700 saburra
1489 5625 1767 5692 derivata,
1798 5638 2035 5680 vacuum

391 5698 763 5772 significans;
789 5701 942 5774 quod
972 5715 1147 5774 naves
1179 5698 1556 5774 saburra,seu
1585 5713 1760 5774 arena
1788 5702 2035 5774 queram

391 5767 584 5830 va'cuae
617 5767 992 5833 censeantur.
1025 5771 1104 5831 De
1136 5787 1204 5830 ea
1235 5769 1445 5844 legesis
1475 5769 1778 5842 Cangium.
1805 5767 1872 5826 ln
1899 5770 2032 5842 Ms.,

2153 4899 2369 4970 praebet
2399 4903 2454 4956 et
2485 4917 2672 4973 spem.

2222 4988 2474 5046 Gnaeos.
2512 4991 2721 5064 Utique
2751 4992 2834 5048 sic
2866 4997 3088 5065 oportet
3117 4997 3173 5050 et
3203 4994 3275 5051 de
3296 4993 3396 5050 Dei
3431 5010 3536 5050 nos
3566 5008 3803 5065 semper

2150 5079 2525 5136 miseratione
2564 5082 2879 5149 conﬁdere,
2913 5084 3055 5139 etde
3087 5089 3286 5140 nostra
3317 5083 3656 5139 inﬁrmitate
3679 5083 3796 5139 for-

2150 5168 2388 5224 midare.
2422 5169 2564 5226 Ecce
2596 5172 2750 5227 enim
2776 5171 3032 5242 paradisi
3056 5173 3296 5229 cedrum
3328 5188 3666 5230 concussam
3689 5188 3798 5228 au-

2149 5255 2422 5324 divimus,
2457 5259 2557 5316 sed
2585 5277 2700 5318 non
2722 5261 3005 5333 evulsam,
3038 5271 3331 5334 quatenus
3351 5262 3602 5319 inﬁrmis
3625 5260 3802 5318 nobis

2147 5410 2287 5489 Reg.
2315 5409 2539 5489 legitur
2557 5411 2709 5489 κενὸν
2739 5413 2830 5468 καί
2862 5415 3086 5489 σαπρόν,

2217 5483 2294 5563 (ά)
2315 5483 2448 5563 ᾔει..
2478 5483 2823 5563 ᾐρνήσατο...
2859 5483 2948 5540 δια
2974 5483 3026 5542 τί
3058 5485 3195 5561 ἀρνῇ
3219 5485 3375 5563 ὅπερ.

2240 5556 2287 5632 ᾳ.)
2318 5553 2451 5632 Ms"
2486 5553 2725 5632 Ilé1pou._
2781 5627 2791 5632 _
2962 5607 2970 5613 .

2239 5624 2284 5704 Ῑ)
2316 5628 2442 5704 gi"
2475 5626 2553 5704 εές
2582 5624 2681 5704 ’έρδ
2713 5627 2922 5704 ἑτέρου.

2235 5699 2291 5771 ο)
2316 5700 2463 5757 Edit.
2496 5700 2708 5772 ναίω,
2738 5699 3126 5774 πεποιηκέναι.
