4210 6160
425 365 547 430 235

1628 349 1916 414 SANGTI
1962 351 2333 415 GREGORII
2380 350 2637 414 MAGNI

3719 361 3840 422 236

422 501 607 555 τόπων
622 501 815 554 τοῦτον
829 491 1115 568 παρελθεῖν
1133 480 1579 554 ἒπύκτευον,ἆλλ⁹
1591 479 1849 556 οὐδαμῶς
1867 485 1927 537 τὸ
1941 505 1957 537 ι
1973 505 2062 538 πο-

2188 487 2414 544 deﬂecti
2441 503 2555 542 non
2572 486 2779 559 potuit.
2803 489 2970 546 Tunc
3001 487 3088 544 vir
3114 488 3343 546 Domini
3372 491 3717 562 Frigdianus
3751 511 3836 551 ra-

427 589 600 663 ταμὸν
618 587 789 656 ἐκτῆς
821 582 960 643 ἰδίας
988 581 1176 648 κοίτης
1213 576 1521 650 μετενέγκαι
1551 569 2071 643 ἡδυνήθησαν.Τότε

426 679 455 732 6
474 659 569 732 τοῦ
586 680 720 730 Θεοῦ
739 671 1020 745 ἃνθρωπος
1038 663 1368 740 Φριγδιανὸς
1384 659 1662 717 σκαλίδιον
1677 661 1872 734 σεμνὸν
1897 662 2072 733 ἑαυτῷ

423 764 766 835 πεποιηκὼς,
800 761 948 832 παρὰ
974 757 1036 812 τὸ
1083 752 1276 830 χεῖλος
1305 757 1402 807 τοῦ
1432 755 1683 824 ποταμοῦ
1731 749 1950 821 ἐπέστη,
1981 751 2070 805 καὶ

425 856 594 929 μόνος
619 858 686 919 τῆ
721 849 863 927 εὗχῆ
893 846 1080 902 ἑαυτὸν
1111 841 1505 913 ἐπικλίνας,τῷ
1528 843 1760 912 ποταμῷ
1794 838 2069 894 ἐκέλευσεν

418 926 514 998 ἱἰνα
545 926 897 1012 ἀκολουθήσῃ
929 935 1076 1007 αὐτῷ
1108 930 1197 988 διὰ
1224 931 1428 986 τοπῖων
1459 931 1534 984 ὧν
1568 927 1724 990 αὐτὸς
1748 926 1974 998 συνεῖδε,
1995 933 2072 1000 τῷ

427 1027 696 1100 σκαλιδίῳ
711 1028 810 1094 τὴν
841 1027 942 1101 γῆν
970 1020 1317 1096 παρασύρων.
1335 1017 1498 1073 Ὀλον
1529 1015 1584 1072 δὲ
1609 1021 1708 1072 τοῦ
1741 1021 1991 1091 ποταμοῦ
2009 1019 2070 1071 τὸ

425 1117 572 1192 ὕδωρ
604 1119 752 1176 295
773 1116 872 1184 τὴν
895 1109 1033 1167 ἰδίαν
1064 1111 1257 1178 κοίτην
1289 1105 1620 1180 καταλείψειν
1640 1107 1717 1192 τῷ
1735 1106 1871 1180 ἀγίῳ
1887 1105 2070 1178 τούτῳ

421 1189 815 1277 ἠκολούθησεν·
849 1199 989 1256 ὥστε
1016 1201 1114 1254 τοῦ
1145 1196 1345 1252 λοιποῦ
1379 1196 1453 1269 μή
1485 1215 1543 1248 τε
1571 1189 1752 1248 νοτίδα
1779 1194 2069 1266 ἀπομεῖναι

424 1296 478 1351 ἐν
509 1299 588 1368 τῷ
605 1292 826 1369 ἀρχαίῳ
844 1291 1011 1345 αὐτοῦ
1028 1283 1338 1359 τόπῳ,ἀλλ⁹
1359 1285 1496 1339 ὃπου
1521 1284 1547 1336 ὁ
1570 1287 1664 1337 τοῦ
1692 1279 1825 1337 Θεοῦ
1856 1280 2068 1357 ἄνθρω-

422 1406 527 1447 πος
554 1385 653 1452 τὴν
687 1389 789 1460 γῆν
817 1384 897 1452 τῷ
917 1373 1182 1448 σκαλιδίῳ
1198 1375 1520 1460 παρέσυρεν,
1537 1374 1652 1427 ἐκεῖ
1668 1372 1696 1426 ὁ
1715 1371 1958 1446 ποταμὸς
1975 1371 2067 1427 τὸν

423 1471 630 1549 δρόμον
662 1457 826 1526 αῦτοῦ
860 1467 1146 1537 πεποίηκε,
1178 1465 1267 1519 καὶ
1318 1457 1530 1538 βλάϐην
1565 1462 1682 1516 τινὰ
1710 1466 1828 1524 τοῖς
1858 1466 2064 1539 φυτοῖς,

419 1563 457 1634 ἢ
489 1562 543 1619 ἕν
572 1569 638 1633 τῆ
683 1559 1022 1636 ἐργαζομένη
1057 1563 1128 1633 γῆ
1160 1557 1257 1609 τοῦ
1289 1553 1489 1609 λοιποῦ
1535 1552 1636 1607 οὐκ
1667 1553 1745 1626 (α)
1777 1549 2066 1629 ἐπήγαγεν.

1065 1706 1325 1758 ΚΕΦΔΛ.
1369 1700 1425 1757 Ι’.

563 1814 695 1889 Περὶ
728 1806 960 1867 Σαϐίνου
991 1808 1292 1865 ἐπισκόπου
1320 1805 1536 1868 πόλεως
1571 1802 1923 1865 Πλακεντίας.

491 1942 701 2000 Τούτου
723 1939 904 1994 τοίνυν
923 1940 1019 1992 τοῦ
1037 1929 1432 1990 εὒλαὸεστάτου
1449 1929 1640 2006 ἀνδρὸς
1672 1929 1953 1987 Βεναντίου
1968 1933 2064 1984 τοῦ

421 2030 724 2089 ἐπισκόπου
752 2035 820 2096 τῆ
840 2027 1109 2106 ἀφηγήσει
1124 2023 1308 2098 ἓτερον
1329 2023 1510 2095 θαῦμα
1531 2021 1842 2094 μεμάθηκα,
1860 2020 1992 2092 ’ὀπερ
2012 2017 2061 2071 ἐν

416 2129 486 2192 τῆ
509 2116 812 2188 Πλακεντία
828 2104 992 2171 πάλει
1010 2112 1300 2188 ἐμαρτύρει
1317 2110 1614 2186 γεγονέναι,
1628 2113 1716 2164 καί
1737 2109 1957 2178 Ἰωάννη
1970 2130 1992 2171 ς
2010 2104 2066 2162 δὲ

422 2215 452 2269 6
469 2216 559 2267 νῦν
577 2209 630 2266 ἒν
645 2209 817 2283 ταύτῃ
835 2214 903 2276 τῆ
921 2210 1026 2261 τῶν
1043 2202 1328 2276 Ῥωμαίων
1361 2199 1524 2256 πόλει
1549 2200 1640 2256 τὸν
1671 2203 1767 2254 τοῦ
1785 2199 2065 2274 Ἐπάρχου

418 2303 586 2357 τόπον
602 2298 876 2374 κατέχων,
893 2295 1031 2368 ἀνὴρ
1050 2291 1420 2363 ἀληθέστατος
1444 2291 1731 2364 ὑπάρχων,
1751 2286 1804 2342 ἐν
1831 2295 1897 2357 τῇ
1928 2286 2062 2356 αὖτῆ

417 2391 581 2448 πόλει
599 2385 903 2457 Πλακεντίᾳ
927 2381 1200 2459 γεννηθεὶς
1227 2381 1316 2436 καὶ
1344 2379 1770 2458 ἀνατραφεὶς,τῷ
1787 2377 2065 2448 ἐπισκόπῳ

419 2482 800 2552 συμμαρτυρεῖ
817 2475 1055 2549 περὶτοῦ
1081 2472 1334 2526 τοιούτου
1368 2469 1661 2543 θαύματος.
1696 2465 1921 2542 Ἔλεγεν
1953 2465 2064 2522 τοί·

415 2589 526 2637 νυν,
570 2566 653 2622 δτι
673 2566 808 2635 ἀνήρ
827 2583 915 2626 τις
936 2557 1168 2622 Σαϐῖνος
1189 2558 1436 2630 ἀνόματι,
1461 2561 1530 2630 (ιι)
1556 2563 1870 2630 θαυμαστῆς
1892 2557 2064 2630 ὑπαρ-

418 2675 538 2732 χων
573 2649 936 2727 δυνάμεως,ἐν
964 2657 1030 2719 τῆ
1053 2650 1188 2716 αὐτῆ
1218 2646 1378 2704 πόλει
1397 2645 1688 2708 ἐπίσκοπος
1716 2647 1953 2722 γέγονεν,
1981 2650 2066 2700 Ἐν

419 2746 477 2805 δὲ
507 2745 688 2821 ἡμέρᾳ
715 2740 1081 2798 τινὶὸτούτου
1110 2737 1362 2798 διάκονος
1396 2736 1655 2810 ἐμήνυσεν
1689 2737 1836 2807 αὐτῷ
1867 2733 2066 2808 λέγων,

415 2841 532 2895 Ὀτι
548 2819 725 2896 Πάδος
743 2834 770 2888 ὁ
787 2831 1034 2904 ποταμὸς
1053 2831 1149 2898 τήν
1170 2829 1361 2882 ἑαυτοῦ
1375 2826 1563 2895 κοίτην
1587 2819 2063 2898 ὑπερϐᾶς,(ο)τοί›ς

418 2935 522 2999 τῆς
542 2921 832 2994 ἐκκλησίας
859 2920 1059 2996 ἀγροὺς
1087 2911 1402 2983 ἐπελάϐετο,
1424 2916 1512 2970 καὶ
1545 2917 1716 2970 πάντα
1742 2915 1810 2970 τὰ
1835 2914 1910 2975 εἰς
1936 2935 2065 2987 τρο-

421 3017 526 3094 φὴν
541 3013 837 3088 ἀνθρώπων
851 3009 900 3064 ἐν
913 3013 1029 3067 τοῖς
1043 3005 1523 3079 αὑτόθι(ά)τοπίοις
1543 3003 1816 3094 μέλλοντα
1828 3005 2062 3094 γίνεσθαι

421 3090 484 3163 τὸ
502 3102 648 3177 ὕδωρ
666 3105 762 3157 τοῦ
779 3101 1031 3170 ποταμοῦ
1058 3095 1442 3170 ἐπεκράτησεν.
1473 3095 1534 3152 Ὀ
1569 3090 1626 3148 δὲ
1651 3099 1717 3162 τῆ
1755 3099 1864 3162 ζωῇ
1895 3091 2064 3147 εὐλα-

422 3190 681 3252 ϐἑστατος
711 3182 943 3249 Σαϐῖνος
960 3186 987 3240 6
1008 3183 1301 3244 ἐπίσκοπος
1326 3181 1587 3257 ἀπεκρίθη
1618 3180 1808 3256 λέγων’
1827 3178 2066 3244 Ἀπελθε

2097 1868 2146 1934 Β

2183 581 2369 632 strum
2393 577 2503 632 sibi
2530 575 2834 648 parvulum
2861 578 3012 644 fecit,
3030 580 3095 634 ad
3121 578 3349 635 alveum
3366 581 3634 638 ﬂuminis
3648 601 3838 641 acces-

2183 667 2283 731 sit,
2316 672 2370 720 et
2401 665 2560 721 solus
2586 667 2830 722 orationi
2855 667 3157 736 incubuit;
3183 675 3357 740 atque
3386 670 3575 725 eidem
3602 673 3831 730 ﬂumini

2183 756 2525 828 praecipiens
2546 762 2608 811 ut
2629 773 2691 812 se
2715 763 3077 830 sequeretur,
3098 775 3202 830 per
3223 759 3345 814 loca
3369 777 3612 832 quaeque
3634 763 3684 818 ei
3708 764 3832 820 visa

2181 856 2317 902 sunt
2343 851 2594 900 rastrum
2631 863 2731 916 per
2759 850 2972 902 terram
3007 850 3202 903 traxit.
3227 854 3408 914 Quem
3443 852 3641 906 relicto
3674 853 3833 910 alveo

2183 935 2414 1006 proprio
2445 935 2598 991 296
2639 941 2758 990 tota
2790 935 3057 991 ﬂuminis
3087 955 3242 1010 aqua
3267 944 3468 994 secuta
3515 945 3628 1011 est,
3660 942 3740 995 ita
3772 950 3835 1000 ut

2182 1026 2448 1081 funditus
2478 1026 2667 1082 locum
2689 1028 2949 1083 consueti
2975 1045 3188 1084 cursus
3207 1031 3517 1099 desereret,
3541 1039 3598 1086 et
3621 1034 3697 1088 ibi
3719 1034 3832 1090 sibi

2181 1117 2433 1186 alveum,
2464 1117 2563 1172 ubi
2596 1123 2777 1173 tracto
2818 1135 2917 1190 per
2968 1124 3182 1176 terram
3248 1126 3433 1178 rastro
3482 1123 3564 1180 vir
3596 1123 3831 1180 Domini

2181 1205 2414 1278 signum
2443 1207 2677 1272 fecerat,
2710 1206 3047 1274 vindicaret,
3080 1214 3136 1264 et
3184 1226 3426 1283 queque
3473 1217 3670 1268 essent
3718 1213 3825 1268 ali-

2181 1295 2388 1350 mentis
2423 1295 2723 1352 hominum
2758 1298 3055 1369 profutura
3083 1303 3207 1355 sata
3241 1298 3324 1355 vel
3354 1299 3637 1372 ,plantata
3677 1301 3830 1358 ultra

2179 1385 2431 1442 liederet.

2839 1660 3071 1718 CAPUT
3104 1661 3170 1719 X.

2177 1768 2254 1824 De
2292 1767 2495 1824 Sabino
2540 1769 2785 1842 episcopo
2832 1769 3172 1833 Placentino,
3214 1770 3313 1841 qui
3359 1771 3574 1827 Padum
3620 1774 3826 1842 ﬂumen

2565 1856 2665 1911 per
2695 1841 2910 1896 litteras
2929 1857 3058 1896 sua:
3081 1845 3427 1913 compescuit.

2250 1928 2434 1998 llujus
2466 1944 2697 2000 quoque
2729 1930 3075 1986 venerabilis
3105 1931 3209 1985 viri
3249 1930 3520 1988 Venantii
3561 1934 3820 2006 episcopi

2175 2017 2331 2073 aliud
2360 2019 2708 2074 miraculum
2743 2018 3019 2074 relatione
3039 2022 3300 2091 cognovi,
3334 2023 3486 2092 quod
3505 2023 3563 2077 in
3594 2023 3663 2095 (f)
3684 2022 3818 2078 Pla-

2174 2106 2405 2162 centina
2436 2108 2577 2163 urbe
2597 2107 2861 2179 perhibet
2888 2116 3152 2178 gestum;
3188 2111 3342 2181 quod
3363 2111 3442 2183 (g)
3473 2114 3559 2166 vir
3581 2129 3816 2184 quoque

2173 2197 2582 2252 veracissimus
2594 2200 2846 2254 Joannes
2858 2197 2914 2254 in
2931 2198 3038 2254 bac
3051 2199 3210 2256 modo
3225 2201 3481 2257 Romana
3493 2202 3718 2259 civitate
3730 2203 3817 2275 (Ιι)

2175 2285 2364 2342 locum
2395 2287 2794 2358 praefectorum
2826 2304 3088 2357 servans,
3121 2290 3223 2361 qui
3254 2291 3313 2345 in
3343 2293 3546 2347 eadem
3585 2292 3826 2349 Placen-

2175 2377 2298 2432 tina
2322 2380 2463 2432 urbe
2493 2385 2763 2434 estortus
2794 2384 2850 2434 et
2880 2384 3152 2448 nutritus,
3189 2383 3264 2435 ita
3286 2385 3348 2436 ut
3368 2381 3675 2454 episcopus
3693 2400 3819 2440 me-

2175 2473 2385 2535 morat,
2417 2466 2557 2538 quia
2577 2473 2808 2537 gestum
2843 2467 3358 2525 lueritattestatur.
3381 2469 3442 2526 In
3475 2487 3543 2525 ea
3565 2487 3824 2544 namque

2173 2559 2404 2614 civitate
2419 2562 2478 2629 (ἱ)
2505 2559 2780 2614 Sabinum
2802 2562 3036 2616 nomine
3059 2561 3238 2616 fuisse
3256 2571 3521 2617 asserunt
3538 2565 3693 2618 mira:
3708 2564 3824 2619 vir-

2173 2649 2317 2704 tutis
2339 2650 2694 2720 episcopum.
2719 2650 2819 2703 Cui
2845 2649 2984 2704 dum
3008 2650 3100 2706 die
3117 2653 3363 2723 quadam
3381 2668 3527 2708 suus
3543 2652 3828 2711 diaconus

2174 2739 2502 2794 nuntiasset
2533 2739 2686 2808 quod
2713 2753 2920 2794 cursus
2952 2741 3043 2794 sui
3078 2738 3268 2795 Padus
3293 2739 3520 2796 alveum
3545 2757 3825 2812 egressus

2173 2827 2444 2884 Ecclesim
2466 2842 2635 2897 agros
2657 2834 3022 2899 occupasset,
3040 2834 3271 2899 totaque
3292 2828 3411 2884 illic
3427 2829 3552 2885 loca
3565 2830 3828 2888 nutrien-

2175 2918 2267 2973 dis
2297 2918 2356 2988 (i)
2390 2915 2727 2972 hominibus
2760 2918 3056 2986 profutura
3085 2935 3233 2990 aqua
3263 2920 3522 2989 ejusdem
3555 2921 3824 2978 ﬂuminis

2173 3010 2414 3071 teneret,
2449 3004 2796 3061 venerabilis
2829 3006 2950 3060 vitae
2973 3007 3227 3063 Sabinus
3249 3007 3554 3080 cpiscopus
3578 3026 3821 3082 respon-

2176 3095 2280 3163 dit,
2307 3096 2508 3150 dicens
2541 3113 2555 3151 :
2590 3094 2768 3164 Vade,
2800 3100 2858 3150 et
2886 3096 2979 3152 dic
3010 3097 3060 3151 ei
3087 3097 3354 3154 :Mandat
3377 3098 3480 3153 tibi
3504 3102 3820 3173 episcopus

2177 3188 2315 3238 utte
2347 3199 2706 3255 compescas,
2739 3190 2795 3239 et
2825 3185 2896 3239 ad
2947 3186 3246 3257 proprium
3305 3187 3533 3243 alveum
3592 3189 3819 3246 redeas.

417 3282 508 3339 καὶ
539 3280 656 3336 εἰπὲ
683 3278 852 3350 αὐτῷ’
886 3273 1061 3346 Δηλοῖ
1093 3295 1175 3328 σοι
1209 3273 1236 3326 6
1269 3270 1685 3337 ἐπίσκοπος,’ἱνα
1713 3267 1946 3344 ίδιάσῃς,
1981 3268 2062 3322 καῖ

2176 3273 2330 3337 Quod
2357 3251 2634 3328 diaconus
2656 3275 2782 3344 ejus
2805 3251 3071 3342 audiens,
3088 3275 3418 3346 despexitet
3441 3275 3824 3334 irrisit.'l‘unc

419 3372 494 3434 είς
513 3371 603 3426 τὸν
628 3366 771 3424 ’ἰδιόν
792 3387 888 3421 σου
912 3364 1078 3420 τόπον
1111 3362 1476 3436 ὑποστρὲψης.
1497 3363 1673 3416 Τοῦτο
1694 3356 1749 3413 δὲ
1767 3360 1794 3414 ὁ
1814 3356 2062 3420 διάκονος

417 3460 584 3516 αὐτοῦ
617 3457 866 3523 ἀκούσας,
899 3451 1347 3525 παροικτρώσατο
1373 3449 1536 3504 αὐτὸν
1567 3447 1656 3502 καὶ
1689 3447 2062 3522 κατεγέλασεν.

417 3551 480 3606 Ὀ
520 3545 576 3602 δὲ
608 3550 709 3601 τοῦ
752 3547 886 3598 Θεοῦ
926 3540 1205 3614 ἄνθρωπος
1236 3536 1486 3611 νοτάριον
1523 3534 2061 3610 προσκαλεσάμενος,

418 3636 784 3711 ὑπηγόρευσεν
816 3629 982 3700 αὐτῷ,
1002 3623 1203 3702 λέγων
1229 3621 1458 3686 Σαϐῖνος
1479 3625 1506 3679 ὁ
1523 3628 1617 3678 τοῦ
1649 3623 1840 3696 κυρίου
1883 3625 2062 3694 Ἰησοῦ

420 3729 660 3802 Χριστοῦ
678 3719 903 3788 δοῦλος,
921 3717 1375 3802 κομμονιτώριον
1396 3712 1557 3786 Πάδῳ
1586 3715 1664 3802 τῷ
1695 3719 1949 3787 ποταμῷ.
1973 3717 2059 3772 Ἐν

418 3816 644 3890 ὀνόματι
657 3815 752 3866 τοῦ
765 3809 954 3886 κυρίου
967 3810 1126 3880 ἡμῶν
1141 3807 1322 3876 Ἰησοῦ
1335 3801 1567 3880 Χριστοῦ
1581 3801 1786 3858 κελεύω
1801 3825 1860 3858 σο
1873 3806 2062 3867 ι,ὅπως

387 3906 474 3962 ,ὶκ
501 3909 597 3961 τοῦ
627 3903 798 3958 τόπου
815 3921 911 3955 σου
938 3901 1036 3954 τοῦ
1054 3894 1255 3950 λοιποῦ
1290 3895 1365 3966 μὴ
1399 3891 1639 3968 ἐξέλθῃς,
1679 3891 1820 3966 μηδὲ
1838 3895 1935 3962 τὴν
1958 3897 2059 3969 γῆν

408 3999 509 4064 τῆς
547 3990 840 4061 ἐκκλησίας
871 3987 1078 4060 βλάψαι
1104 3981 1410 4057 τολμήσῃς.
1443 3986 1533 4054 Τῷ
1565 3979 1622 4036 δὲ
1650 3983 1798 4056 αὐτῷ
1828 3985 2061 4058 νοταρίῳ

411 4081 689 4159 προσθεὶς,
723 4077 888 4133 ε’ίπεν’
909 4074 1164 4143 Ἀπελθε,
1181 4076 1344 4127 τοῦτο
1361 4073 1591 4148 γράψον,
1611 4072 1700 4126 καὶ
1733 4071 1807 4134 εἰς
1835 4073 1894 4127 τό
1913 4071 2058 4147 ὕδωρ

407 4177 506 4229 τοῦ
539 4172 793 4241 ποταμοῦ
822 4167 978 4242 ῥίψον
1007 4161 1154 4218 αὒτό.
1177 4162 1388 4219 Τούτου
1412 4159 1469 4216 δὲ
1493 4161 1816 4236 γενομένου,
1836 4160 2058 4234 δεξάμε.

407 4282 500 4324 νος
531 4262 558 4315 6
589 4257 833 4330 ποταμὸς
851 4258 947 4310 τοῦ
966 4251 1117 4327 ἁγίου
1142 4247 1334 4324 ἀνδρὸς
1362 4250 1424 4304 τὸ
1455 4251 1802 4328 πρόσταγμα,
1826 4254 2057 4326 (ε)παρ-

411 4351 532 4408 ευθὺ
565 4348 625 4404 ἐκ
651 4353 749 4417 τῆς
782 4351 885 4422 γῆς
919 4339 1212 4413 ἐκκλησίας
1243 4337 1567 4412 ἀνέστειλεν,
1589 4348 1677 4395 καὶ
1711 4341 1785 4402 εἰς
1814 4339 2058 4399 τὸνῖδιον

479 4535 562 4605 (al
591 4535 722 4601 M5,,
753 4525 854 4605 οὐκ
893 4523 1170 4605 ἐποίησεν.

479 4593 557 4676 (ὁ)
588 4593 720 4668 Μελ,
749 4593 1058 4676 Θαυμαστὸς
1085 4593 1388 4676 *ὑπάρχωνε
1421 4613 1472 4647 εν
1500 4595 1590 4667 τῇ,
1623 4600 1730 4651 etc.

479 4661 554 4747 (ei
588 4661 717 4744 Ms.,
745 4661 912 4747 τοῦί..
944 4668 1113 4743 ἀγροῦ
1144 4661 1502 4720 ἐπεϐαλλετο.

480 4743 559 4819 ((1⁷)
591 4743 716 4810 Ms,
746 4743 960 4820 τόποις.
991 4808 1004 4820 _
1127 4814 1150 4820 _
1280 4810 1307 4820 _
1513 4809 1523 4819 .
1680 4809 1690 4820 ι

479 4808 554 4890 (ej
587 4808 716 4890 Haec
747 4814 940 4881 verba,
976 4808 1046 4890 _é_x
1085 4814 1186 4890 τῇς
1237 4810 1380 4890 γῆς..
1408 4809 1647 4890 omissa
1678 4809 1734 4890 in
1787 4811 2046 4882 Excusis,

405 4881 811 4944 revo'cavimus
858 4903 928 4942 ex
976 4885 1080 4939 Ms.
1116 4881 1256 4952 Reg.
1299 4881 1384 4936 Ad
1418 4881 1813 4953 integritatem
1847 4881 2052 4942 sensus

403 4962 806 5033 requiruntur.

475 5138 542 5208 (Ι)
574 5134 1038 5210 Ργιαοοῃιξιιᾼιιώε
1080 5128 1428 5210 episcopalis
1475 5130 1586 5210 sub
1618 5131 2050 5210 archiepiscopo

404 5203 779 5266 Bononiensi.
816 5207 1006 5263 Distat
1039 5220 1154 5259 uno
1189 5203 1458 5257 milliarlo
1488 5219 1519 5254 a
1553 5203 1727 5259 Pado.

475 5300 550 5370 (g)
575 5300 636 5354 In
659 5289 792 5361 Ed.,
809 5299 896 5351 vir
915 5309 1119 5370 quoque
1143 5294 1258 5370 Dei.
1289 5289 1525 5370 lrrepsit
1553 5290 1667 5370 Dei.
1693 5301 1892 5348 contra
1913 5299 2044 5350 Mss.

404 5363 606 5436 ﬁdem,
652 5374 710 5424 ct
757 5363 940 5424 sancti
987 5363 1253 5436 Gregorii
1293 5363 1812 5436 consuetudinem;
1862 5382 2049 5436 neque

403 5445 560 5498 enim
592 5431 740 5497 solet
772 5441 949 5496 laicos
977 5431 1129 5492 viros
1158 5433 1254 5489 Dei
1282 5431 1590 5504 appellare.
1623 5433 1819 5490 Versio
1850 5431 2047 5495 Graeca

400 5531 504 5586 pro
541 5519 741 5569 nostra
772 5513 1106 5583 conjectura
1139 5505 1370 5560 militat.

469 5603 546 5671 (li)
581 5601 728 5657 Prat.
745 5605 812 5675 et
834 5601 982 5675 prim
993 5614 1061 5675 us
1077 5592 2043 5675 G_emet.,locum.pr¢/eclorii._Lyr.,

401 5666 566 5729 Becc.
591 5677 647 5729 et
670 5666 898 5744 primus
919 5666 1282 5734 Aud.,locum
1300 5666 1850 5734 pra/ectariumJlic
1868 5666 2043 5727 John;

2175 3364 2258 3417 vir
2289 3362 2412 3431 Dei,
2436 3363 2712 3418 accersito
2746 3361 2993 3431 notario,
3017 3364 3273 3432 dictavit,
3303 3365 3538 3420 dicens:
3563 3365 3824 3425 Sabinus

2174 3453 2401 3506 Domini
2416 3451 2553 3507 Jesu
2571 3452 2778 3507 Christi
2795 3469 3012 3520 servus,
3028 3451 3104 3523 (k)
3120 3454 3623 3509 commonitorium
3639 3457 3820 3513 Pado:

2173 3541 2444 3611 Praecipio
2473 3541 2573 3596 tibi
2605 3541 2664 3597 in
2697 3540 2929 3596 nomine
2957 3542 3089 3596 Jesu
3122 3541 3336 3598 Christi
3373 3542 3599 3597 Domini
3631 3545 3821 3599 nostri

2175 3635 2236 3685 ut
2266 3632 2337 3685 de
2369 3629 2525 3686 alveo
2556 3637 2654 3686 tuo
2685 3631 2742 3686 in
2767 3629 2907 3686 locis
2939 3629 3062 3686 istis
3087 3630 3326 3687 ulterius
3353 3649 3466 3686 non
3497 3649 3686 3698 exeas,
3711 3650 3823 3692 nec

2172 3726 2357 3776 terras
2381 3720 2650 3776 Ecclesia“.
2681 3720 2882 3776 laedere
2911 3737 3247 3792 prrssumas.
3281 3727 3468 3792 Atque
3500 3723 3683 3778 eidem
3720 3739 3826 3779 no-

2171 3813 2316 3868 tario
2332 3813 2459 3882 subj
2472 3812 2655 3877 unxit,
2670 3812 2890 3868 dicens:
2912 3811 3205 3878 Vade,hoc
3219 3814 3431 3882 scribe,
3450 3816 3577 3871 etin
3599 3832 3821 3887 aquam

2170 3903 2431 3972 ejusdem
2457 3901 2717 3956 ﬂuminis
2737 3901 3108 3973 projice.0uo
3134 3904 3304 3969 facto,
3327 3905 3512 3959 sancti
3541 3905 3644 3959 viri
3669 3923 3820 3976 pue-

2169 4000 2402 4063 ceptum
2433 3991 2779 4062 suscipiens,
2813 3991 3005 4046 statim
3027 4009 3139 4048 sea
3163 3993 3330 4048 terris
3347 3993 3822 4051 Ecclesiieﬂumi-

2170 4082 2262 4136 nis
2290 4097 2438 4152 aqua
2470 4081 2851 4152 compescuit,
2884 4090 3055 4152 atque
3108 4082 3178 4136 ad
3223 4083 3522 4152 proprium
3581 4083 3820 4142 alveum

2171 4186 2417 4234 reversa,
2452 4170 2608 4224 exire
2639 4168 2882 4225 ulterius
2916 4170 2970 4224 in
2999 4169 3119 4225 loca
3150 4172 3351 4226 eadem
3385 4188 3499 4227 non
3533 4189 3821 4244 presum-

2171 4260 2309 4331 psit.
2347 4259 2471 4322 Qua
2499 4257 2559 4312 in
2592 4274 2674 4325 re,
2705 4258 2888 4326 Petre,
2923 4259 3057 4331 quid
3081 4259 3236 4314 aliud
3269 4277 3442 4330 quam
3469 4261 3825 4319 inobedien-

2167 4352 2314 4405 tium
2334 4349 2640 4405 hominum
2655 4349 2866 4405 duritia
2879 4351 3516 4422 confunditur,quando
3531 4352 3588 4408 in
3603 4353 3821 4410 virtute

2168 4542 2270 4582 nes
2296 4525 2548 4596 praefecti
2575 4526 2726 4582 vices
2750 4525 2864 4598 egit
2887 4525 3097 4598 Rome;
3121 4527 3273 4598 quod
3301 4525 3614 4598 signiﬁcat,
3636 4530 3825 4588 locum

2086 4623 2133 4688 Β
2164 4597 2880 4688 teneris“lacuniservaiis.‘
2901 4597 3082 4654 Grasm
3142 4597 3818 4674 ᾶίουυιξτοποτηρητής.

2164 4670 2280 4724 Nos
2302 4668 2538 4734 Gallice,
2573 4668 2900 4724 lieutenant.

2236 4740 2303 4868 (3
2336 4739 2533 4795 Sabini
2558 4757 2767 4795 nomen
2794 4740 3198 4812 Martyrologio
3217 4741 3529 4797 ascribitur
3552 4744 3621 4798 ad
3655 4743 3819 4802 diem

2309 4812 2613 4867 ecembris.
2636 4811 2712 4867 De
2731 4828 2796 4867 eo
2815 4812 3048 4868 consule
3074 4817 3304 4868 Baron..
3333 4815 3391 4868 in
3416 4817 3819 4868 annotationi-

2162 4813 2224 4868 11
2259 4811 2613 4868 Decembris.
2636 4811 2712 4867 De
2731 4828 2796 4867 eo
2815 4811 3048 4868 consule
3074 4817 3304 4879 Baron..
3333 4815 3391 4870 in
3416 4817 3820 4871 annotationi-

2163 4885 2274 4958 bus
2305 4885 2374 4938 ad
2410 4883 2702 4958 Martyrol.
2736 4883 2974 4958 Vivebat
3005 4885 3195 4958 sancti
3224 4886 3512 4941 Ambrosii
3543 4887 3823 4958 tempori-

2163 4955 2296 5019 bus,
2329 4957 2498 5024 cujus
2529 4957 2702 5010 etiam
2735 4955 2793 5008 in
2827 4957 3062 5026 scriptis
3093 4955 3440 5011 celebratur.

2235 5028 2296 5098 (il
2328 5027 2463 5081 Mss.
2498 5026 2594 5080 alii
2632 5027 2845 5081 habent
2888 5027 3218 5094 hominibus,
3261 5029 3357 5082 alii
3403 5029 3669 5097 oleribus,
3711 5029 3820 5086 alii

2158 5098 2482 5171 seminibus.
2520 5098 2579 5152 ln
2621 5098 2813 5153 Germ.
2849 5098 3011 5168 prius
3035 5099 3246 5154 lectum
3269 5100 3620 5168 hominibus;
3647 5107 3823 5171 post-

2165 5169 2424 5235 modum,
2458 5170 2751 5225 holeribus.

2232 5239 2390 5311 (lg-Ne
2407 5241 2479 5293 mi
2492 5241 2632 5294 reris
2645 5240 2923 5296 Sabinum
2941 5239 3114 5294 ﬂuvio
3127 5241 3341 5313 scripto
3356 5241 3820 5312 prccipientem;

2161 5313 2498 5366 memineris
2529 5313 2864 5377 Gregorium
2891 5319 3276 5381 cognomento
3306 5315 3643 5377 Thaumat.,
3663 5315 3825 5368 refe-

2157 5389 2318 5436 rente
2343 5384 2612 5455 Gregorio
2627 5384 2669 5440 N
2678 5399 2907 5454 ysseno,
2933 5385 3002 5438 ad
3023 5384 3302 5438 Satanam
3328 5385 3650 5455 scripsisse.
3677 5384 3824 5442 Gre-

2155 5455 2348 5522 gorius
2370 5454 2588 5509 Satanae
2610 5472 2628 5508 ,ο
2663 5458 2830 5510 intra.
2860 5456 3018 5511 Idem
3041 5454 3534 5527 Thaumaturgus,
3556 5457 3820 5514 ﬂuvium

2155 5529 2537 5597 exundantem
2563 5527 2950 5597 compescuit,
2975 5528 3124 5597 quod
3159 5527 3252 5582 hic
3279 5529 3350 5582 de
3375 5527 3590 5584 Sabino
3621 5535 3679 5584 et
3701 5546 3816 5586 su-

2155 5599 2350 5668 perius
2383 5596 2452 5654 de
2485 5596 2791 5669 Frigdiano
2823 5596 3016 5655 narrat
3047 5606 3283 5658 sanctus
3305 5598 3638 5674 Gregorius.
