4210 6160
225 332 328 393 241

1463 335 1980 401 DIALOGORUM
2025 344 2257 402 LIBER
2301 343 2405 403 III.

3517 343 3635 403 242

217 467 446 536 perant,
483 462 948 519 immensitatem
982 463 1188 535 pluviis
1220 465 1367 521 ferre
1389 481 1504 522 non
1530 472 1788 538 possent.
1809 469 1868 525 Et

1990 470 2043 526 ἐν
2075 477 2154 546 τῷ
2180 477 2280 527 τοῦ
2309 477 2519 549 τροχοῦ
2548 469 2980 548 περιωρισμένος
3009 471 3394 550 σφραγίσματυ
3420 472 3626 550 αἲφνης

213 555 348 610 dum
379 571 598 624 magna
629 553 810 608 nimis
839 553 1148 609 inundatio
1182 554 1366 620 ﬁeret,
1410 555 1563 610 intra
1604 559 1872 614 earrdem

214 644 679 712 designationem
712 643 914 698 circuli
947 646 1003 698 in
1023 661 1140 715 qua
1158 645 1250 698 vir
1283 645 1509 700 Domini
1531 645 1875 719 Fulgentius

215 735 393 797 stetit,
430 750 500 788 ne
528 749 647 788 una
678 733 913 801 quidem
949 733 1150 803 pluviae
1179 738 1346 803 gutta
1363 735 1684 791 descendit.
1709 737 1872 800 Quod

215 823 358 877 dum
390 823 511 892 regi
543 821 952 876 crudelissimo
987 823 1326 878 nuntiatum
1357 830 1527 891 esset,
1564 824 1664 879 illa
1707 841 1874 882 mens

213 913 388 968 effera
419 913 492 967 ad
527 927 802 982 magnam
825 912 955 982 ejus
989 912 1367 967 reverentiam
1387 928 1553 968 versa
1573 919 1679 982 est,
1703 915 1875 984 cujus

214 1019 443 1072 pinnam
477 1001 641 1071 prius
661 1000 986 1056 insatiabili
1003 1001 1192 1057 furore
1211 1001 1465 1058 sitiebat.
1493 1004 1587 1059 Sic
1612 1005 1874 1076 omnipo-

209 1098 335 1146 tens
380 1091 537 1146 Deus
563 1098 762 1146 contra
785 1089 970 1146 elatas
991 1091 1316 1147 carnalium
1340 1097 1585 1162 mentes,
1603 1096 1872 1165 potentias

209 1198 326 1236 sua
356 1179 650 1237 miracula
662 1183 1077 1252 perdespectos
1090 1188 1394 1254 operatur;
1417 1190 1479 1238 ut
1501 1185 1599 1256 qui
1622 1185 1872 1256 superbe

207 1277 413 1326 contra
446 1271 1084 1342 praeceptaveritatisse
1114 1272 1571 1344 elevant,eorum
1589 1275 1870 1330 cervicem

205 1362 418 1416 veritas
446 1376 551 1431 per
585 1360 837 1416 humiles
870 1365 1119 1431 premat.

1986 559 2252 633 ἀστραπαὶ
2281 560 2371 615 καὶ
2408 562 2651 636 βρονταί,
2675 561 2765 615 καὶ
2788 559 3024 630 τοσαύτη
3055 560 3262 635 ἀνάγκη
3301 560 3517 635 βροχῆς
3538 559 3633 634 γέ-

1987 670 2164 725 γονεν,
2185 647 2324 704 ὥστε
2349 651 2424 722 μή
2449 649 2700 704 δύνασθαι
2724 650 3012 725 ὑπενέγκαι
3032 651 3132 720 τήν
3155 654 3253 717 τῆς
3275 651 3490 724 βροχῆς
3510 651 3630 724 βίαν

1985 739 2112 800 τοὺς
2142 742 2241 809 τὴν
2267 740 2508 812 ἐξουσίαν
2537 743 2631 794 τοῦ
2662 739 2893 818 φυλάξαι
2927 739 3086 793 αὑτὸν
3121 732 3409 800 λαϐόντας.
3434 737 3630 795 ’Ένδον

1989 825 2045 882 δέ
2069 835 2169 897 τῆς
2201 833 2298 883 106
2328 833 2536 904 τροχοῦ
2582 826 2989 891 διατυπώσεως.
3037 822 3161 882 ἔνθα
3191 829 3219 881 6
3249 831 3346 882 τοῦ
3377 831 3510 883 Θεοῦ
3541 827 3638 883 ἅν-

1987 927 2206 992 θρωπος
2225 916 2634 994 φυλαττόμενος
2649 918 2858 989 ἲστατο,
2874 915 2998 972 οὐδὲ
3019 916 3114 990 μία
3137 917 3286 991 ῥανὶς
3299 918 3399 984 τῆς
3421 917 3636 992 βροχῆς

1986 1004 2144 1075 ἠλδε.
2159 1003 2496 1078 Τοῦτοδέτῷ
2508 1006 2782 1079 ὠμοτάτῳ
2797 1007 2924 1082 ῥηγὶ
2946 1005 3334 1078 μηνὺσαντες,ὁ
3351 1004 3634 1080 θηριώδης

1985 1093 2188 1158 ἐκεῖνος
2219 1093 2513 1172 λογισμὸς,
2538 1095 2813 1170 ἀκορέστῳ
2841 1100 2999 1168 θυμῷ
3025 1093 3113 1149 ἐπὶ
3143 1095 3206 1149 16
3239 1093 3519 1168 βασανίσαι
3541 1095 3635 1150 τὸν

1984 1181 2282 1240 ἐπίσκοπον
2304 1185 2673 1256 έκκαιὸμενος,
2693 1184 2769 1246 εἰς
2796 1185 3060 1258 μεγίστην
3079 1178 3359 1238 εὐλάϐειαν
3380 1182 3641 1259 ἐπέστρε-

1983 1273 2292 1348 ψεν.Οῧτως
2317 1271 2406 1328 οῦν
2433 1271 2844 1346 παντοδύναμος
2865 1273 2994 1334 Θεὸς
3023 1273 3162 1328 κατᾶ
3188 1276 3296 1326 τῶν
3330 1275 3398 1346 τῇ
3429 1273 3627 1348 γνὼμῃ

1986 1362 2358 1437 ἐπαιρομένων
2385 1369 2486 1431 τῆς
2518 1359 2830 1422 δυναστείας
2851 1360 3016 1414 αὑτοῦ
3045 1360 3111 1413 τὰ
3143 1358 3412 1430 θαυμάσια
3434 1357 3484 1414 ἐν
3509 1365 3627 1422 τοῖς

205 1445 673 1521 βδελυσσομένοις
701 1446 1005 1521 ἐργάζεται·
1039 1447 1190 1513 ὅπως
1217 1451 1270 1505 οἱ
1301 1450 1522 1515 ἐαυτοὺς
1554 1451 1912 1530 ὑπερηφάνως
1941 1450 2078 1506 κατᾶ
2104 1456 2212 1506 τῶν
2245 1452 2683 1526 προσταγμάτων
2714 1457 2816 1520 τῆς
2847 1448 3102 1520 ἀληθείας
3131 1444 3510 1522 διεγείροντες,
3530 1449 3624 1505 τὸν

199 1538 413 1594 τούτων
447 1536 738 1612 τράχηλον
770 1539 806 1608 ἡ
838 1535 1068 1608 ἀλήθεια
1098 1537 1188 1593 διὰ
1217 1544 1324 1595 τῶν
1350 1542 1784 1618 ταπεινοφρόνων
1817 1543 2164 1616 κατακάμψῃ.

820 1647 1056 1705 CAPUT
1097 1650 1252 1708 XIII.

345 1740 422 1795 De
476 1737 787 1795 Herculano
821 1738 1112 1796 Perusina?
1163 1740 1412 1797 civitati:
1454 1743 1718 1814 episcopo.

269 1832 480 1899 Nuper
501 1843 738 1900 quoque
751 1827 1015 1884 Floridus
1037 1831 1387 1886 venerabilis
1415 1833 1545 1888 vitae
1561 1833 1864 1905 episcopus

2596 1651 2861 1708 ΚΕΦΑΛ.
2897 1649 2996 1707 II".

2079 1740 2213 1815 Περὶ
2235 1739 2597 1816 Ἑρκουλάνου
2620 1739 2918 1795 ἐπισκόπου
2945 1737 3165 1804 πόλεως
3187 1737 3503 1814 Περουσίας.

2047 1827 2320 1905 Φλόριδος
2352 1831 2378 1885 ὁ
2411 1825 2803 1892 εὑλαδέστατος
2836 1828 3132 1891 ἐπίσκοπος
3179 1827 3341 1883 τοῦτό
3377 1847 3469 1901 μοι
3501 1826 3609 1882 νυιὶ

200 1920 465 1974 narravit
488 1919 786 1988 quoddam
813 1917 1190 1974 memorabile
1211 1920 1372 1976 valde
1391 1921 1758 1988 miraculum,
1783 1920 1865 1974 di-

1981 1917 2237 1997 διγησατο
2266 1921 2328 1974 τὸ
2363 1921 2584 1992 μνήμης
2616 1916 2760 1990 ἄξιον
2791 1930 2989 1992 θαυμα.
3020 1917 3212 1992 Ἔλεγε
3236 1916 3292 1972 δέ
3314 1915 3509 1983 οὕτως,
3532 1917 3616 1972 ὃτι

199 2025 348 2064 cens
370 2006 926 2063 :Virsanctissimus
939 2009 1302 2064 Herculanus
1317 2011 1564 2065 nutritor
1579 2026 1764 2076 meus,
1780 2008 1857 2079 (a)

199 2096 505 2152 Perusina
547 2095 800 2151 civitatis
822 2096 1134 2167 episcopus
1167 2099 1297 2165 fuit,
1331 2115 1395 2153 ex
1427 2098 1859 2155 conversatione

200 2185 554 2241 monasterii
573 2185 640 2240 ad
665 2185 1041 2241 sacerdotalis
1053 2187 1278 2242 ordinis
1291 2189 1539 2260 gratiam
1555 2189 1855 2244 deductus.

195 2274 401 2329 Totila
430 2278 634 2330 autem
664 2273 870 2346 perﬁdi
894 2274 1047 2346 regis
1075 2277 1738 2348 temporibus,eamdem
1762 2295 1856 2333 ur-

193 2362 326 2419 hem
365 2364 448 2433 (b)
465 2363 644 2418 annis
665 2367 888 2434 septem
909 2364 1201 2420 continuis
1229 2365 1548 2421 Gothorum
1571 2367 1856 2422 exercitus

189 2453 448 2520 obsedit,
476 2469 546 2508 ex
567 2469 685 2524 qua
707 2452 873 2508 multi
897 2452 1113 2509 civium
1134 2456 1424 2526 fugerunt,
1446 2457 1543 2528 qui
1566 2456 1737 2511 famis
1760 2472 1856 2528 pe-

190 2543 451 2597 riculum
480 2544 633 2599 ferre
654 2559 768 2597 non
797 2547 1082 2614 poterant.
1104 2549 1270 2600 Anno
1289 2561 1421 2601 vero
1445 2547 1694 2618 septimo
1709 2562 1856 2600 non-

191 2632 334 2686 dum
381 2631 575 2698 finito,
623 2631 921 2687 obsessam
965 2633 1168 2689 urbem
1211 2634 1526 2702 Gothorum
1577 2636 1856 2690 exercitus

190 2720 467 2776 intravit.
499 2720 665 2776 Tunc
697 2737 893 2777 comes
925 2722 1024 2792 qui
1052 2722 1239 2778 eidem
1272 2723 1550 2780 exercitui
1595 2727 1854 2792 praeerat,

191 2809 264 2865 ad
297 2823 510 2880 regem
538 2808 789 2864 Totilam
821 2812 1053 2864 nuntios
1077 2811 1251 2878 misit,
1285 2811 1593 2882 exquirens
1624 2811 1762 2882 quid
1787 2811 1858 2867 de

206 2902 498 2973 episcopo
526 2899 614 2955 vel
647 2898 860 2971 populo
892 2901 1278 2972 ﬁerijuberet.
1310 2903 1412 2958 Cui
1437 2903 1582 2958 30]
1613 2902 1709 2958 ille
1736 2918 1852 2974 prae

194 2992 386 3064 cepit,
418 2990 625 3045 dicens
658 3005 672 3043 :
713 2989 996 3061 Episcopo
1045 2993 1205 3062 prius
1246 3009 1278 3046 a
1311 2994 1523 3049 vertice
1557 3009 1745 3063 usque
1788 2993 1856 3047 ad

191 3083 548 3138 calcaneum
581 3080 886 3145 corrigiam
917 3079 1069 3148 tolle,
1103 3085 1160 3136 et
1187 3085 1329 3138 tunc
1360 3086 1535 3152 caput
1564 3084 1693 3153 ejus
1732 3098 1859 3137 am-

191 3178 367 3240 puta;
405 3181 641 3222 omnem
667 3181 800 3222 vero
835 3168 1111 3238 populum
1145 3169 1244 3239 qui
1273 3168 1396 3224 illic
1429 3168 1698 3224 inventus
1747 3176 1855 3236 est,

188 3257 401 3329 gladio
429 3255 752 3328 exstingue.
786 3257 949 3312 Tunc
983 3257 1135 3312 idem
1163 3273 1359 3313 comes
1379 3259 1763 3314 venerabilem
1779 3257 1860 3311 vi-

1971 2011 1999 2064 6
2021 2010 2323 2084 ἁγιώτατος
2357 2009 2495 2084 ἀνὴρ
2527 2006 2886 2082 Ἑρκουλᾶνος
2917 2007 2942 2062 6
2976 2005 3274 2080 ἀναθρέψας
3307 2005 3488 2075 αὑτὸν,
3512 2013 3613 2075 τῆς

1968 2096 2184 2160 πόλεως
2218 2098 2514 2174 Περουσίας
2537 2099 2831 2159 ἐπίσκοπος
2857 2097 3164 2173 γέγονεν,ἐκ
3181 2102 3281 2164 τῆς
3308 2099 3614 2170 μοναχικῆς

1970 2192 2308 2266 ἀναστροφῆς
2341 2191 2416 2252 εἱς
2448 2190 2540 2244 τὸν
2569 2196 2676 2259 πῆς
2705 2189 3005 2265 ἱερωσύνης
3032 2187 3243 2262 βαθμὸν
3269 2187 3457 2262 χάριτι
3479 2190 3612 2240 Θεοῦ

1969 2279 2246 2354 ἀναχθεὶς.
2282 2281 2415 2340 Τοῖς
2459 2275 2517 2333 δέ
2562 2283 2782 2354 χαιροῖς
2821 2282 2918 2333 τοῦ
2964 2271 3257 2337 δυσσεϐοῦς
3287 2273 3489 2332 Τοτίλα
3515 2277 3613 2329 τοῦ

1970 2368 2160 2442 ῥηγὸς,
2184 2368 2283 2436 τήν
2300 2367 2464 2436 αὐτὴν
2491 2367 2653 2422 πὸΛιν
2674 2367 2807 2422 ἐπτὸι
2829 2363 2923 2437 ἔτη
2950 2361 3259 2428 σπουδαίως
3278 2362 3612 2438 ἐπολιόρκη-

1972 2479 2059 2512 σεν
2080 2459 2106 2512 6
2127 2463 2235 2511 τῶν
2259 2455 2472 2511 Γότθων
2494 2456 2740 2530 στρατός
2762 2457 2849 2524 Μή
2865 2453 3154 2528 δυνάμενοι
3176 2451 3232 2508 δέ
3250 2457 3348 2521 τήν
3369 2452 3611 2528 ἀνάγκην

1969 2551 2066 2602 τοῦ
2088 2546 2258 2618 λιμοῦ
2276 2549 2355 2620 (d)
2375 2546 2678 2620 ὑπενέγκαι,
2703 2543 2906 2600 πολλοὶ
2927 2544 2987 2598 ἐκ
3001 2549 3108 2598 τῶν
3130 2540 3376 2598 πολιτῶν
3399 2537 3612 2620 ἔφυγον.

1972 2631 2149 2692 Οὔπω
2164 2632 2220 2689 δέ
2231 2639 2331 2690 τοῦ
2347 2629 2472 2689 ἐϐδό
2483 2655 2587 2709 μου
2601 2635 2883 2713 (ε)χρόνου
2897 2629 3480 2707 πληρωθέντος,ἤνπερ
3494 2631 3617 2684 ἐπο-

1971 2721 2228 2799 λιόρκουν
2251 2721 2413 2778 πόλιν
2435 2724 2486 2777 οἱ
2505 2723 2718 2793 Γότθοι,
2735 2717 3208 2797 παρέλαϐον.Τότε
3226 2719 3252 2774 6
3270 2719 3449 2791 κόμης
3468 2719 3496 2772 6
3517 2719 3613 2772 τοῦ

1971 2811 2135 2866 αὑτοῦ
2169 2815 2398 2887 στρατοῦ
2427 2811 2708 2886 προεστὼς
2737 2809 2881 2884 πρὸς
2919 2807 3159 2867 Τοτίλαν
3184 2808 3276 2862 τὸν
3311 2806 3456 2883 ῥῆγα
3483 2801 3616 2859 ἀπέ-

1970 2898 2177 2956 στειλεν
2211 2901 2428 2974 ἐρωτῶν
2450 2899 2574 2975 περὶ
2593 2903 2690 2953 τοῦ
2712 2897 3011 2953 ἐπισκόπου
3031 2896 3121 2952 καὶ
3147 2899 3242 2950 τοῦ
3268 2895 3426 2964 λαοῦ,
3447 2894 3502 2949 τί
3522 2913 3614 2948 κε-

1971 2989 2113 3046 λεύει
2132 2989 2328 3051 αὑτοῦς
2346 2986 2610 3066 γενέσθαι.
2627 2987 2688 3045 Ὀ
2708 2984 2765 3041 δὲ
2784 2990 2934 3044 302
2949 2985 3224 3041 ἐκέλευσεν
3240 2981 3610 3056 αὐτῷ,λέγων.

1969 3083 2081 3138 Τοῦ
2100 3078 2398 3134 ἐπισκόπου
2415 3081 2632 3151 πρῶτον
2653 3077 2757 3132 ἀπὸ
2773 3083 2871 3144 τῆς
2887 3097 2950 3130 κο
2960 3083 3130 3155 ρυφῆς
3147 3072 3252 3138 ἕως
3266 3081 3365 3142 τῆς
3379 3077 3614 3147 πτέρνης

1970 3169 2214 3244 (Ῑ)λωρὶν
2241 3169 2301 3222 ἐκ
2323 3171 2419 3223 τοῦ
2452 3164 2721 3241 δέρματος
2743 3160 2967 3240 ἔπειρον,
2985 3167 3075 3219 καί
3112 3164 3235 3218 τότε
3255 3166 3354 3231 τήν
3371 3159 3617 3240 κεφαλὴν

1975 3258 2140 3313 αὑτοῦ
2167 3257 2427 3330 ἀπότεμε,
2446 3255 2615 3310 πάντα
2639 3252 2695 3309 δέ
2719 3254 2812 3308 τὸν
2841 3253 2972 3308 λαὸν
2993 3253 3086 3307 16v
3120 3253 3290 3306 ἐκεῖσε
3319 3247 3618 3324 εὑρεθέντα,

187 3361 330 3399 rum
372 3343 767 3397 Herculanum
800 3343 1142 3415 episcopum
1177 3361 1352 3415 super
1409 3345 1568 3400 urbis
1619 3361 1852 3399 murum

1981 3370 2016 3402 ιν
2045 3344 2294 3424 μαχαίρᾳ
2315 3344 2656 3400 ἀπόκτεινον.
2679 3343 2814 3398 Τότε
2837 3343 2864 3396 ὁ
2889 3341 3053 3402 αὐτὸς
3073 3340 3256 3414 κόμης
3278 3338 3371 3393 τὸν
3392 3332 3622 3392 εὐλαϐέ-

187 3436 523 3491 deductum
539 3433 722 3503 capite
745 3434 1054 3503 truncavit,
1081 3435 1326 3506 ejusque
1343 3439 1531 3490 cutem
1551 3435 1677 3506 jam
1699 3450 1855 3489 mor-

190 3524 279 3580 tui
313 3541 353 3577 a
387 3522 600 3578 vertice
630 3537 818 3594 usque
850 3523 919 3577 ad
945 3521 1284 3579 calcaneum
1304 3525 1530 3590 incidit,
1556 3533 1614 3579 ut
1635 3540 1704 3578 ex
1729 3524 1859 3594 ejus

195 3629 450 3685 corpore
482 3611 732 3682 corrigia
761 3610 992 3667 sublata
1020 3612 1330 3668 videretur.
1368 3613 1616 3685 Moxque
1645 3629 1858 3684 corpus

195 3704 370 3759 illius
384 3711 545 3757 extra
558 3718 792 3757 murum
811 3701 1071 3773 projecit.
1085 3707 1162 3758 Tu
1173 3719 1243 3760 nc
1256 3703 1515 3775 quidam,
1535 3703 1864 3758 humanita-

200 3794 276 3849 tis
291 3793 516 3865 pietate
529 3789 810 3861 compulsi
823 3833 836 3858 ,
849 3791 919 3862 (ο)
933 3791 1264 3848 abscissum
1280 3800 1452 3865 caput
1466 3793 1671 3849 cervici
1687 3809 1864 3866 appo-

203 3886 444 3947 nentcs,
470 3895 604 3935 cum
620 3896 733 3935 uno
751 3879 989 3952 parvulo
1006 3881 1246 3953 infante,
1263 3883 1363 3954 qui
1400 3881 1518 3938 illic
1546 3883 1860 3938 exstinctus

205 3971 491 4026 inventus
508 3969 764 4040 estjuxta
779 3986 1039 4040 murum,
1054 3987 1263 4043 corpus
1277 3971 1531 4044 episcopi
1551 3972 1863 4044 sepulturae

202 4061 599 4115 tradiderunt.
632 4062 891 4131 Cumque
917 4063 1325 4131 posteamdem
1351 4061 1568 4117 caedem
1602 4061 1694 4117 die
1725 4078 1865 4130 qua-

203 4151 547 4222 dragesimo
579 4164 672 4203 rex
700 4149 887 4205 Tolila
908 4151 1186 4220 jussisset
1220 4159 1281 4206 ut
1322 4153 1475 4207 cives
1507 4151 1669 4206 urbis
1704 4151 1866 4206 illius

1970 3457 2158 3491 στατον
2191 3432 2358 3509 ἄνδρα
2376 3431 2738 3506 Ἑρκυυλάνον
2759 3433 2849 3487 τὸν
2871 3429 3168 3485 ἐπίσκοπον
3189 3429 3367 3483 ἐπάνω
3384 3432 3491 3482 τῶν
3509 3445 3622 3479 τει-

1969 3526 2114 3604 χέων
2129 3530 2229 3593 τῆς
2249 3521 2462 3584 πόλεῶς
2481 3522 2539 3576 ἄν
2549 3521 2898 3597 ενέγκας,τὴν
2913 3519 3157 3596 κεφαλὴν
3181 3516 3348 3571 αὑτοῦ
3367 3514 3620 3589 ἀπέτεμε.

1969 3602 2182 3690 Νεκροῦ
2205 3609 2260 3667 δέ
2282 3612 2450 3666 αὑτοῦ
2473 3610 2669 3666 λοιπὸν
2693 3608 2987 3680 ὅντος,ἆπὸ
3008 3615 3108 3677 τῆς
3131 3612 3376 3684 κορυφῆς
3399 3602 3502 3666 tu);
3522 3611 3624 3675 τῆς

1971 3705 2206 3779 πτέρνης
2232 3701 2294 3756 τὸ
2327 3698 2499 3777 δέρμα
2531 3699 2826 3779 διέσχισεν,
2853 3695 2946 3753 ’ίνα
2977 3701 3119 3777 φανῇ
3150 3697 3210 3752 ἐκ
3237 3701 3334 3751 τοῦ
3363 3695 3646 3778 σώματοςῆ

1974 3792 2144 3849 αὑτοῦ
2176 3790 2345 3866 λωρῖν
2377 3790 2696 3865 ἐπαρθῆναι.
2730 3787 2952 3852 Εὐθέως
2982 3784 3040 3841 δὲ
3070 3786 3131 3840 τὸ
3165 3783 3433 3858 σκήνωμα
3463 3782 3628 3838 αὑτοῦ

1974 3880 2074 3954 ἔξω
2096 3885 2192 3938 τοῦ
2215 3875 2666 3958 τείχους
2686 3878 2829 3936 Τότε
2847 3878 2990 3939 τινές
3013 3873 3327 3950 ἂνθρωπίνῃ
3352 3870 3627 3951 εὔσπλαγ-

1975 3973 2106 4048 χτίᾳ
2129 3971 2464 4041 νικηθέντες,
2481 3970 2580 4039 τὴν
2603 3969 2920 4023 ἐκκοπεῖσαν
2949 3966 3114 4021 αὐτοῦ
3135 3962 3378 4044 κεφαλὴν
3402 3967 3482 4037 τῷ
3497 3982 3628 4038 τρα-

1976 4060 2147 4138 χήλῳ
2177 4060 2585 4130 ἐπιστήσαντες,
2635 4053 2748 4132 ἅμα
2795 4058 2909 4120 ἐνὸς
2957 4060 3158 4130 σεμνοῦ
3204 4051 3426 4110 παιδίου
3459 4054 3630 4108 ἐκεῖσε

1979 4149 2317 4228 ἐσφαγμένου
2351 4149 2676 4225 εὑρεθέντος,
2709 4145 2946 4218 πλησίον
2987 4150 3085 4202 τοῦ
3123 4143 3346 4220 τείχους
3373 4143 3436 4199 τὸ
3470 4147 3631 4215 σῶμα

1977 4245 2076 4296 τοῦ
2107 4239 2405 4294 ἐπισκόπου
2434 4244 2502 4306 τῆ
2536 4243 2680 4311 ταφῆ
2700 4233 3040 4312 παρέδωκαν.
3061 4236 3212 4293 Μετᾶ
3235 4231 3293 4289 δέ
3311 4233 3512 4302 ταότην
3529 4234 3630 4302 τὴν

1980 4329 2206 4399 ἅλωσιν,
2240 4325 2632 4403 παρελθουσῶν
2665 4328 2891 4401 ἡμερῶν
2933 4324 3354 4395 τεσσαράκοντα,
3389 4319 3638 4377 ἐκέλευσε

1979 4419 2216 4480 Τοτιλας
2243 4418 2272 4471 6
2305 4416 2422 4493 ῥήξ,
2447 4415 2537 4470 ἳνα
2557 4415 2695 4471 ὅπου
2714 4413 2758 4470 δ’
2779 4413 2838 4470 ἂν
2859 4415 2910 4470 οἱ
2931 4421 3031 4484 τῆς
3059 4412 3276 4475 πόλεως
3305 4412 3516 4482 ἐκείνης
3534 4431 3638 4466 πο-

207 4239 304 4309 qui
327 4238 599 4310 quolibet
630 4240 874 4310 dispersi
908 4246 1105 4296 essent
1135 4243 1204 4297 ad
1237 4258 1367 4297 eam
1390 4241 1516 4298 sine
1543 4241 1741 4312 aliqua
1763 4249 1869 4294 tre-

202 4329 512 4399 pidatione
543 4337 888 4396 remearent,
923 4331 979 4384 hi
1015 4331 1112 4400 qui
1138 4333 1299 4402 prius
1331 4332 1542 4386 famem
1578 4332 1864 4400 fugerant,

200 4415 439 4472 vivendi
464 4415 698 4472 licentia
729 4424 964 4488 accepta
983 4420 1191 4474 reversi
1217 4425 1378 4475 sunt.
1401 4421 1721 4491 Sed,cujus
1742 4421 1869 4473 vitae

202 4524 408 4563 eorum
424 4507 738 4578 episcopus
753 4509 937 4563 fuerat
959 4524 1266 4577 memores,
1287 4509 1380 4566 ubi
1404 4510 1700 4580 sepultum
1716 4514 1868 4566 esset

1981 4509 2130 4567 λῖται
2163 4507 2673 4582 διεσκορπίσθησαν,
2697 4505 2774 4569 είς
2799 4505 2963 4576 τὺτὴν
2987 4505 3110 4560 ἄνευ
3136 4512 3235 4574 τῆς
3267 4505 3490 4559 οἱασοῦν
3523 4499 3640 4557 δει-

211 4612 427 4666 corpns
459 4594 624 4652 illius
661 4597 1033 4667 quaesierunt,
1067 4607 1127 4652 ut
1151 4598 1438 4668 hocjuxta
1471 4601 1745 4655 honorem
1770 4599 1868 4655 de-

1983 4598 2110 4662 λίας
2143 4598 2541 4673 ὑποστρέψωσι.
2577 4597 2775 4658 Πάντες
2804 4594 2898 4650 οὗν
2921 4595 2973 4649 οἱ
3001 4592 3089 4649 διὰ
3115 4593 3208 4650 τὸν
3241 4591 3405 4666 λιμὸν
3435 4591 3638 4666 πρώην

213 4685 402 4741 hilum
443 4684 510 4740 in
542 4685 792 4742 Ecclesia
829 4687 983 4743 beati
1042 4687 1193 4743 Petri
1228 4688 1475 4760 apostoli
1543 4689 1868 4744 humarent.

1989 4688 2274 4769 φυγόντες,
2294 4687 2381 4742 καὶ
2400 4690 2497 4741 τοῦ
2516 4689 2611 4756 ζῆν
2624 4682 2800 4739 ἄδειαν
2830 4679 3112 4753 λαϐόντες,
3135 4683 3186 4736 ἐν
3211 4682 3348 4750 αὐτῆ
3372 4679 3642 4752 ὑπέστρε-

220 4775 495 4848 Cumque
521 4774 670 4830 itum
701 4780 852 4832 esset
882 4777 954 4833 ad
973 4777 1558 4848 sepulcrum,etTossa
1576 4782 1750 4847 terra,
1782 4778 1875 4834 in-

218 4871 510 4923 venerunt
536 4883 755 4940 corpus
786 4869 947 4941 pueri
981 4870 1198 4941 pariter
1221 4870 1470 4939 humati,
1504 4875 1699 4944 utpote
1749 4873 1872 4942 jam

238 4957 328 5014 die
347 4956 825 5030 quadragesimo,
849 4959 982 5015 tabe
1004 4964 1336 5032 corruptum
1350 5002 1364 5028 ,
1381 4966 1438 5017 et
1452 4961 1757 5017 veamibus
1775 4960 1891 5034 ple-

241 5064 380 5103 num
418 5073 434 5115 ;
468 5062 681 5118 corpus
701 5063 836 5103 vero
861 5049 1117 5120 episcOpi
1141 5067 1206 5105 ac
1223 5049 1272 5104 si
1287 5049 1378 5106 die
1400 5052 1601 5107 eodem
1619 5055 1774 5106 esset
1795 5067 1888 5108 se-

313 5231 387 5299 (a)
420 5227 572 5286 Urbs
605 5231 696 5284 est
724 5228 963 5284 Etruria
980 5217 1358 5288 celeberrima
1387 5233 1456 5287 ad
1480 5230 1890 5301 Tiberim,epi-

246 5310 481 5376 scopatu
508 5307 568 5357 et
601 5301 902 5357 academia
921 5303 1193 5374 insignis.
1211 5303 1403 5376 Longa
1423 5304 1894 5376 ejusobsidio,de

245 5372 490 5441 quahio,
515 5388 695 5443 quam
711 5375 932 5446 munita
963 5372 1156 5442 fuerit,
1175 5372 1397 5446 probat.
1426 5372 1488 5431 In
1511 5377 1713 5431 eadem
1751 5375 1895 5430 urbe

246 5447 316 5527 ξ.
334 5445 564 5527 Antoni
577 5461 664 5527 us_
676 5445 748 5501 ab
780 5451 1044 5527 Augusto
1061 5445 1356 5527 obsessus
1373 5449 1543 5527 fame‘
1557 5452 1790 5527 coactus
1807 5451 1897 5527 est

249 5514 604 5573 deditionem
637 5517 819 5575 facere
851 5514 1057 5588 {unde
1096 5521 1466 5592 proverbium
1505 5520 1775 5575 Perusina
1803 5524 1895 5589 [a-

250 5603 380 5643 mea.

319 5660 394 5737 (ὁ)
421 5659 1448 5737 Quidam_subodoranturlegendum
1468 5662 1766 5737 mensibus,
1783 5677 1896 5737 non

255 5733 641 5805 «abreptam.
659 5734 864 5797 Eorum
881 5733 1232 5811 conjecturas
1255 5734 1458 5794 nullus
1476 5733 1657 5792 eMss.
1681 5733 1900 5792 nostris

1999 4767 2123 4852 ᾴαν.
2141 4775 2599 4850 ’Υπομνησθέντες
2632 4771 2690 4829 δέ
2718 4772 2877 4835 ποίας
2905 4777 3050 4843 ζωῆς
3082 4771 3109 4825 6
3141 4769 3432 4832 ἐπίσκοπος
3449 4767 3632 4824 αὐτῶν

1985 4867 2196 4947 γέγονε,
2216 4863 2320 4922 ποῦ
2351 4866 2412 4922 τὸ
2445 4870 2606 4938 σῶμα
2625 4863 2789 4919 αὑτοῦ
2803 4859 3138 4935 τεθαμμένον
3163 4859 3410 4935 ὑπῆρχεν
3442 4858 3645 4930 ἐζήτη-

2000 4978 2118 5028 σαν,
2152 4957 2302 5018 ὅπως
2323 4956 2484 5010 τοῦτο
2505 4961 2572 5024 τῆ
2596 4972 2912 5029 κεχρεωστη
2924 4949 3058 5026 μένῃ
3079 4956 3215 5022 τιμῆ
3248 4971 3308 5004 νν
3337 4955 3405 5018 τῆ
3438 4947 3644 5018 ἐκκλη-

2001 5048 2090 5118 σίᾳ
2099 5051 2194 5102 τοῦ
2215 5043 2484 5120 μακαρίου
2500 5044 2707 5120 Πέτρου
2721 5045 2817 5097 τοῦ
2828 5039 3169 5098 Ἀποστόλου
3182 5037 3644 5115 θάψωσιν.’Λπελο

2005 5227 2381 5285 favet.Potuit
2401 5225 2511 5281 dici
2547 5224 2786 5281 obsessa
2806 5223 2928 5278 haec
2959 5225 3097 5280 urbs
3129 5219 3646 5295 quandiu_Totila~,

2003 5301 2395 5359 Gothorumve
2427 5299 2718 5354 exercitus
2749 5312 2957 5368 agrum
3008 5293 3352 5352 Perusinum
3387 5293 3649 5349 Romano

2003 5374 2260 5431 vicinum
2289 5373 2670 5442 occuparunt.

2078 5446 2150 5518 (ε)
2176 5448 2236 5498 In
2272 5442 2414 5518 plo_r.
2440 5434 2581 5518 Μελ,
2613 5441 2904 5503 abscisum.
2940 5439 3013 5496 ab
3043 5439 3259 5508 abcido,
3288 5435 3377 5493 vel
3406 5434 3657 5493 abscide.

2080 5511 2160 5587 (ιί)
2195 5511 2317 5579 Μδξ,
2352 5511 2668 5587 ὑπομεῖναι.

2082 5583 2157 5660 (ε)
2189 5587 2324 5660 Ms.,
2352 5583 2617 5660 τοῦέπτὰ
2645 5583 2873 5660 χρόνου.

2085 5652 2155 5732 (Γ)
2189 5652 2322 5732 ME,
2355 5656 2563 5737 λῶρον,
2594 5652 2917 5733 At'postea,
2949 5652 3146 5736 λωρίν.
