4210 6160
476 321 593 382 243

1685 319 1961 382 SANCTI
2009 319 2375 382 GREGORII
2421 320 2682 380 MAG-NI

3764 321 3883 379 244

476 453 657 515 θόντες
689 448 748 507 δὶ
775 453 828 508 iv
860 454 939 526 τῷ
972 454 1237 526 μνήματι,
1261 452 1351 506 καὶ
1375 453 1473 519 τήν
1503 459 1610 526 γῆν
1630 448 1943 524 σκάψαντες,
1964 452 2118 527 εὗρον

2246 452 2485 522 pultum.
2513 452 2579 507 Et
2599 450 2755 523 quod
2771 455 2860 506 est
2881 449 3071 505 adhuc
3090 465 3305 521 magna
3317 447 3702 505 admiratione
3715 466 3883 506 vene-

472 541 539 596 τὸ
565 545 726 614 σῶμα
743 545 841 596 τοῦ
865 538 1087 596 παιδίου
1108 543 1208 594 τοῦ
1235 540 1326 594 σὺν
1354 539 1502 611 αύτῷ
1522 538 1934 617 ταφέντος,’ὀλον
1961 537 2118 616 διαφ-

481 630 638 702 θαρὶν
669 630 759 684 καὶ
789 629 1094 700 σκωλήκων
1126 628 1322 704 γέμον,
1351 629 1747 702 τεσσαράκοντα
1775 625 1884 696 ἤδη
1926 627 2119 682 λοιπὸν

477 721 703 792 ἡμερῶν
736 715 1096 786 διελθουσῶν,
1121 719 1184 773 τὸ
1208 715 1266 772 δὲ
1283 722 1380 773 τοῦ
1405 718 1708 773 ἓπισκόπου
1733 722 1912 790 σῶμα,
1940 718 2015 780 ὡς
2038 715 2123 772 ὅτι

479 807 532 863 έν
567 809 705 881 αὐτῇ
729 814 796 877 τῆ
831 807 1016 883 ἡμέρᾳ
1037 808 1103 877 ἦν
1137 809 1326 888 ταφὶν,
1350 812 1494 864 οῖίτω
1519 813 1658 863 σῶον
1688 804 1944 881 διέμεινε.
1968 805 2046 864 Τὸ
2069 804 2126 861 δὲ

479 899 738 970 μέγιστον
767 896 858 952 καὶ
889 893 1190 970 σεϐάσμιον
1219 902 1402 972 θαῦμα
1437 898 1634 952 τούτου
1685 894 1944 972 ὑπάρχει,
1976 896 2058 951 ὅτι
2088 897 2124 966 ἡ

477 983 690 1062 κεφαλὴ
725 983 889 1041 αὐτοῦ
921 985 1180 1050 ἐνωθεῖσα
1220 990 1300 1058 τῷ
1345 987 1688 1060 σκηνώματι,
1721 987 1794 1048 ὡς
1827 985 1910 1041 ὅτι
1933 986 2034 1040 ούκ
2062 984 2124 1058 ᾖν

479 1073 790 1146 ἐκκοπεῖσα,
819 1076 993 1139 οὕτως
1026 1074 1153 1132 οὐδὲ
1180 1076 1342 1151 ’ἰχνος
1386 1083 1564 1146 κοπῆς
1605 1076 1656 1132 ὲν
1690 1076 1826 1142 αύτῆ
1857 1074 2124 1154 ἐφαίνετο.

2231 542 2504 608 randum,
2529 541 2666 612 quia
2696 539 2771 594 ita
2803 547 2976 610 caput
3005 538 3130 608 ejus
3151 539 3378 593 unitum
3412 540 3601 593 fuerat
3629 539 3885 610 corpori,

2231 647 2297 686 ac
2323 631 2372 685 si
2407 645 2775 701 nequaquam
2799 629 3004 684 fuisset
3025 627 3378 694 abscissum,
3401 629 3486 684 sic
3507 628 3793 696 videlicet,
3822 633 3885 684 ut

2234 720 2394 775 nulla
2422 718 2671 790 vestigia
2699 716 2973 774 sectionis
3011 723 3371 788 apparerent.
3402 723 3668 789 Cumque
3699 717 3808 773 hoc
3833 723 3888 773 et

2236 808 2295 864 in
2319 811 2475 870 terga
2497 812 2805 873 verterent,
2820 807 3191 878 exquirentes
3207 807 3255 862 si
3271 807 3426 878 quod
3447 807 3682 879 signum
3704 805 3791 862 vel
3814 806 3888 862 de

2237 896 2351 952 alia
2384 896 2696 953 monstrari
2730 895 3010 952 incisione
3032 895 3338 966 potuisset,
3373 895 3457 950 ita
3472 911 3684 951 sanum
3716 904 3887 966 alque

2238 986 2650 1042 intemeratum
2675 1001 2848 1041 omne
2869 1002 3084 1057 corpus
3107 985 3409 1041 inventum
3432 990 3543 1052 est,
3565 1002 3631 1042 ac
3653 985 3702 1042 si
3723 985 3888 1042 nulla

2255 1074 2366 1132 hoc
2397 1077 2604 1132 incisio
2624 1077 2757 1134 ferri
2790 1078 3100 1149 tetigisset.

478 1170 648 1220 Τοῦτο
681 1164 780 1220 οὖν
809 1166 900 1221 καὶ
930 1165 1007 1230 εἲς
1035 1165 1103 1221 τά
1141 1166 1316 1221 ὀπίσω
1350 1170 1686 1242 στρέψαντες,
1718 1166 1808 1222 καὶ
1840 1168 2186 1237 ζητήσαντες,
2222 1164 2310 1218 ὲάν
2350 1166 2413 1220 τὸ
2459 1167 2677 1221 οῖονοῦν
2710 1173 2938 1240 σημεῖον
2971 1171 3068 1232 τῆς
3099 1169 3336 1236 ὲκκοπῆς
3369 1166 3423 1221 ἒν
3454 1166 3601 1238 αύτῷ
3630 1165 3888 1246 φαίνηται

483 1258 624 1309 σῶον
654 1253 744 1309 καὶ
776 1253 1086 1327 ὁλόκληρον
1118 1256 1180 1309 τὸ
1213 1260 1373 1327 σῶμα
1405 1255 1569 1310 αὑτοῦ
1599 1256 1778 1327 εὗρον,
1810 1255 1884 1317 ὡς
1916 1254 1998 1308 ὅτι
2031 1251 2158 1308 οὐδὲ
2189 1251 2288 1326 μία
2319 1253 2511 1329 πληγὴ
2541 1254 2767 1331 σιδήρου
2796 1256 2994 1312 τούτου
3023 1259 3218 1330 ἥψατο.

539 1345 742 1400 ΠΕΤΡ.
759 1342 855 1406 Τίς
873 1344 950 1417 μὴ
964 1342 1208 1419 ἐκπλαγῆ
1227 1345 1468 1420 περὶτῶν
1484 1346 1749 1401 τοιούτων
1766 1345 2010 1417 σημείων
2027 1348 2138 1399 τῶν

485 1430 536 1488 ἐν
555 1437 672 1493 τοῖς
693 1437 906 1508 νεκροῖς
926 1433 1234 1509 γινομένων
1249 1431 1340 1488 διὰ
1355 1436 1456 1504 τὴν
1476 1440 1584 1490 τῶν
1604 1436 1825 1504 ζώντων
1846 1431 2138 1510 διέγέρσιν.

1105 1524 1370 1581 ΚΕΦΔΛ.
1411 1524 1511 1580 ΙΔ’.

490 1629 620 1705 Περὶ
645 1629 826 1685 Ἰσαὰκ
854 1629 1168 1703 ἡγουμένου
1210 1636 1598 1705 προορατικοῦ,
1631 1629 1867 1704 πλησίον
1905 1631 2136 1702 Σπολή-

987 1700 1114 1771 της,
1143 1705 1223 1774 τῷ
1254 1700 1395 1779 γένει
1437 1700 1634 1776 Σύρου.

563 1789 650 1844 Ἐν
683 1793 802 1851 τοῖς
830 1787 1089 1865 ἀρχαίοις
1119 1793 1227 1844 τῶν
1258 1789 1472 1844 Γότθων
1520 1790 2000 1866 καιροὶς,πλησίον
2029 1798 2130 1860 τῆς

489 1874 707 1938 πόλεως
723 1877 1272 1953 Σπολήτης,(α)ἆνήρ
1285 1899 1367 1942 τις
1380 1881 1516 1934 πάνυ
1527 1886 1593 1949 τῆ
1611 1885 1726 1950 ζωῆ
1744 1875 2133 1942 εύλαϐἔστατος

2325 1345 2494 1402 Pera.
2527 1348 2668 1412 Quis
2701 1365 2815 1404 non
2848 1349 3223 1421 Obstupescat
3251 1347 3392 1404 talia
3422 1347 3588 1419 signa
3628 1350 3893 1404 mortuo-

2251 1451 2404 1504 rum,
2435 1452 2560 1508 quzs
2591 1438 2738 1493 ﬁunt
2766 1455 2869 1510 pro
2898 1439 3306 1495 exercitatione
3334 1437 3692 1494 viventium?

2851 1545 3078 1602 CAPUT
3126 1544 3270 1604 XIV.

2772 1654 2848 1710 De
2873 1655 3024 1710 Isaac
3063 1670 3217 1711 servo
3240 1653 3353 1709 Dei.

2315 1779 2615 1836 Prioribus
2634 1797 2867 1855 quoque
2884 1783 3200 1839 Gothorum
3226 1782 3585 1855 temporibus
3603 1782 3711 1838 fuit
3725 1782 3899 1852 juxta

2246 1869 2619 1941 Spoletanam
2651 1872 2854 1927 urbem
2886 1873 2975 1927 vir
3004 1871 3130 1928 vita:
3147 1871 3496 1928 venerabilis
3514 1870 3588 1943 (ά)
3609 1873 3768 1928 Isaac
3788 1887 3895 1927 no-

491 1965 761 2039 ὑπῆρχεν,
777 1966 957 2022 Ἰσαὰκ
975 1971 1055 2037 τῷ
1078 1966 1328 2040 ὀνόματι,
1353 1967 1501 2031 ’ὅστις
1519 1969 1608 2022 καὶ
1629 1967 1795 2045 μέχρι
1819 1973 1927 2024 τῶν
1949 1969 2132 2024 σελευ-

2248 1959 2423 2027 mine,
2446 1960 2544 2031 qui
2567 1977 2754 2033 usque
2776 1961 2846 2016 ad
2861 1966 3119 2017 extrema
3136 1979 3280 2032 pene
3297 1961 3618 2018 Gothorum
3633 1965 3896 2031 tempora

488 2055 660 2109 ταίων
690 2059 797 2109 τῶν
829 2055 1042 2119 Γότθων
1087 2056 1298 2130 χρόνων
1334 2058 1656 2128 κατήντησε.
1686 2059 1892 2114 Τοῦτον
1937 2058 1994 2114 ἐκ
2022 2065 2131 2114 τῶν

493 2141 775 2219 ἡμετέρων
806 2140 1011 2200 πολλοὶ
1045 2141 1368 2220 ἒγνώρισαν,
1398 2145 1732 2221 πλειοτέρως
1773 2144 1830 2202 δὲ
1858 2148 2068 2202 πάντων
2102 2151 2136 2218 ἡ

488 2231 610 2307 ἱερά
634 2231 898 2307 παρθένος
926 2234 1224 2309 Γρηγορία,
1257 2237 1292 2304 ἡ
1326 2239 1416 2289 νῦν
1464 2233 1516 2290 ἐν
1563 2235 1732 2306 ταύτῆ
1764 2243 1831 2306 τῆ
1863 2241 1970 2290 τῶν
2000 2237 2140 2293 Ῥω-

492 2320 670 2394 μαίων
700 2319 866 2377 πόλει
896 2326 1250 2393 κατοικοῦσα,
1283 2322 1518 2392 πλησίον
1548 2327 1646 2378 τοῦ
1675 2318 1969 2396 σεϐασμίου
2009 2329 2138 2380 ναοῦ

485 2416 586 2479 τῆς
609 2410 762 2483 ἁγίας
785 2410 1136 2487 ἂειπαρθένου
1157 2412 1247 2466 καὶ
1273 2411 1529 2475 θεοτόκου
1557 2411 1788 2486 Μαρίας·
1812 2417 1967 2478 ’Ήτις
1987 2413 2038 2469 ἐν
2060 2418 2138 2486 τῷ

485 2500 585 2567 τῆς
611 2499 870 2568 νεότητος
901 2499 1068 2568 αὐτῆς
1103 2501 1290 2576 χρόνῳ
1313 2497 1467 2575 ἀνδρὶ
1496 2503 2010 2574 μνηστευθεῖσα,καί
2033 2508 2139 2559 τῶν

493 2585 688 2661 γάμων
721 2583 828 2658 ἤδη
865 2585 1058 2642 λοιπὸν
1088 2588 1422 2664 ὡρισμένων,
1455 2587 1506 2644 έν
1539 2597 1604 2660 τῆ
1640 2589 1907 2663 ἐκκλησίᾳ
1939 2592 2136 2667 προσέ-

489 2695 648 2753 φύγε,
695 2675 787 2730 καὶ
829 2677 930 2745 τήν
979 2681 1075 2732 τοῦ
1125 2679 1399 2753 μονηρους
1452 2679 1574 2753 βίοο
1625 2681 1962 2759 ἀναστροφὴν
2014 2681 2134 2737 ἐπι-

485 2763 795 2836 ποθήσασα,
840 2766 988 2839 παρά
1035 2769 1133 2821 τοῦ
1182 2764 1381 2841 ἀνδρὸς
1428 2767 1624 2823 τούτου
1658 2767 2024 2840 έκδικηθεῖσα,
2059 2771 2135 2834 εἰς

492 2850 668 2906 ἐκεῖνο
699 2851 830 2926 ὅπερ
863 2851 1042 2908 ἐπόθει
1076 2861 1291 2929 σχῆμα,
1317 2860 1414 2911 τοῦ
1445 2857 1633 2930 κυρίου
1664 2856 2136 2923 κατευοὸὼσαντος

492 2941 780 3016 προήχθη,
798 2941 889 2996 καὶ
910 2943 1002 2996 τὸν
1023 2940 1258 3020 ἐπίγειον
1279 2944 1510 3024 νυμφίον
1533 2945 1924 3021 καταλείψασα,
1945 2953 2023 3020 τῷ
2045 2947 2135 3003 ού-

493 3030 665 3103 ρανίῳ
684 3031 905 3108 νυμφίῳ
931 3035 1329 3105 μνηστευθῆναι
1351 3035 1686 3108 κατηξιώθη.
1707 3037 1834 3112 Ηερὶ
1858 3041 1954 3092 τοῦ
1979 3036 2135 3112 ἁγίου

492 3116 584 3173 οὖν
610 3117 808 3174 τούτου
839 3116 1056 3196 ἀνδρὸς,
1079 3118 1266 3176 πολλά
1290 3120 1654 3198 ἐξηγούμενον
1680 3124 1893 3195 ἀκήκοα
1921 3128 2014 3182 τὸν
2045 3128 2136 3182 εύ-

490 3203 825 3264 λαϐέστατον
858 3211 1066 3287 πατέρα
1088 3211 1448 3288 Ἐλευθέριον.
1472 3215 1658 3278 Ὅστις
1679 3213 1898 3285 πὸλλῆν
1918 3215 2134 3292 παβρη-

485 3296 602 3353 σίαν
621 3298 758 3373 πρὸς
771 3297 931 3353 αὐτὸν
951 3319 1116 3371 κεκτη
1127 3297 1308 3375 μένος,
1323 3303 1461 3357 πάνυ
1473 3302 1656 3367 καλῶς
1675 3304 1832 3360 αὐτὸν
1849 3304 2130 3380 ἐγίνωσκε.

485 3386 692 3443 Τούτου
724 3385 782 3442 δὲ
810 3393 928 3451 τοῖς
952 3387 1144 3464 λόγοις
1166 3391 1228 3445 τὸ
1253 3388 1500 3447 εῧπιστον
1520 3395 1554 3461 ἡ
1577 3400 1676 3462 τῆς
1707 3399 1853 3464 ζωῆς
1883 3397 2135 3451 πολιτεία

489 3482 769 3552 παρεῖχεν.
816 3475 990 3540 Οὗτος
1033 3478 1213 3534 τοίνυν
1265 3481 1293 3534 ὁ
1343 3479 1740 3556 εὐλαβέστατος
1787 3485 1972 3540 Ἰσαάκ
2028 3485 2136 3561 ούχ

494 3566 744 3642 ὑπῆρχεν
776 3565 836 3620 ἐκ
855 3571 956 3635 τῆς
981 3564 1214 3628 Ἰταλίας
1239 3568 1589 3642 ὁρμώμενος,
1614 3569 1787 3626 ἐκεῖνα
1809 3568 1866 3626 δὲ
1885 3573 2048 3628 αὑτοῦ
2071 3575 2135 3630 τὰ

491 3652 741 3723 θαύματα
772 3649 1097 3730 διηγοῦμαι,
1120 3653 1254 3728 ’άπερ
1277 3653 1328 3709 ἐν
1349 3659 1415 3725 τῆ
1438 3655 1644 3730 Ἰταλίᾳ
1675 3656 1873 3732 διάγων
1901 3663 2135 3732 πεποίη-

489 3762 602 3798 κεν.
637 3743 723 3799 Ἐν
753 3741 999 3816 πρὼτοις
1031 3743 1123 3798 οὖν
1153 3743 1317 3813 ἡνίκα
1346 3744 1405 3799 ἐκ
1446 3750 1553 3800 τῶν
1590 3754 1690 3817 τῆς
1726 3749 1929 3822 Συρίας
1957 3755 2135 3826 μερῶν

489 3828 684 3902 ἐλθὼν,
704 3830 891 3901 εἷςτήν
915 3830 1079 3886 πόλιν
1106 3832 1403 3904 Σπολήτης
1417 3837 1772 3907 κατήντησεν,
1787 3836 1840 3892 ἐν
1854 3841 1920 3907 τῆ
1933 3837 2135 3911 ἐκκλη-

493 3920 586 3991 σίᾳ
609 3920 1065 3994 παραγενόμενος,
1111 3921 1241 3985 τοὺς
1283 3924 1718 4000 προσμοναρίους
1749 3925 2015 4001 ᾐτήσατο,
2042 3929 2136 3986 ’ίνα

490 4007 622 4078 ὅσην
652 4008 798 4064 θέλει
821 4011 973 4066 808
995 4007 1171 4066 ἄδειαν
1193 4016 1288 4066 τοῦ
1311 4009 1560 4088 εὔχεσθαι
1584 4016 1942 4091 παράσχωσιν
1963 4019 2134 4092 αύτῷ,

491 4094 582 4151 καὶ
610 4095 661 4150 ἐν
680 4102 801 4159 ταῖς
828 4104 1114 4170 μυστικαῖς
1146 4098 1312 4175 ὥραις
1343 4100 1573 4174 ἐξελθεῖν
1595 4101 1754 4158 αὐτὸν
1780 4107 1854 4178 μή
1884 4109 2135 4177 συνωθή-

493 4206 679 4242 σωσιν.
707 4187 895 4250 Ὅστις
926 4188 977 4243 έν
1006 4191 1074 4254 τῆ
1114 4187 1252 4264 εύχῆ
1295 4191 1525 4263 σταθεὶς,
1558 4197 1728 4247 πᾶσαν
1777 4195 1875 4263 τὴν
1924 4195 2133 4270 ἡμέραν

491 4275 792 4352 εὐχόμενος
819 4273 1107 4346 διετέλεσε,
1136 4279 1370 4353 συνάψας
1397 4287 1462 4350 τῆ
1507 4280 1641 4356 εύχῆ
1677 4283 1764 4337 καὶ
1797 4285 1896 4353 τήν
1929 4282 2135 4341 ἐπακο-

494 4363 807 4430 λουθοῦσαν
835 4366 1018 4424 νύκτα.
1041 4367 1275 4440 Ὁμοίως
1305 4366 1362 4423 δὲ
1390 4369 1480 4423 καὶ
1512 4371 1611 4439 τήν
1641 4369 1892 4446 δευτέραν
1923 4373 2132 4449 ἡμέραν

493 4453 629 4528 μετά
651 4461 752 4524 τῆς
787 4453 1266 4526 ἐπακολουθούσης
1296 4459 1507 4528 νυκτὸς,
1559 4457 1708 4522 ἐκτὸς
1737 4461 1951 4525 ἀτονίας
1983 4463 2034 4519 έν
2066 4471 2133 4535 τῆ

488 4541 670 4615 δεήσει
697 4540 849 4615 ἔστη,
873 4544 1132 4608 ὡσαύτως
1166 4545 1222 4601 δὲ
1251 4546 1340 4601 καὶ
1371 4549 1469 4617 τήν
1497 4549 1687 4624 τρίτην
1717 4551 1924 4626 ἡμέραν
1959 4556 2036 4628 (ὁ)
2066 4561 2131 4625 τῆ

489 4631 628 4712 εύχῆ
652 4636 902 4708 συνῆψεν.
923 4634 1016 4696 Εἷς
1039 4631 1096 4689 δὲ
1116 4639 1222 4690 τῶν
1242 4637 1668 4713 παραμοναρίων
1689 4644 1848 4696 τοῦτο
1873 4643 2134 4717 θεασάμε-

2251 2051 2529 2120 pervenit,
2545 2067 2709 2121 quem
2729 2063 3052 2108 nostrorum
3067 2052 3240 2108 multi
3253 2055 3554 2117 noverunt,
3571 2059 3624 2106 et
3641 2051 3895 2106 maxime

2249 2154 2415 2195 sacra
2441 2140 2600 2212 virgo
2633 2141 2923 2212 Gregoria,
2941 2158 3068 2214 qua
3093 2157 3249 2197 nunc
3266 2141 3323 2197 in
3350 2141 3454 2196 hac
3473 2139 3734 2196 Romana
3749 2140 3896 2194 urbe

2241 2226 2408 2297 juxta
2437 2229 2755 2286 Ecclesiam
2791 2233 2966 2287 beatae
2996 2231 3186 2287 Mariae
3227 2246 3458 2303 semper
3482 2228 3722 2302 virginis
3773 2228 3894 2284 ha-

2249 2319 2408 2377 bitat.
2443 2322 2575 2387 Qum
2595 2323 2736 2376 dum
2761 2321 3166 2377 adolescentia:
3189 2338 3303 2376 suis
3330 2325 3592 2392 tempore
3614 2319 3898 2374 constitu-

2245 2410 2322 2465 tis
2346 2412 2468 2480 jam
2503 2410 2721 2482 nuptiis
2751 2411 2810 2466 in
2842 2410 3149 2467 ecclesiam
3188 2411 3444 2482 fugisset,
3478 2414 3535 2465 et
3571 2409 3897 2464 sanctimo-

2249 2498 2420 2555 nialis
2449 2500 2577 2554 vita:
2605 2501 3103 2557 conversationem
3129 2504 3432 2573 qumreret,
3453 2500 3524 2554 ab
3553 2500 3748 2555 eodem
3767 2497 3898 2554 viro

2247 2583 2506 2649 defensa,
2547 2589 2720 2656 atque
2749 2585 2821 2640 ad
2854 2601 2986 2639 eum
3021 2601 3190 2656 quem
3217 2583 3584 2639 desiderabat
3601 2581 3896 2648 habitum,

2251 2671 2491 2724 Domino
2507 2678 2859 2741 protegente,
2879 2671 3156 2742 perducta
3169 2674 3277 2727 est.
3296 2671 3429 2736 Quae
3450 2668 3588 2741 quia
3611 2683 3901 2739 sponsum

2248 2759 2414 2831 fugit,
2437 2758 2494 2813 in
2513 2767 2684 2827 terra,
2704 2759 2915 2816 habere
2930 2776 3209 2832 sponsum
3229 2758 3514 2816 meruitin
3528 2755 3692 2813 nmio.
3709 2756 3901 2812 Multa

2246 2854 2442 2903 autem
2498 2849 2570 2905 de
2617 2848 2819 2904 eodem
2880 2849 3020 2915 viro,
3053 2855 3325 2904 narrante
3369 2844 3685 2903 venerabili
3726 2845 3899 2900 Patre

2244 2936 2596 3006 Eleutherio,
2615 2939 2845 3010 agnovi,
2870 2939 2968 3010 qui
2993 2943 3050 2994 et
3067 2938 3223 2994 hunc
3243 2936 3610 2993 familiariter
3630 2937 3892 3000 noverat,

2245 3030 2302 3081 et
2330 3027 2454 3096 ejus
2480 3028 2669 3082 verbis
2684 3027 2802 3082 vita
2832 3028 3005 3084 fidem
3031 3025 3342 3099 prehebat.
3370 3026 3468 3081 llic
3491 3026 3689 3097 itaque
3709 3038 3891 3080 vene-

2246 3114 2444 3171 rabilis
2474 3116 2635 3172 Isaae
2666 3121 2826 3173 ortus
2855 3132 2925 3172 ex
2956 3115 3120 3172 Italia
3150 3133 3264 3172 non
3311 3115 3440 3182 fuit,
3473 3115 3574 3170 sed
3623 3129 3692 3169 ea
3728 3112 3897 3168 illius

2244 3221 2415 3260 narro
2439 3205 2720 3262 miracula
2747 3222 2876 3278 quas
2896 3209 3272 3262 conversatus
3291 3203 3352 3259 in
3377 3203 3540 3260 Italia
3561 3202 3712 3260 fecit.
3744 3202 3895 3258 Cum

2245 3294 2491 3366 primum
2522 3296 2593 3351 de
2622 3294 2799 3368 Syrias
2849 3295 3111 3362 partibus
3149 3295 3221 3350 ad
3260 3293 3627 3366 Spoletanam
3678 3290 3888 3348 urbem

2244 3388 2516 3459 venisset,
2549 3391 2847 3462 ingressus
2885 3388 3184 3445 ecclesiam
3217 3406 3251 3444 a
3280 3387 3620 3444 custodibus
3648 3385 3808 3458 petiit
3827 3389 3894 3442 ut

2245 3477 2358 3533 sibi
2407 3483 2691 3549 quantum
2738 3477 2910 3534 vellet
2955 3479 3110 3534 304
3165 3478 3399 3534 licentia
3479 3478 3897 3532 concederetur

2245 3566 2473 3632 orandi,
2507 3582 2756 3638 eumque
2780 3566 2936 3622 horis
2953 3568 3356 3623 secretioribus
3373 3567 3567 3638 egredi
3589 3582 3702 3622 non
3723 3581 3894 3636 urge-

2247 3663 2390 3712 rent.
2425 3654 2530 3718 Qui
2566 3673 2699 3711 mox
2728 3657 2798 3710 ad
2839 3655 3128 3712 orandum
3161 3656 3341 3720 stetit,
3385 3657 3658 3726 diemque
3701 3658 3898 3708 totum

2247 3745 2465 3818 peregit
2496 3746 2554 3801 in
2586 3746 2866 3812 oratione,
2899 3748 2987 3800 cui
3032 3751 3364 3815 sequentem
3421 3743 3780 3800 continuavit
3839 3749 3903 3798 et

2247 3841 2497 3892 noctem.
2531 3836 2796 3892 Secundo
2829 3839 3003 3892 etiam
3036 3839 3148 3905 die,
3168 3852 3300 3893 cum
3327 3840 3494 3890 nocte
3511 3832 3904 3904 subsequenti

2246 3927 2637 3982 indet‘essusin
2658 3927 2920 3998 precibus
2935 3927 3210 3998 perstitit,
3226 3926 3379 3982 diem
3398 3939 3630 3996 quoque
3651 3922 3899 3978 tertium

2245 4015 2304 4070 in
2336 4015 2596 4072 oratione
2611 4016 3212 4087 conjunxit.Cumque
3231 4015 3335 4071 hoc
3358 4030 3509 4069 unus
3536 4030 3607 4068 ex
3634 4010 3910 4068 custodi—

2245 4105 2356 4159 bus
2379 4121 2446 4158 su
2456 4105 2883 4176 perbiaa_spirilu
2899 4104 3137 4160 inﬂatus
3151 4111 3426 4172 cerneret,
3443 4103 3598 4158 unde
3612 4101 3906 4174 proﬁcere

2244 4193 2466 4259 debuit,
2497 4193 2632 4248 inde
2653 4194 2723 4248 ad
2748 4193 3003 4249 defectus
3025 4193 3237 4249 damna
3261 4191 3538 4264 pervenit.
3562 4190 3705 4246 Nam
3728 4189 3910 4246 hunc

2245 4280 2650 4338 simulatorem
2673 4283 2884 4349 dicere,
2917 4283 3161 4338 etverbo
3183 4283 3396 4336 rustico
3413 4281 3582 4351 caspit
3605 4281 3680 4334 im
3693 4283 3910 4350 posto-

2246 4387 2364 4428 rem
2391 4370 2668 4438 clamare,
2699 4372 2799 4442 qui
2832 4388 2894 4426 se
2926 4373 3112 4426 tribus
3135 4370 3344 4426 diebus
3362 4376 3419 4425 et
3441 4369 3913 4424 noctibusorare

2247 4469 2382 4519 ante
2412 4463 2608 4521 oculos
2649 4465 2950 4520 hominum
2984 4466 3423 4520 demonstraret.
3469 4460 3575 4525 Qui
3622 4461 3916 4532 protinus

2247 4571 2507 4623 currens,
2539 4555 2726 4610 virum
2760 4555 2860 4610 Dei
2892 4555 3060 4625 alapa
3091 4553 3393 4626 percussit,
3438 4556 3521 4619 ut,
3554 4550 3724 4622 quasi
3756 4548 3921 4606 reli-

2245 4645 2420 4716 giosae
2449 4644 2578 4699 vita
2611 4644 2944 4708 simulator,
2978 4645 3048 4699 de
3077 4642 3323 4700 ecclesia
3365 4657 3499 4698 cum
3537 4639 3923 4698 contumelia

490 4743 603 4792 νος,
632 4727 713 4795 τῷ
759 4728 860 4793 τῆς
909 4723 1308 4797 ὑπερηφανείας
1351 4727 1620 4800 πνεύματι
1675 4733 1990 4808 φύσιωθείς,
2017 4734 2132 4789 ὃθεν

2246 4735 2444 4790 exiret.
2464 4734 2574 4789 Sed
2604 4733 2762 4789 hunc
2791 4741 3025 4805 repente
3047 4731 3202 4788 ultor
3219 4730 3461 4804 spiritus
3485 4728 3720 4800 invasit,
3741 4733 3803 4784 et
3819 4731 3918 4787 ad

488 4813 766 4887 προκόψαι
796 4811 1053 4892 ὤφειλεν,
1085 4812 1285 4878 ἐκεῖθεν
1313 4816 1412 4885 τήν
1457 4823 1560 4886 τῆς
1590 4817 1896 4896 ἀποτυχίας
1929 4823 2129 4897 ζημίαν

489 4901 665 4972 ἑαυτῷ
696 4899 1054 4962 ἐπεσπάσατο.
1074 4905 1308 4979 ’Ἤρξατο
1339 4905 1443 4980 γὰρ
1555 4929 1711 4980 μασιν
1741 4907 2132 4983 ἐξουθενήσεως

486 4990 860 5063 προσποιητὸν
875 4990 964 5046 καὶ
979 4990 1226 5064 έπιθέτην
1242 4992 1402 5049 αὐτὸν
1416 4995 1704 5064 (θ)ἀποκαλ
1714 4999 1877 5070 εῖν,ὅς
1892 4999 1943 5055 ἐν
1959 5004 2131 5077 τρισὶν

487 5077 723 5168 ἡμέραις
749 5081 835 5168 καὶ
861 5082 970 5152 νυξὶ
989 5081 1123 5156 πρὸς
1154 5079 1407 5156 ἐπίδειξιν
1435 5083 1665 5140 ἐνώπιον
1693 5092 1800 5142 τῶν
1833 5088 2131 5168 ὀφθαλμῶν

485 5170 596 5222 τῶν
642 5165 943 5244 ἀνθρώπων
995 5169 1184 5225 ἑαυτὸν
1231 5169 1306 5234 είς
1335 5171 1507 5250 εύχὴν
1535 5165 2048 5249 παρέστησε.Ταῦτα
2079 5178 2137 5236 δὲ

491 5254 658 5310 είπὼν
693 5253 973 5344 δρομαίως
1005 5257 1277 5330 ἀπελθὼν,
1310 5261 1403 5316 τὸν
1433 5265 1530 5316 τοῦ
1561 5270 1698 5319 Θεου
1727 5263 2009 5341 ἄνθρωπον
2040 5271 2136 5344 ῥα-

490 5345 725 5420 πίσματι
755 5340 960 5421 ἔτυψεν,
991 5348 1082 5402 ἳνα
1113 5349 1141 5403 ὁ
1171 5355 1270 5419 τῆς
1297 5345 1565 5416 εὐλαϐοὖς
1595 5357 1738 5424 ζωῆς
1759 5340 2136 5432 προσποιητὸς

669 5514 800 5586 his,
830 5506 967 5586 ἀνήρ
995 5529 1078 5573 τις
1105 5509 1342 5586 πολίτης
1373 5514 1512 5569 πάνυ
1543 5512 1955 5584 εὐλαϐέστατος.

562 5583 636 5726 γὺψ
667 5582 801 5650 Ms.,
835 5581 887 5636 ὲν
919 5581 1012 5652 τῆ.
1049 5586 1117 5671 ξι
1159 5585 1332 5658 paulo
1376 5591 1524 5661 post,
1557 5592 1750 5647 τοῦτον
1783 5581 2133 5672 θεασάμενος.

586 5669 615 5708 c
662 5658 794 5723 Ml,
825 5652 1125 5714 ἱπικαλιιν.

586 5652 633 5723 c)
662 5658 794 5723 Ml,
825 5652 1125 5714 δπικαλιῖν.

2242 4824 2352 4881 viri
2382 4824 2482 4880 Dei
2516 4822 2759 4896 vestigia
2780 4822 3007 4892 stravit,
3026 4839 3092 4878 ac
3116 4839 3216 4894 per
3233 4821 3467 4878 osillius
3498 4819 3751 4877 clamare
3777 4835 3922 4874 cce-

2245 4914 2328 4988 ρίι
2361 4933 2374 4970 :
2409 4917 2569 4971 Isaac
2587 4929 2677 4969 me
2698 4912 2874 4983 ejicit.
2897 4910 2998 4966 Vir
3018 4912 3233 4983 quippe
3256 4910 3598 4983 peregrinus
3621 4925 3735 4980 quo
3750 4924 3924 4964 cen-

2245 5011 2470 5060 seretur
2496 5005 2733 5059 nomine
2767 5001 3152 5070 nesciebatur,
3195 5002 3296 5056 sed
3345 5002 3469 5071 ejus
3521 5013 3732 5054 nomen
3796 4996 3925 5056 ille

2247 5096 2489 5166 spiritus
2520 5094 2799 5166 prodidit,
2825 5093 2924 5162 qui
2953 5109 3014 5147 se
3035 5091 3225 5148 abillo
3259 5107 3423 5162 posse
3439 5089 3572 5160 ejici
3594 5088 3925 5150 clamavit.

2248 5186 2379 5242 Mox
2410 5190 2602 5240 autem
2629 5200 2799 5254 super
2829 5181 3015 5239 vexati
3045 5197 3257 5252 corpus
3287 5181 3376 5236 vir
3406 5180 3506 5236 Dei
3537 5178 3933 5248 incubuit,el

2249 5275 2538 5346 malignus
2551 5275 2793 5346 spiritus
2807 5273 2904 5345 qui
2919 5289 3051 5328 eum
3076 5272 3363 5328 invaserat
3377 5269 3678 5326 abscessit.
3695 5267 3764 5324 In
3784 5274 3937 5328 tota

2250 5367 2393 5424 urbe
2423 5370 2563 5420 tunc
2594 5364 2784 5419 statim
2816 5363 2957 5434 quid
2991 5361 3050 5417 in
3083 5360 3327 5418 ecclesia
3357 5359 3942 5416 factumfuissetin-

2246 5531 2398 5659 d_(d)
2431 5529 2502 5657 ξιξ
2528 5532 2866 5586 sanctorum
2917 5525 3114 5583 album
3165 5522 3388 5580 relatus
3428 5524 3515 5580 est
3562 5520 3632 5577 ad
3679 5519 3939 5594 Aprilis

2290 5619 2402 5659 lem
2509 5641 2522 5658 .
3437 5637 3442 5641 -

2290 5619 2402 5659 tem
2437 5619 2522 5658 16.
3437 5637 3442 5641 λ
