4210 6160
287 381 292 386 ,
372 315 491 400 an

1577 321 1860 387 SANCTI
1905 320 2277 411 GREGOBII
2320 326 2559 390 MAGNI

3649 323 3767 383 248

372 447 913 528 ἆδελᾳοὶωαύσασθε
948 454 1161 524 λοιπον,
1185 454 1327 511 πολὺ
1369 459 1474 532 γὰρ
1513 455 1763 529 ἐκάμετε.
1797 450 2048 527 Ἐνέγκας
2071 449 2129 507 δὲ
2157 457 2379 532 τροφάς,
2425 457 2558 530 μετά
2584 457 2674 512 τὸν
2707 455 2966 512 τοσούτου
3014 454 3262 528 καμάτου
3307 452 3501 522 κόπον,
3540 451 3769 514 τούτους

373 540 736 619 εὐφρανθῆναι
782 535 1078 616 πεποίηκε.
1104 544 1470 620 Κορεσθέντων
1519 543 1576 600 δὲ
1624 543 1824 610 αὐτῶν,
1857 541 2002 596 εἶπεν
2049 541 2255 604 αὐτοῖς.
2287 547 2375 615 Μὴ
2424 545 2691 616 θελήσατε
2737 548 2832 601 τοῦ
2882 542 3084 600 λοιποῦ
3129 543 3293 597 κακὸν
3325 543 3543 614 πράξαι,
3577 537 3682 596 εἴτε
3712 537 3771 594 δί

377 631 565 706 χρείαν
596 631 656 687 ἐκ
683 637 778 688 τοῦ
815 635 996 704 κήπου
1026 626 1200 708 ἔχετε,
1230 631 1318 689 διά
1346 641 1446 704 τῆς
1474 631 1687 689 εἰσόδου
1719 628 2039 704 ἐλευθερίως
2072 629 2368 706 ἐρχόμενοι
2407 634 2720 708 αἰτήσασθε,
2751 634 2842 690 καὶ
2892 634 3007 707 μετ’
3032 630 3286 708 εὐλογίας
3320 625 3538 700 λάϐετε,
3563 630 3669 684 ἀπὸ
3716 625 3774 684 δὶ

367 725 471 790 τῆς
525 723 622 775 τοῦ
678 719 996 795 κλέμματος
1048 723 1321 798 ἂμαρτίας
1379 722 1649 780 ἐνδύσατε.
1687 717 1927 796 Παρευθὺ
1987 715 2044 773 δὶ
2101 717 2316 794 λάχανα
2354 726 2686 801 συναχθῆναι
2713 723 2992 794 κελεύσας,
3022 723 3250 783 τούτους
3282 727 3633 796 φορτωθῆναι
3677 739 3777 773 πε-

367 808 587 885 ποίηκε.
630 808 826 884 Γέγονε
857 807 914 864 δέ
945 809 1081 867 ὥστε
1112 813 1164 866 ol
1195 812 1273 875 sic
1300 814 1393 870 τὸν
1421 820 1600 885 κῆπον
1633 811 1720 868 ἐπὶ
1742 810 1806 866 τὸ
1837 806 2034 882 κλέψαι
2066 805 2344 884 ἐλθόντες,
2385 811 2477 868 σὺν
2504 818 2583 886 τῷ
2618 817 2795 888 μισθῷ
2824 817 2922 869 τοῦ
2969 810 3216 886 καμάτου
3245 809 3422 866 αὐτῶν
3453 807 3786 883 ἐμπεπλησέ

371 897 546 972 μένοι,
578 900 668 954 καὶ
695 895 956 963 ἀϐλαϐεῖς
991 903 1420 980 ὑποστρέψωσιν.

435 960 706 1062 ἘνΙᾶλλῳ
723 989 905 1045 τοίνυν
920 960 1116 1066 καιρῷ,
1133 960 1270 1063 ξένόι
1298 994 1439 1054 τινὲς
1462 994 1597 1069 πρὸς
1617 990 1777 1047 αὐτὸν
1794 987 1917 1059 ἐλεη
1931 1008 2025 1062 μο-

2203 991 2330 1049 Alio
2361 1010 2590 1067 quoque
2610 999 2870 1067 tempore
2920 995 3297 1052 accesserunt
3325 991 3396 1047 ad
3439 960 3577 1048 eum
3609 1005 3778 1063 pere-

365 1077 527 1149 σύνην
561 1082 846 1148 ζητοῦντες
874 1080 1250 1158 παρεγένοντο,
1290 1081 1512 1159 ῥακώδη
1553 1083 1748 1156 ἱμάτια
1772 1081 2016 1155 ἠμφιασ-

369 1166 542 1242 μένοιο
570 1166 709 1223 ὥστε
739 1169 981 1245 γυμνοὺς
1003 1170 1196 1234 αὐτοὺς
1220 1171 1786 1249 θεωρεῖσθαι.Τούτων
1810 1166 1866 1224 δέ
1887 1169 2019 1240 ἱμά-

361 1277 451 1311 τια
475 1257 547 1330 (α)
571 1259 695 1331 παρ’
717 1257 881 1314 αὐτοῦ
901 1259 1257 1333 αἰτουμένων,
1283 1267 1556 1335 μυστικῶς
1579 1260 1754 1316 αὐτῶν
1783 1257 2018 1314 λαλούν·

361 1367 494 1415 των,
521 1346 550 1400 ὁ
573 1343 856 1416 ἅνθρωπος
877 1352 973 1403 τοῦ
996 1353 1129 1405 Θεοῦ
1146 1351 1400 1422 ἀκήκοεν,
1427 1351 1573 1412 ὅστις
1593 1346 1685 1405 ἕνα
1709 1353 1817 1404 τῶν
1843 1348 2020 1420 μαθη-

363 1440 474 1491 τῶν
492 1435 659 1491 αὐτοῦ
677 1435 1306 1514 (ωπροσκαλεσάμενος,
1330 1444 1604 1514 μυστικῶς
1626 1436 1901 1494 ἐκέλευσεν
1923 1434 2020 1490 αύ-

366 1521 469 1598 τῷ,
503 1521 698 1600 λέγων.
722 1524 964 1582 ’Δπελθε
996 1525 1048 1582 ἐν
1073 1528 1250 1604 ἐκείνῃ
1273 1533 1342 1603 τῇ
1365 1529 1495 1605 ὕλῃ,
1521 1527 1596 1591 εἷς
1626 1524 1782 1583 τόνδε
1801 1525 1892 1580 τὸν
1927 1522 2020 1579 τό·

367 1633 493 1682 πον,
513 1613 602 1668 καὶ
627 1613 874 1688 εὑρήσεις
895 1612 1112 1692 δένδρον
1133 1617 1470 1697 ὑπόκουφον,
1487 1616 1538 1672 έν
1553 1614 1699 1687 αὕτῷ
1711 1614 2020 1690 ἔρεύνησον,

370 1702 460 1758 καὶ
483 1700 617 1778 ἅπερ
641 1703 888 1778 εὑρήσεις
909 1707 1101 1780 ἱμάτια
1123 1704 1292 1784 ἄγαγε
1312 1729 1425 1781 μοι.
1443 1707 1724 1771 Ἀπελθὼν
1751 1704 1848 1761 δέὁ
1872 1702 2022 1759 ἅδελ·

374 1792 474 1870 φὸς
514 1794 694 1866 καθὼς
725 1792 1024 1870 ἐπετράπη,
1063 1796 1152 1851 καὶ
1181 1796 1531 1869 ἐπιζητήσας.
1560 1798 1682 1873 εὗρε
1710 1796 1772 1852 τὸ
1804 1791 2020 1868 δένδρον

373 1883 461 1937 καὶ
490 1883 557 1937 τὰ
579 1883 793 1957 ἱμάτια.
818 1887 1000 1942 Ταῦτα
1023 1883 1079 1940 δέ
1099 1886 1336 1963 ἀγαγὼν,
1355 1889 1474 1943 κατ’
1497 1885 1636 1942 ίδίαν
1658 1890 1738 1959 τῷ
1759 1881 2022 1940 διδασκά-

377 1976 460 2043 λῳ
489 1967 931 2048 δέδωκεν.”Απερ
952 1975 979 2029 6
1008 1979 1105 2030 τοῦ
1130 1979 1262 2030 Θεοῦ
1284 1975 1570 2051 ἅνθρωπος
1587 1972 2022 2049 δεξάμενος,τοῖς

375 2057 568 2129 ξένοις,
602 2057 796 2124 θ’ίτινες
825 2060 900 2126 ὡς
930 2057 1089 2128 δῆθεν
1117 2063 1320 2139 γυμνοὶ
1351 2065 1544 2137 ἱμάτια
1572 2063 1826 2139 ᾐτοῦντο,
1856 2066 2024 2118 ταῦτα

376 2146 628 2219 δέδωκεν,
656 2148 822 2206 εἰπὼν
854 2153 990 2226 πρὸς
1018 2151 1470 2224 αότοὺς-Ἐπειδή
1497 2154 1694 2229 γυμνοὶ
1729 2153 2022 2233 ὑπάρχετε,

377 2232 572 2295 λάϐετε
601 2242 767 2296 ταῦτα
803 2240 892 2296 καὶ
928 2238 1234 2306 ἐνδύσασθε.
1260 2245 1589 2317 Θεασάμενοι
1612 2241 1706 2298 οῦν
1733 2242 1867 2298 αὐτὰ
1885 2242 2026 2298 ἐκεῖ·

373 2329 974 2429 νοι,κσῖ.ἐπιγνοῦντες.
1002 2331 1086 2390 ὅτι
1124 2335 1259 2429 ἅπερ
1289 2333 1527 2429 έκρυψάν
1641 2335 1764 2429 εἶσι,
1793 2336 2022 2413 μεγίστη
2056 2363 2104 2429 Β

378 2417 614 2493 ἰντροπή
632 2419 828 2484 αὖτοὺς
845 2425 1131 2497 κατέσχεν.
1155 2423 1243 2480 Ἐν
1267 2422 1377 2496 ὅσῳ
1395 2421 1451 2480 δὲ
1479 2423 1615 2498 μετὰ
1639 2421 1806 2480 δόλου
1835 2424 2028 2498 ἱμάτια

380 2505 649 2581 ἀλλότρια
681 2507 929 2578 ὲζὴτουν,
961 2513 1460 2587 καταισχυνόμενοι
1489 2514 1555 2568 τὰ
1585 2511 1697 2567 ξ’δια
1726 2508 2026 2571 ἀπέλαϐον.

453 2595 538 2652 Ἐν
569 2593 726 2668 ἄλλῳ
756 2596 922 2652 πάλιν
953 2603 1129 2674 καιρῷ
1158 2605 1276 2663 ταῖς
1305 2600 1500 2656 τούτου
1528 2600 1717 2678 εὐχαῖς
1740 2601 1926 2657 ἔαυτόν
1949 2623 2030 2664 τις

381 2683 832 2758 παρατιθέμενος,
853 2682 948 2742 δύο
982 2686 1245 2763 σπυρίδας
1272 2688 1448 2765 ἄρτων
1472 2689 1707 2761 πλήρεις
1731 2691 1876 2764 αὐτῷ
1901 2691 2031 2746 ἁπέ-

383 2769 614 2829 στειλεν⁶
659 2774 687 2828 ὁ
720 2771 777 2829 δὶ
807 2774 970 2838 αὐτὸς
1001 2783 1126 2840 παῖς
1156 2780 1255 2848 τήν
1300 2780 1426 2852 μίαν
1457 2779 1505 2850 ἐξ
1547 2779 1722 2835 αὐτῶν
1745 2779 1795 2836 έν
1818 2786 1886 2856 τῇ
1920 2778 2032 2854 ὁδῷ

382 2861 674 2938 ἀπέκρυψε,
706 2863 804 2932 τήν
853 2860 909 2919 δὶ
947 2864 1128 2938 ἑτέραν
1161 2868 1298 2942 πρὸς
1332 2869 1424 2924 τὸν
1457 2866 1740 2944 ἄνθρωπον
1771 2873 1867 2924 τοῦ
1898 2873 2030 2926 Θεοῦ

381 2949 636 3025 ἀπήγαγε
668 2969 682 2982 ·
715 2950 804 3005 καὶ
842 2951 942 3020 τὴν
986 2951 1202 3025 αἴτησιν
1252 2959 1349 3010 τοῦ
1397 2955 1820 3020 ἀποστείλαντος
1872 2956 2032 3012 αὐτὸν

382 3037 903 3114 ἆνήγγειλε,τοῦτον
928 3039 1017 3097 διὰ
1045 3047 1153 3098 τῶν
1187 3041 1376 3120 δώρων
1407 3049 1478 3120 τῇ
1512 3043 1838 3125 εὖχῇναῦνοῦ
1859 3067 2032 3122 παρα-

380 3126 684 3203 τιθέμενος.
702 3131 760 3184 ’0
792 3129 848 3186 δὶ
877 3137 971 3187 τοῦ
993 3137 1127 3188 Θεοῦ
1146 3132 1450 3210 ἂνθρωπος,
1467 3134 1670 3212 ἱλαρῶς
1692 3141 1858 3192 ταῦτα
1879 3135 2031 3212 δεξά-

388 3218 684 3290 μενος,τὸν
707 3219 865 3276 αὐτὸν
898 3219 1067 3277 παῖδα
1097 3216 1383 3294 νουθετῶν,
1419 3222 1542 3301 ἔφη·
1566 3224 1733 3300 Χάριν
1765 3219 1880 3301 ἔχω
1912 3227 2030 3300 μὶν,

383 3304 530 3362 ἀλλὰ
548 3305 832 3382 βλέπεξτῆν
855 3308 1085 3385 σπυρίδα
1105 3313 1166 3380 ἦν
1183 3309 1235 3366 ἐν
1259 3316 1326 3385 τῇ
1355 3309 1466 3384 ὁδῷ
1487 3311 1705 3383 ἔθηκας,
1725 3316 1798 3387 μὴ
1822 3315 2037 3388 τολμή-

384 3417 483 3472 σῃς
512 3396 698 3473 ἀφυῶς
730 3398 868 3474 αὐτῇ
903 3398 1133 3476 ἐγγίσαι,
1167 3401 1464 3462 εὐσυνέτῶς
1495 3400 1552 3458 δὲ
1585 3401 1822 3476 μᾶλλον,
1845 3402 2032 3476 ἐπειδὴ

383 3484 504 3566 ὄφις
525 3485 576 3542 ἐν
597 3486 733 3562 αὐτῇ
757 3487 1096 3559 είσῆλθε,καὶ
1123 3488 1210 3546 ἐὰν
1225 3491 1409 3565 ἆψυῶς
1424 3491 1625 3561 ταύτην
1653 3491 1845 3568 ἐπᾶραι
1867 3494 2037 3566 θελή-

384 3598 503 3646 σης,
533 3575 756 3650 μέλλεις
789 3579 892 3634 ὑπὸ
925 3583 1021 3635 τοῦ
1052 3577 1227 3659 ὄφεως
1259 3579 1557 3656 δηχθῆναι.
1582 3581 1814 3644 Τούτοις
1839 3580 1896 3637 δὲ
1915 3589 2032 3648 τοῖς

383 3663 573 3740 λόγοις
589 3663 792 3742 σφόδρα
807 3667 834 3720 6
849 3672 975 3727 παῖς
989 3670 1426 3743 καταισχυνθεῖς,
1442 3670 1608 3724 πάλιν
1627 3668 2031 3745 ἠγαλλιάσατο,

386 3737 478 3807 ὄτι
495 3753 585 3809 τὸν
609 3737 833 3809 θάνατον
859 3753 1118 3834 ἀπέφυγε.
1137 3737 1246 3828 Κξὶν
1275 3758 1380 3834 γὰρ
1413 3737 1812 3834 στυγνὸς-πρὸς
1843 3737 2030 3838 ὀλίγον
2064 3737 2108 3805 c

384 3841 596 3920 ἐγένετο
623 3841 710 3898 διὰ
729 3844 828 3912 τήν
843 3844 1136 3920 αἰσχύνην,
1159 3844 1307 3916 πλὴν
1331 3849 1485 3920 ὅμως
1511 3846 1839 3924 σώτηριώδη
1868 3851 2034 3926 βάσα-

383 3954 475 3988 νον
524 3933 727 4017 ταύτην
774 3933 1013 4005 ἐδέξατο.
1046 3936 1409 4012 Ὑποστρέψας
1439 3936 1496 3994 δὲ
1541 3939 1618 4004 εἷς
1647 3943 1746 4013 τήν
1781 3939 2035 4018 σπυρίδα,

383 4022 563 4086 καθὼς
593 4025 621 4077 6
651 4028 749 4078 τοῦ
779 4028 912 4079 Θεοῦ
945 4022 1230 4100 ἅνθρωπος
1262 4033 1542 4103 προεῖπεν,
1575 4030 1747 4107 εὗρεν,
1782 4031 1864 4088 ὅτι
1915 4029 2038 4110 ὄφις

383 4109 585 4182 ταύτην
617 4110 916 4188 ἐπεκράτει.
935 4115 1118 4178 Οὗτος
1147 4116 1328 4171 τοίνυν
1359 4121 1427 4192 τῇ
1461 4115 1685 4194 δυνάμει
1712 4127 1812 4191 τῆς
1839 4109 2038 4198 ἐγκρα-

383 4198 552 4269 τείας,
583 4201 672 4256 καὶ
710 4205 778 4275 τῇ
811 4208 908 4258 τοῦ
939 4210 1287 4284 προφητικοῦ
1316 4207 1622 4282 πνεύματος
1652 4211 1842 4289 χάριτι
1871 4232 2036 4266 κατα-

387 4288 768 4366 λαμπόμενος,
796 4295 967 4350 πάντα
994 4297 1061 4351 τὰ
1099 4297 1486 4376 παρερχόμενα
1532 4288 1824 4376 πράγματα
1870 4323 2061 4373 κατα-ι

386 4377 600 4454 λείψας,
626 4384 764 4438 πάνυ
816 4386 1134 4466 καρτερικὸς
1182 4385 1234 4442 ἐν
1271 4394 1335 4458 τῆ
1372 4387 1510 4464 εύχῆ
1548 4390 1819 4467 ὑπῆρχεν,
1853 4390 1928 4455 ὥς
1980 4413 2039 4448 τε

390 4470 642 4545 μεγάλως
693 4471 746 4527 ἐν
793 4472 972 4548 τούτῳ
1021 4472 1332 4552 διαπρέπειν
1377 4476 1669 4535 αύτὸν.“Εν
1700 4477 1757 4534 δὲ
1787 4479 1837 4533 ἐν
1894 4479 2040 4553 αύτῷ

386 4563 914 4642 πρᾶγμαιμεμπτέον
936 4566 1294 4640 νομιζόμενον
1315 4568 1449 4624 εἶναι
1472 4568 2036 4646 έθεωρεῖτο.Τοσαύτη

2129 1080 2281 1152 grini
2316 1084 2550 1154 quidam
2585 1084 3044 1141 misericordiam
3071 1081 3450 1154 postulantes,
3465 1080 3664 1140 scissis
3681 1095 3778 1135 ve-

2128 1170 2337 1237 stibus,
2374 1171 2581 1239 pannis
2623 1172 2820 1242 obsiti,
2851 1172 2934 1227 ita
2964 1175 3028 1226 ut
3058 1186 3203 1242 pene
3235 1170 3376 1226 nudi
3407 1169 3766 1225 viderentur.

2129 1258 2388 1332 Cumque
2412 1262 2569 1319 hunc
2587 1250 2933 1319 vestimenta
2953 1265 3237 1332 peterent,
3261 1276 3464 1316 eorum
3495 1260 3668 1320 verba
3687 1260 3777 1318 vir

2132 1351 2356 1405 Domini
2388 1352 2598 1407 tacitus
2619 1352 2877 1419 audivit;
2903 1352 3000 1424 qui
3023 1368 3208 1420 unum
3239 1367 3308 1406 ex
3328 1348 3630 1420 discipulis
3650 1348 3778 1404 suis

2129 1437 2396 1508 protinus
2428 1440 2668 1498 silenter
2695 1443 2948 1512 vocavit,
2981 1440 3152 1513 eique
3181 1438 3473 1512 praecepit,
3523 1437 3726 1494 dicens
3758 1452 3775 1492 :

2131 1526 2308 1595 Vade,
2332 1530 2584 1602 atquein
2614 1529 2712 1585 illa
2735 1529 2882 1586 silva
2902 1530 2961 1586 in
2985 1530 3110 1586 loco
3134 1528 3237 1584 tali
3273 1544 3472 1586 cavam
3509 1527 3780 1585 arborem

2131 1618 2358 1690 require
2400 1639 2414 1689 ;
2447 1624 2502 1675 et
2531 1620 2876 1676 vestimenta
2925 1636 3051 1693 qua:
3081 1620 3141 1674 in
3173 1635 3241 1675 ea
3269 1616 3560 1674 inveneris
3590 1615 3770 1689 defer.

2132 1708 2392 1778 Cumque
2424 1709 2753 1781 discipulus
2811 1710 3067 1776 abiisset,
3109 1708 3376 1765 arborem
3409 1706 3562 1763 sicut
3590 1707 3781 1762 fuerat

2126 1798 2356 1868 jussum
2390 1799 2714 1870 requisivit,
2768 1798 3116 1854 vestimenta
3171 1797 3406 1870 reperit,
3449 1800 3508 1852 et
3533 1795 3784 1852 latenter

2133 1887 2340 1943 detulit
2361 1890 2654 1961 magistro.
2679 1891 2817 1954 Quae
2843 1889 2932 1944 vir
2958 1889 3056 1945 Dei
3082 1888 3428 1961 suscipiens,
3455 1887 3783 1959 peregrinis

2133 1977 2308 2033 nudis
2341 1983 2516 2050 atque
2539 1980 2870 2050 petentibus
2892 1977 3147 2034 ostendit
3175 1982 3234 2033 et
3263 1975 3775 2050 prie_buit,dicens:

2132 2064 2351 2134 Venite,
2383 2068 2519 2138 quia
2549 2068 2688 2123 nudi
2718 2069 2876 2138 estis,
2906 2083 3038 2125 ecce
3074 2065 3279 2131 tollite,
3311 2071 3370 2122 et
3409 2066 3617 2122 vestite
3656 2081 3777 2125 vos.

2132 2156 2264 2212 Haec
2295 2155 2377 2211 illi
2401 2157 2711 2225 intuentes,
2747 2160 3209 2229 recognoverunt
3263 2171 3412 2226 quae,
3441 2159 3775 2228 posuerant,

2133 2260 2460 2316 magnoque
2491 2246 2710 2317 pudore
2739 2244 3092 2302 consternati
3123 2249 3260 2301 sunt
3287 2261 3300 2312 ;
3323 2249 3382 2300 et
3403 2243 3503 2316 qui
3533 2243 3776 2299 fraudu-

2134 2332 2322 2390 lenter
2341 2333 2686 2391 vestimenta
2703 2335 3038 2408 quaerebant
3064 2333 3274 2401 aliena,
3308 2333 3536 2391 confusi
3559 2347 3782 2406 recepey

2137 2426 2276 2478 runt
2307 2439 2430 2479 sua.

2206 2597 2333 2655 Alio
2365 2615 2590 2671 quoque
2619 2603 2880 2669 tempore
2909 2599 3145 2670 quidam
3168 2614 3231 2655 se
3252 2599 3380 2670 ejus
3415 2596 3782 2660 orationibus

2139 2690 2579 2755 commendans,
2611 2694 2836 2768 sportas
2864 2690 3010 2744 duas
3041 2687 3244 2760 plenas
3275 2686 3570 2754 alimentis
3597 2686 3647 2741 ei
3678 2702 3792 2760 per

2140 2797 2384 2852 puerum
2409 2781 2757 2849 transmisit,
2780 2798 3027 2854 quarum
3053 2797 3229 2836 unam
3253 2783 3404 2837 idem
3421 2796 3573 2858 puer
3592 2778 3786 2836 subri-

2139 2869 2286 2940 puit,
2311 2875 2485 2941 atque
2516 2870 2575 2926 in
2605 2871 2812 2927 itinere
2842 2871 3145 2926 abscondit
3178 2887 3191 2926 :
3225 2885 3406 2939 unam
3433 2884 3564 2924 vero
3585 2869 3653 2923 ad
3682 2867 3784 2923 Dei

2140 2959 2438 3015 hominem
2471 2959 2699 3031 detulit,
2732 2965 2788 3016 et
2821 2960 3160 3032 petitionem
3189 2958 3351 3015 illius
3381 2958 3474 3031 qui
3507 2974 3571 3014 se
3601 2957 3651 3012 ei
3683 2973 3786 3029 per

2140 3049 2376 3104 xenium
2400 3049 3422 3115 commendaveratenarravit.0uam
3437 3047 3526 3103 vir
3548 3045 3786 3103 Domini

2143 3137 2393 3211 benigne
2415 3138 2760 3210 suscipiens,
2784 3139 3052 3195 eumdem
3077 3155 3322 3211 puerum
3346 3137 3670 3204 admonuit,
3696 3135 3788 3191 di-

2143 3243 2281 3284 cens
2314 3244 2328 3283 :
2361 3229 2583 3283 Gratias
2614 3228 2867 3300 agimus,
2901 3227 3002 3284 sed
3035 3229 3187 3297 vide,
3220 3231 3482 3300 sportam
3517 3240 3689 3298 quam
3725 3225 3790 3282 in

2143 3316 2348 3372 itinere
2371 3317 2615 3389 posuisti
2635 3333 2706 3372 ne
2727 3316 3558 3389 incautetangereprsasumas,
3575 3313 3791 3385 quiain

2144 3421 2270 3461 eam
2299 3420 2536 3477 serpens
2569 3404 2869 3477 ingressus
2901 3409 3006 3461 est.
3041 3407 3176 3461 Esto
3202 3420 3340 3476 ergo
3377 3403 3683 3471 sollicitus,
3716 3417 3793 3457 ne

2145 3494 2193 3549 si
2227 3491 2427 3549 tollere
2458 3494 2688 3549 incaute
2720 3493 2992 3562 volueris,
3025 3510 3058 3549 a
3089 3499 3355 3566 serpente
3387 3492 3787 3557 feriaris.0ui-

2144 3583 2254 3640 lius
2284 3583 2474 3639 verbis
2506 3600 2649 3654 puer
2676 3583 2845 3638 valde
2877 3582 3180 3652 confusus,
3215 3581 3524 3637 exsultavit
3545 3571 3786 3652 quidem

2143 3673 2294 3745 quod
2329 3678 2572 3728 mortem
2605 3671 2873 3741 evaserit,
2902 3673 3001 3727 sed
3036 3671 3220 3728 tristis
3269 3673 3349 3743 (d)
3380 3671 3788 3726 admodicum

2146 3765 2332 3819 tactus
2363 3768 2471 3826 est,
2503 3762 2642 3833 quia
2673 3761 2940 3836 quamvis
2970 3761 3268 3818 salubrem
3301 3776 3554 3832 pmnam,
3585 3765 3788 3816 tamen

2144 3852 2386 3925 pertulit
2413 3851 2821 3907 verecundiam
2854 3867 3043 3906 suam.
3071 3849 3178 3914 Qui
3211 3866 3474 3907 reversus
3504 3849 3578 3904 ad
3617 3865 3792 3920 spor-

2143 3947 2288 4012 tam,
2323 3946 2489 3998 caute
2510 3957 2575 3997 ac
2603 3939 2849 3996 sollicite
2876 3939 3142 4009 attendit,
3175 3941 3276 3996 sed
3309 3955 3436 3995 eam
3459 3939 3609 4010 jam,
3641 3938 3796 3995 sicut

2145 4033 2234 4088 vir
2264 4031 2366 4088 Dei
2424 4030 2788 4102 praedixerat,
2846 4045 3084 4102 serpens
3143 4029 3393 4085 tenebat.
3447 4027 3552 4084 Ilio
3595 4029 3797 4099 itaque

2148 4138 2282 4179 oum
2313 4119 2525 4176 virtute
2580 4118 2970 4190 abstinentiae,
3021 4121 3358 4190 contemptu
3402 4133 3599 4174 rerum
3629 4120 3798 4174 tran-

2149 4210 2468 4276 seuntium,
2485 4209 2800 4280 prophetia:
2821 4207 3050 4279 spiritu,
3066 4205 3345 4264 orationis
3368 4206 3688 4263 intentione
3709 4223 3804 4262 es-

2149 4305 2239 4356 set
2267 4297 2810 4370 incomparabiliter
2847 4297 3148 4370 przeditus,
3183 4312 3366 4351 unum
3398 4299 3520 4351 erat
3549 4289 3699 4366 quod
3733 4295 3801 4350 in

2149 4407 2216 4446 eo
2234 4387 2826 4460 reprehensibileesse
2839 4385 3165 4455 videbatur,
3194 4385 3345 4456 quod
3370 4374 3797 4455 nonnunquam

2149 4483 2309 4536 tanta
2340 4478 2390 4534 ei
2421 4477 2621 4532 laetitia
2649 4476 2854 4545 inerat,
2908 4481 2972 4530 ut
3001 4475 3115 4530 illis
3173 4478 3258 4530 tot
3314 4466 3629 4532 virtutibus
3678 4473 3800 4530 nisi

2150 4570 2398 4627 sciretur
2428 4583 2552 4623 esse
2582 4565 2811 4638 plenus,
2847 4563 3005 4620 nullo
3029 4565 3199 4620 modo
3231 4565 3576 4620 crederetur.

386 4652 494 4727 γὰρ
525 4652 828 4732 εὐφροσύνη
865 4660 1110 4732 συνεχῶς
1141 4657 1194 4713 ἐν
1222 4657 1370 4731 αὐτῷ
1407 4659 1678 4738 ὑπῆρχεν,
1712 4660 1795 4716 ὅτι
1829 4660 1873 4715 εί
1910 4663 1985 4735 μή
2015 4682 2101 4724 τις
2132 4658 2292 4714 αὐτὸν
2327 4654 2583 4732 ἐγίνωσκε
2611 4653 2900 4716 τοσαύταις
2931 4649 3218 4726 δυνάμεσιν
3246 4646 3485 4726 ἔμπλεον
3514 4649 3670 4724 εἶναι,
3703 4649 3802 4707 οὖ-

390 4737 578 4814 δαμῶς
607 4742 731 4818 περὶ
764 4742 929 4800 αὐτοῦ
956 4744 1282 4806 ἐπίστευσεν.

460 4832 659 4887 ΠΕΤΡ.
684 4832 751 4889 Τί
780 4838 942 4891 τοῦτο
975 4837 1114 4891 εἶναι
1139 4834 1395 4911 λέγομεν,
1421 4838 1556 4893 αἰτῶ
1585 4861 1641 4894 σε
1659 4858 1672 4910 ;
1689 4838 1880 4911 Οἰκείᾳ
1899 4860 2033 4916 προ-

2223 4840 2396 4895 Pera.
2428 4837 2730 4904 Quidnam,
2793 4849 2985 4906 quaeso
3025 4839 3100 4903 te,
3151 4832 3260 4891 hoc
3311 4849 3436 4890 esse
3493 4831 3807 4918 dici-must?

390 4917 530 4973 θέσει
559 4920 888 4997 χαυνότερον
918 4925 1009 4980 τὸν
1043 4932 1141 4995 τῆς
1174 4925 1502 5006 εὐφροσύνης
1535 4927 1769 5007 χαλινὸν
1801 4926 2040 5004 ἐπῆρε,ἢ

387 5009 677 5072 τοσαύταις
710 5007 998 5086 δυνάμεσιν
1031 5013 1292 5088 αὐξάνων,
1321 5016 1413 5072 καὶ
1462 5024 1564 5087 τῆς
1606 5017 1804 5074 τούτου
1853 5021 2040 5092 ψυχῆς

387 5095 1019 5177 ἐπιλαμπομένης,πρὸς
1043 5105 1143 5174 τήν
1163 5109 1435 5182 παροῦσαν
1464 5108 1638 5182 χαρὰν
1671 5106 2035 5182 παρεσύρετο;

385 5272 550 5358 riuus
581 5291 596 5333 :
623 5277 880 5358 Ιξασαγίαι
906 5281 1183 5351 Γραικιστὶ
1211 5283 1269 5358 αἱ
1300 5281 1544 5358 πρασιαί.
1579 5284 1649 5358 In
1674 5285 1812 5358 (Σοὶ).
1842 5285 2035 5358 Regio

381 5345 615 5429 legitur,
650 5345 907 5429 λασάνια,
928 5345 1150 5429 πρασιαι
1182 5345 1364 5429 ﬂoris
1412 5355 1659 5429 πρασιαὶ)
1685 5356 1752 5411 τὰ
1785 5357 1884 5428 μή,
1918 5345 2030 5413 οἷο.

385 5419 744 5503 Quocunqug
775 5422 947 5478 modo
973 5419 1142 5503 locus
1182 5419 1277 5503 hic
1315 5419 1563 5503 legatur,
1595 5419 1885 5503 discrepat
1920 5431 2034 5485 Za-

383 5491 612 5572 cbarias
642 5508 681 5572 ᾳ,
697 5493 973 5572 .Greg.,_et_
987 5495 1346 5572 depoleribus
1365 5491 1390 5552 i
1393 5491 1637 5572 intelligit
1655 5491 1872 5571 quaa‘de
1901 5518 2036 5572 Spai-

381 5559 480 5615 tiis
503 5562 742 5618 incultis
764 5559 915 5619 horti
942 5564 1090 5621 dixit
1121 5573 1356 5624 sanctus
1395 5559 1620 5629 Doctovr.
1642 5559 1738 5629 S'ic
1762 5589 1826 5629 ex
1875 5559 2034 5629 liéari

383 5637 636 5700 possunt
686 5633 859 5692 verba
895 5635 1092 5694 Graeca
1130 5655 1144 5695 :
1178 5638 1430 5697 Oleribus
1455 5643 1714 5700 fodiendo
1760 5591 2034 5700 augurem

383 5637 646 5716 possunt.
686 5633 859 5716 verba
895 5635 1092 5716 Graeca
1130 5655 1144 5695 :
1178 5638 1430 5697 Oleribus
1454 5643 1714 5716 fodiendo
1760 5633 2037 5702 culturam

385 5719 494 5778 qua
524 5704 845 5777 indigebant
873 5706 1271 5770 adhibuerunt.
1454 5704 1464 5716 ’
1661 5721 1666 5727 ’

2151 4934 2365 5004 Sponte
2387 4927 2500 4984 sibi
2531 4925 2745 4982 laetitias
2776 4925 2940 4982 frena
2969 4923 3220 5006 laxabat,
3255 4939 3330 4980 an
3361 4928 3442 4979 tot
3477 4909 3804 4981 virtutibus

2150 5018 2399 5090 pollens,
2432 5016 2750 5088 aliquando
2799 5015 2869 5071 ad
2896 5009 3159 5086 praesens
3189 5013 3468 5086 gaudium
3499 5013 3672 5068 etiam
3701 5029 3800 5068 re-

2151 5110 2341 5165 nitens
2371 5108 2501 5178 ejus
2531 5105 2766 5162 animus
2798 5103 3135 5162 trahebatur
3163 5103 3191 5160 ‘I

2219 5284 2456 5410 gu)’Ms.,
2488 5283 2653 5339 αὐτοῦ
2681 5280 2850 5339 αῗτεῖν
2886 5279 3203 5357 μελλόντων
3240 5281 3328 5337 καὶ
3363 5284 3677 5357 μυστηριῶς
3720 5277 3806 5341 ἔτι

2263 5376 2487 5410 ουντων.

2143 5353 2487 5413 λαλούντων.

2145 5430 2288 5554 ),(ί))
2321 5428 2454 5496 Ms.,
2489 5425 3022 5502 προσκαλεσάμενος,
3063 5425 3302 5506 κρυφίως
3336 5423 3804 5502 αύτῷέκελευσε,

2167 5521 2345 5554 .εγων.

2167 5521 2345 5554 ιεγων.

2186 5521 2449 5650 algidus"
2486 5570 2588 5627 εἶσι
2619 5570 2710 5628 καί
2754 5572 3179 5644 κατανοήσαντες
3223 5568 3522 5649 μεγίστῃ...
3561 5568 3826 5652 κατέλα-⁸

2145 5639 2290 5792 ϐεἷὶι)
2323 5717 2564 5796 Longin-
2599 5722 2657 5798 οι
2685 5718 2926 5800 plurimi
2955 5722 3178 5796 Νοτιπιο,
3207 5717 3526 5806 admodum.
