4210 6160
336 241 444 302 253

1562 234 1688 298 DIA
1701 236 2085 302 LOGORUM
2133 237 2350 299 LIBER
2399 237 2506 298 IlI.

3619 239 3737 300 254

335 385 535 437 secuta
555 383 660 433 est.
671 376 806 432 Nam
825 379 1076 448 quatuor
1088 372 1356 430 monachi
1371 373 1754 445 quieumdem
1770 391 1972 433 ursum

2092 375 2192 443 τήν
2225 372 2386 447 ἄρκον
2425 367 2538 446 ἅμα
2568 372 2658 425 καὶ
2688 370 2754 424 τὰ
2785 366 3030 430 πςόϐατα
3070 365 3418 440 ἐπιζητῆσαι,
3439 369 3638 441 ταύτην
3682 367 3740 426 δὶ

333 468 663 523 occiderant
684 463 886 519 statim
910 461 1280 535 elephantino
1297 466 1495 518 morbo
1518 464 1779 534 percussi
1811 470 1970 534 sunt,

329 563 387 611 nt
420 554 700 612 membris
725 551 1196 623 putrescentibus
1226 552 1550 608 interirent.
1569 553 1736 618 Quod
1759 554 1971 610 factum

324 647 412 701 vir
435 647 532 702 Dei
557 643 888 701 Florentius
909 642 1286 698 vehementer
1305 658 1368 699 ex
1380 643 1745 715 parit,seque
1765 647 1845 699 ita
1865 645 1974 700 fra-

322 735 514 790 tribus
545 732 918 790 maledixisse
951 732 1265 803 pertimuit.
1299 731 1472 787 Omni
1503 733 1662 789 enim
1689 733 1820 788 vita:
1853 751 1975 791 suae

322 834 583 895 tempore
613 823 791 878 flebat
823 821 958 892 quia
987 821 1300 878 exauditus
1330 822 1540 892 fuerat,
1565 838 1626 878 se
1656 823 1971 894 crudelem,

321 931 382 970 se
405 914 468 968 in
483 928 688 968 eorum
703 915 887 967 morte
899 910 1741 976 clamabatbomicidam.0uod
1759 911 1973 968 idcirco

319 1003 794 1074 omnipotentem
843 999 1152 1055 Dominum
1199 1000 1406 1056 fecisse
1435 1001 1750 1070 credimus,
1787 1019 1858 1058 ne
1887 1002 1976 1058 vir

318 1092 487 1146 mirae
540 1088 956 1162 simplicitatis.
988 1087 1354 1158 quantolibet
1395 1087 1593 1143 dolore
1625 1095 1974 1159 commotus,

311 1182 660 1251 intorquere
684 1177 835 1233 ultra
857 1175 1507 1249 praesumeretjaculum
1527 1175 1970 1234 maledictionis.

2080 461 2481 538 πεφονευμένην
2502 464 2669 536 εὗρεν.
2688 463 3002 532 Ἐπιμελῶς
3018 455 3074 513 δὲ
3097 457 3326 530 ἐπιζητή
3336 459 3548 528 σας,καὶ
3563 459 3736 536 εὑρὼν

2083 552 2230 625 παρά
2255 551 2418 605 τίνων
2451 549 2734 628 ἐφονεύθη,
2767 549 2952 604 ἑαυτὸν
3004 548 3078 609 εἷς
3128 553 3323 622 θρῆνον
3374 546 3596 616 δέδωκε,
3626 553 3738 604 τῶν

2084 639 2334 720 ἀδελφῶν
2367 638 2582 713 μᾶλλον
2603 641 2703 708 τήν
2726 637 3060 712 πονηρίαν,ἢ
3081 643 3182 706 τῆς
3205 635 3374 696 ἄρκου
3404 639 3494 694 τόν
3517 638 3739 694 θάνατον

2081 730 2308 788 κλαίων.
2323 729 2524 787 Τοῦτον
2549 727 2606 784 δὲ
2629 730 2656 784 ὁ
2671 724 2970 801 σσϐάσμιος
2993 728 3128 802 ἀνὴρ
3148 727 3428 803 Εὐτύχιος
3450 731 3586 804 πρὸς
3610 730 3735 786 ἔασι

2087 821 2180 878 τὸν
2211 820 2645 892 ἐπισπασάμενος
2676 818 3108 894 παραμυθεῖσθαι
3137 815 3436 892 ἤρξατο.’0
3468 814 3524 873 δὲ
3575 817 3740 884 αὐτὸς

2082 917 2179 968 τοῦ
2202 917 2336 967 Θεοῦ
2349 908 2546 973 δοῦλος
2570 907 3136 984 Φλορέντιοςὲνώπιον
3153 909 3316 966 αὐτοῦ
3332 913 3573 988 μεγίστῳ
3585 913 3738 986 πόνῳ

2085 1001 2444 1076 συγκινηθεὶς,
2478 998 2778 1074 εὐχόμενος
2801 998 3000 1072 ἤρξατο
3032 996 3230 1072 λέγειν.
3263 998 3503 1069 Ἐλπίζω
3536 1001 3614 1062 εἷς
3644 1003 3735 1057 τὸν

2089 1086 2508 1160 παντοδύναμον
2539 1090 2694 1156 Θεὸν,
2725 1085 2806 1143 ὅτι
2840 1085 2894 1140 ἐν
2921 1087 2989 1157 τῇ
3020 1089 3134 1160 ζωῇ
3163 1085 3332 1160 ταύτῃ
3366 1085 3596 1144 ἐνώπιον
3625 1095 3738 1148 τῶν

2083 1178 2384 1256 ὀφθαλμῶν
2407 1177 2844 1252 τῶνάνθρώπων,
2861 1175 2949 1232 διὰ
2971 1180 3070 1248 τήν
3093 1179 3281 1234 κακίαν
3301 1180 3479 1234 αύτῶν
3500 1183 3599 1251 τὴν
3611 1181 3736 1237 ἀντ-

311 1270 549 1342 άμειψιν
582 1260 1086 1340 ἀπολαμϐάνουσιν,
1119 1263 1170 1319 oi
1196 1265 1297 1332 τὴν
1326 1261 1491 1339 ἄρκον
1524 1285 1629 1338 μου
1663 1263 1832 1338 μηδὲν
1866 1266 2062 1330 αὐτοὺς
2098 1268 2380 1344 βλάψασαν
2413 1267 2879 1348 φονεύσαντες.Τή’
2908 1263 2965 1322 ’δὲ
2989 1268 3184 1322 τούτου
3206 1275 3358 1345 φωνῆ
3392 1277 3647 1345 παρσχρῆ
3661 1275 3735 1345 μᾶ

307 1361 338 1427 ἡ
376 1357 543 1425 θεϊκή
572 1353 854 1426 ἐκδίκησις
883 1353 1356 1425 ἐπηκολούθησεν.
1388 1355 1450 1408 Οἱ
1481 1354 1582 1430 γάρ
1611 1355 1864 1430 τέσσαρες
1899 1358 2226 1433 μοναχοὶ,ο¹ι
2255 1361 2354 1428 τήν
2388 1360 2549 1434 ἄρκον
2580 1355 3175 1436 φονεύσαντες,λέπρας
3203 1360 3474 1432 νοσήματι
3494 1359 3740 1436 περιέπε-

306 1469 427 1518 σον,
459 1445 607 1501 ὥστε
637 1449 744 1501 τῶν
779 1443 960 1518 μελῶν
991 1443 1164 1499 αὐτῶν
1202 1442 1500 1511 σαπὲντων,
1529 1444 1703 1508 οὕτως
1736 1445 1933 1509 αὐτοὺς
1966 1443 2157 1518 συνέϐη
2179 1447 2752 1518 τελευτὴσαι.Τούτου
2771 1444 3260 1522 δὲ(Ιι)γενομένου,
3283 1450 3310 1503 ὁ
3336 1447 3622 1524 ἄνθρωπος
3637 1453 3736 1505 τοῦ

307 1541 452 1592 Θεοῦ
485 1533 825 1608 Φλορὲντιος
869 1530 1076 1610 σφόδρα
1109 1531 1316 1603 ἐξέστη,
1351 1529 1609 1610 φοϐηθεὶς
1649 1531 1719 1588 δι’
1745 1533 1821 1588 ὧν
1851 1533 1980 1597 τοὺς
2011 1532 2278 1614 ἀδελφοὺς
2309 1535 2674 1611 κατηράσατο.
2693 1537 2778 1592 Ἐν
2808 1535 2924 1609 ὅλῳ
2951 1537 3132 1591 τοίνυν
3160 1541 3240 1608 τῷ
3268 1543 3370 1606 τῆς
3404 1541 3550 1607 ζωῆς
3569 1537 3736 1593 αὐτοῦ

306 1625 510 1700 χρόνῳ
552 1625 769 1698 θρηνῶν
797 1622 863 1677 06
892 1619 1124 1691 διέλιπε,
1145 1618 1234 1676 διὰ
1261 1620 1323 1676 τό
1366 1622 1771 1692 ὑπακουσθῆναι
1809 1622 1970 1678 αὐτὸν
1997 1626 2072 1697 (ο)
2104 1625 2181 1689 εἷς
2211 1626 2302 1680 τὸν
2325 1625 2524 1680 ἐκεῖνον
2557 1625 2842 1698 ὠμότατον
2869 1626 3114 1695 θάνατον,
3144 1626 3232 1680 καὶ
3265 1626 3453 1680 ἑαυτὸν
3477 1627 3736 1704 φονευτὴν

304 1713 528 1768 τούτων
569 1711 774 1770 ἐκάλει.
804 1716 975 1766 Τοῦτο
1007 1708 1065 1766 δὶ
1100 1711 1193 1767 τὸν
1228 1709 1644 1787 παντοδύναμον
1684 1713 1815 1768 Θεὸν
1846 1719 2072 1782 ποιῆσαι
2103 1712 2551 1788 πιστεύομεν,’ίνα
2575 1716 2652 1788 μὴ
2684 1719 2780 1769 τοῦ
2807 1713 3008 1770 λοιποῦ
3039 1715 3067 1769 ὁ
3099 1714 3400 1783 θαυμάσιος
3421 1714 3511 1769 καὶ
3535 1714 3736 1778 ἄκακος

310 1803 486 1864 οὗτος
525 1802 670 1876 ἀνήρ
695 1801 984 1876 τολμήσῃ,
1015 1799 1066 1856 ἐν
1095 1799 1197 1873 οἵῳ
1227 1798 1294 1872 δή
1326 1820 1460 1857 ποτε
1498 1804 1648 1874 πόνῳ
1680 1803 2199 1878 συνταρασσόμενος,
2229 1805 2328 1874 τήν
2359 1811 2458 1874 τῆς
2488 1805 2723 1879 κατάρας
2758 1800 2961 1878 βολίδα
2987 1803 3090 1859 τινὶ
3122 1802 3446 1878 ἐπιπέμψαι.

399 1893 550 1949 ³12
583 1893 754 1948 Pera.
786 1891 1204 1963 Nunquidnam
1238 1891 1402 1948 valde
1433 1908 1606 1964 grave
1633 1908 1760 1949 esse
1789 1893 1972 1948 credi-

2155 1895 2247 1950 81
2267 1897 2302 1949 1
2339 1889 2779 1967 ΙΙΕΤΡ.Σφόδρα
2805 1889 3004 1947 λοιπὸν
3043 1891 3178 1967 βαρὺ
3210 1892 3348 1947 εἶναι
3378 1890 3736 1965 πιστεύομεν,

305 1998 474 2049 mus,
513 1982 563 2037 si
605 1981 854 2038 fortasse
895 1980 1132 2037 cuilibet
1179 1982 1266 2052 (a)
1315 1983 1632 2053 exagitanti
1669 1982 1974 2039 iracundia

301 2071 512 2128 maled
525 2072 750 2127 icamus
769 2070 798 2125 ‘I

387 2160 657 2216 Gnaeos.
689 2159 771 2216 De
809 2159 919 2214 boc
952 2163 1186 2231 peccato
1216 2177 1323 2216 cur
1349 2177 1440 2216 me
1470 2161 1868 2234 percunctaris
1898 2177 1970 2217 an

293 2268 494 2326 grave
528 2253 626 2319 sit,
652 2268 788 2307 cum
812 2248 1028 2306 Paulus
1053 2250 1205 2307 dicat
1228 2267 1241 2306 :
1265 2251 1447 2324 Neque
1465 2251 1730 2309 maledici
1744 2268 1973 2324 regnum

290 2342 412 2397 Dei
437 2341 798 2413 possidebunt
825 2341 885 2409 ,(1
914 2341 1036 2397 Cor.
1068 2356 1148 2410 v1,
1182 2340 1270 2413 10)
1291 2341 1319 2395 ‘I
1355 2341 1542 2397 Pensa
1563 2343 1763 2413 itaque
1793 2358 1971 2413 quam

288 2432 514 2507 gravis
546 2431 722 2504 culpa
750 2439 860 2498 est,
890 2447 1016 2502 qua
1045 2437 1279 2503 separat
1299 2448 1334 2488 a
1363 2447 1542 2503 regno
1570 2432 1716 2486 ritas.

373 2615 565 2668 Ρετιι.
598 2610 746 2677 Quid
780 2610 831 2666 si
864 2610 1039 2666 homo
1075 2625 1188 2665 non
1225 2610 1470 2667 fortasse
1500 2618 1568 2666 ex
1599 2609 1846 2680 malitia,
1869 2610 1974 2668 sed

291 2719 380 2760 ex
415 2702 644 2773 lingua
673 2701 922 2769 incuria,
953 2699 1380 2757 maledictionis
1409 2701 1650 2758 verbum
1676 2699 1976 2772 jaculatur

286 2794 364 2848 in
409 2790 754 2864 proximum
779 2790 808 2845 ?

386 2880 660 2936 Gnaeos.
693 2879 750 2936 Si
783 2878 944 2952 apud
973 2879 1300 2936 districtum
1329 2880 1795 2950 judicem,Petre,
1828 2880 1973 2936 otio-

292 2987 422 3029 sus
455 2985 657 3025 sermo
679 2967 1147 3040 reprehenditur,
1173 2975 1392 3040 quanto
1424 2969 1613 3042 magis
1643 2973 1699 3026 et
1729 2969 1976 3026 noxius?

293 3061 520 3118 Penee.
549 3075 683 3130 ergo
731 3062 1016 3130 quantum
1048 3057 1125 3114 sit
1171 3057 1520 3114 damnabilis
1550 3059 1711 3131 quia
1751 3059 1977 3115 malitia

289 3167 432 3208 non
467 3153 663 3217 vacat,
694 3148 742 3203 si
794 3162 849 3204 et
895 3147 993 3204 ille
1041 3163 1232 3204 sermo
1263 3147 1509 3220 pmnalis
1541 3153 1651 3218 est,
1683 3150 1777 3220 qui
1810 3166 1844 3205 a
1881 3149 1978 3206 bo-

287 3241 511 3296 nitate
545 3237 814 3293 utilitatis
843 3240 1026 3292 vacat.

381 3327 570 3382 Pm.
610 3323 902 3380 Assentio.

383 3413 658 3470 Gazaca.
690 3411 848 3467 Idem
880 3410 966 3466 vir
996 3409 1091 3468 Dei
1125 3410 1241 3484 egit
1270 3411 1452 3479 aliud,
1485 3414 1640 3484 quod
1672 3413 1831 3471 sileri
1857 3431 1969 3471 non

289 3504 561 3559 debeat.
583 3500 726 3556 Cum
749 3501 905 3556 enim
930 3517 1141 3572 magna
1169 3501 1297 3572 ejus
1323 3501 1518 3573 Opinio
1540 3500 1711 3574 longe
1742 3503 1972 3576 lateque

291 3591 989 3662 crebresceret,quidam
1013 3590 1297 3646 diaconus
1317 3590 1487 3664 longe
1509 3592 1735 3663 positus
1754 3594 1824 3648 ad
1838 3611 1970 3650 eum

291 3696 567 3754 pergere
588 3680 1037 3749 stnduit,uteius
1057 3695 1120 3735 se
1141 3679 1500 3736 orationibus
1513 3683 1968 3741 commendaret.

290 3772 422 3837 Qui
448 3770 531 3824 ad
554 3771 678 3840 ejus
697 3769 972 3825 cellulam
999 3770 1497 3839 veniens,omnem
1519 3770 1705 3827 locum
1730 3789 1832 3845 per
1855 3773 1970 3830 cir-

289 3857 1502 3930 cuituminvenitinnumerisserpentibus
1535 3859 1972 3932 plenum.Cum-

293 3965 434 4022 qne
459 3946 839 4003 vehementer
869 3946 1742 4020 expavisset,clamavit,dicens
1767 3967 1781 4006 :
1805 3951 1971 4008 Serve

293 4039 446 4106 Dei,
473 4037 742 4092 ora.Erat.
771 4045 965 4093 autem
999 4042 1138 4093 tunc
1171 4037 1320 4092 mira
1349 4038 1652 4096 serenitas.
1686 4040 1970 4112 Egressus

292 4144 454 4182 vero
493 4125 838 4195 Florentius,
868 4126 942 4182 ad
972 4127 1183 4182 cmlum
1214 4128 1413 4184 oculos
1444 4132 1503 4183 et
1534 4127 1760 4200 palmas
1783 4134 1970 4186 teten-

298 4217 513 4281 dit,ut
543 4215 698 4270 illam
734 4222 980 4288 pestem,
1012 4216 1164 4271 sicut
1189 4215 1363 4272 sciret
1383 4215 1970 4286 Dominus,auferret.

297 4305 406 4362 Ad
437 4304 616 4374 cuius
647 4321 842 4361 vocem
877 4304 1070 4360 subito
1101 4303 1309 4361 coelum
1334 4307 1786 4380 intonuit,atque
1816 4308 1970 4364 idem

297 4394 580 4451 tonitrus
601 4411 802 4450 omnes
831 4393 1092 4465 illos,qui
1122 4395 1396 4450 eumdem
1427 4393 1618 4452 locum
1649 4412 1970 4470 occupave-

301 4488 483 4549 rant.
518 4488 821 4556 serpentes
860 4482 1175 4540 interemit.
1227 4486 1384 4551 Quos
1429 4500 1566 4542 cum
1596 4485 1683 4542 vir
1713 4487 1812 4542 Dei
1843 4487 1972 4544 Flo-

309 4574 556 4632 rentius
577 4573 960 4647 interemptos
991 4573 1444 4646 aspiceret,dixit
1469 4591 1482 4628 :
1505 4575 1650 4631 Ecce
1673 4575 1804 4633 illos
1824 4577 1974 4633 occi-

2080 1981 2168 2037 ἐὰν
2201 1980 2475 2042 πολλάκις
2514 1982 2617 2037 ὑπό
2647 2001 2797 2044 τινος
2823 1986 2903 2054 τῷ
2933 1985 3092 2054 θυμῷ
3135 1981 3499 2052 σαλευθὲντες,
3536 1986 3729 2038 τοῦτον

2079 2072 2414 2147 καταρασώμ
2425 2082 2518 2135 εθα
2543 2089 2556 2139 ;

2150 2160 2278 2216 ΓΡΗ
2289 2165 2436 2218 ΓΟΡ.
2453 2162 2582 2233 Περί
2611 2163 2706 2214 τοῦ
2730 2160 3121 2233 ἁμαρτήματος
3141 2159 3335 2214 τούτου
3355 2157 3407 2213 τί
3431 2179 3500 2232 με
3522 2160 3735 2232 Emptu-

2079 2250 2176 2321 τᾷς
2207 2249 2296 2305 ἐὰν
2333 2249 2469 2326 βαρὺ
2502 2251 2746 2329 ὑπάρχῃ,
2781 2250 2980 2304 ὁπόταν
3029 2250 3244 2310 Παῦλος
3276 2247 3438 2327 λέγῃ,
3471 2249 3553 2304 ὅτι
3607 2247 3731 2304 λοί-

2082 2338 2236 2416 δοροι
2263 2339 2542 2416 βασιλείαν
2577 2345 2712 2396 Θεοῦ
2743 2341 2804 2396 οὑ
2839 2339 3361 2416 κληρονομήσουσις
3386 2343 3729 2412 Κατανοήσον

2084 2427 2176 2485 οὖν
2204 2431 2295 2486 καὶ
2329 2429 2430 2495 ίδε,
2465 2431 2656 2486 ὁποῖον
2693 2431 2828 2506 βαρὺ
2861 2430 3162 2504 ἁμάρτημα
3212 2429 3471 2506 ὑπάρχει,
3511 2431 3596 2485 ὅτι
3632 2429 3731 2498 τὴν

2081 2518 2460 2593 κληρονομίαν
2485 2526 2588 2589 τῆς
2613 2523 2710 2574 τοῦ
2743 2517 2876 2574 Θεοῦ
2911 2517 3194 2593 βασιλείας
3225 2518 3533 2592 ἀποστερεῖ.

2155 2612 2362 2677 ΙΙΕΤΡ,
2395 2610 2463 2668 Τί
2495 2606 2552 2665 δὶ
2583 2609 2671 2665 ἐὰν
2704 2607 2989 2685 ἅνθρωπος
3020 2609 3150 2684 ούχὶ
3177 2606 3352 2664 ἓνεκὲν
3379 2607 3732 2677 κακίας,ἀλλ’

2080 2697 2140 2754 lx
2157 2703 2257 2764 τῆς
2279 2700 2526 2775 ἀπειρίας
2545 2706 2644 2769 τῆς
2663 2698 2921 2775 γλώσσης
2946 2698 3112 2775 λόγον
3141 2698 3374 2774 κατάρας
3394 2703 3474 2772 τῷ
3494 2695 3730 2769 πλησίον

2082 2785 2380 2862 ἐπιπέμπει
2406 2807 2421 2856 ;

2154 2879 2580 2936 ΓΡΙΙΓΟΡ.Ἐάν
2601 2876 2687 2934 ἐπὶ
2719 2881 2816 2934 τοῦ
2838 2882 3066 2955 φρικτοῦ
3087 2874 3365 2946 δικαστοῦ,
3380 2880 3569 2952 Πέτρε,
3585 2878 3613 2932 ὁ
3634 2876 3731 2953 ἂρ-

2082 2967 2178 3045 γὸς
2212 2966 2380 3042 λόγος
2419 2967 2820 3044 κατακρίνεται,
2852 2967 3006 3040 πόσῳ
3030 2966 3243 3042 μᾶλλον
3264 2969 3292 3022 ὁ
3319 2967 3598 3036 ὑπαίτιοςς
3624 2973 3732 3022 Κα-

2082 3057 2352 3126 τανόησον
2385 3055 2478 3110 οῦν
2509 3058 2686 3127 πόσης
2717 3055 2859 3111 ἐστὶν
2889 3054 3037 3124 ἄξιος
3067 3057 3456 3132 κατακρίσεως,
3489 3055 3638 3120 ὅστις
3671 3058 3736 3112 ’ἐκ

2083 3151 2182 3214 τῆς
2210 3145 2402 3206 κακίας
2443 3143 2546 3200 ούκ
2576 3145 2754 3219 ἀργεῖ,
2786 3143 2932 3199 ἄλλά
2959 3143 3049 3198 καὶ
3079 3143 3282 3220 λόγους
3316 3144 3733 3218 βασανιστικοὺς

2083 3234 2391 3312 προφὲρων,
2423 3233 2484 3288 ἐκ
2507 3241 2608 3303 τῆς
2639 3231 2868 3303 δεούσης
2908 3231 3260 3308 ἀγαθωσύνης
3293 3233 3491 3308 ἀργῶν.

2157 3329 2354 3384 ΠΕΤΡ.
2384 3330 2585 3383 Συνιῶ.

2152 3416 2443 3472 I‘PHI‘OP.
2457 3416 2516 3472 Ὁ
2537 3414 2699 3478 αὐτὸς
2716 3418 2814 3469 τοῦ
2835 3417 2970 3470 Θεοῦ
2992 3411 3275 3488 ἄνθρωπος
3294 3413 3480 3488 ’ἕτερον
3501 3432 3727 3488 πραγμα

2079 3503 2398 3574 πεποίηκεν,
2415 3503 2547 3579 ὅπερ
2571 3509 2914 3574 σιωπηθῆναι
2936 3502 3038 3557 ούκ
3057 3497 3199 3558 ἔστιν
3223 3500 3509 3579 ἁρμόδιον·
3525 3504 3610 3559 Ἐν
3626 3502 3728 3578 γὰρ

2077 3598 2156 3665 τῷ
2184 3597 2470 3668 πανταχοῦ
2501 3589 2817 3658 διαδοθῆναι
2845 3593 2946 3660 τήν
2973 3592 3096 3666 περὶ
3117 3591 3280 3647 αὐτοῦ
3302 3594 3516 3671 φήμην,
3543 3588 3730 3646 διάκο-

2079 3681 2172 3746 νός
2199 3703 2282 3744 τις
2316 3681 2375 3736 ἐκ
2407 3683 2618 3754 μήκους
2649 3680 2814 3737 αὐτοῦ
2844 3682 2943 3750 τὴν
2977 3679 3194 3749 οἷ’κησιν
3226 3675 3573 3757 ἔχων,ὥρισε
3594 3680 3735 3753 πρὸς

2081 3771 2242 3826 αὐτὸν
2276 3769 2656 3836 ἀπελθεῖν,καὶ
2688 3771 2877 3826 ἑαυτὸν
2909 3775 3029 3832 ταῖς
3059 3768 3260 3825 ἐκείνου
3284 3769 3472 3845 εὐχαῖς
3498 3769 3747 3845 παραθέ-

2081 3862 2224 3920 σθαι.
2265 3861 2710 3935 Παραγενόμενος
2745 3857 2802 3914 δὲ
2833 3857 2953 3933 εὗρε
2980 3858 3131 3933 πέριξ
3161 3861 3260 3914 τοῦ
3303 3857 3532 3914 κελλίου
3563 3856 3730 3913 αὐτοῦ

2081 3950 2249 4004 πάντα
2278 3951 2448 4005 τόπον
2479 3948 2802 4024 ἀμετρήτων
2826 3943 3002 4026 ὄφεων
3023 3948 3276 4024 γέμοντα.
3311 3948 3537 4010 Ἐκστὰς
3563 3943 3618 4002 δὶ
3641 3946 3731 4002 ἐπὶ

2079 4039 2276 4112 τούτῳ,
2301 4034 2506 4115 ἔκραεε,
2539 4036 2740 4114 λέγων·
2774 4043 2949 4093 Δοῦλε
2976 4043 3073 4093 τοῦ
3103 4041 3258 4109 Θεοῦ,
3289 4035 3458 4108 εὖξαι.
3488 4038 3733 4114 Ὑπῆοχε

2082 4127 2139 4185 δὲ
2171 4129 2295 4184 τότε
2326 4129 2461 4185 κατά
2492 4129 2782 4205 συγκυρίαν
2813 4129 3097 4202 θαυμαστὴ
3132 4125 3298 4186 εύδία,
3325 4123 3589 4196 Ἐξελθὼν
3615 4123 3671 4180 δὲ
3705 4125 3735 4179 ὁ

2082 4215 2413 4292 Φλορέντιος
2444 4215 2568 4280 τοὺς
2598 4215 2915 4294 ὀφθαλμοὺς
2945 4216 3036 4272 καὶ
3066 4217 3162 4278 τὰς
3183 4215 3439 4289 παλάμας
3462 4215 3536 4277 είς
3569 4213 3732 4289 ούρα-

2081 4308 2169 4363 νὸν
2205 4305 2530 4377 διεπέτασεν,
2565 4309 2642 4380 (d)
2675 4308 2824 4370 ὅπως
2852 4309 2950 4378 τὴν
2983 4307 3167 4380 λύμην
3199 4305 3514 4378 ίκείνην,ὡς
3540 4301 3673 4360 εἶδεν
3699 4306 3727 4361 ὁ

2079 4398 2287 4474 κύριος,
2319 4396 2730 4473 παρεπάρῃ.Ἐν
2764 4394 2822 4452 δε
2847 4399 2917 4471 τῇ
2947 4395 3114 4452 αὐτοῦ
3144 4393 3326 4466 δεήσει
3356 4394 3545 4472 αἴφνης
3579 4395 3606 4449 ὁ
3630 4393 3729 4448 ού-

2082 4488 2240 4563 ρανὸς
2256 4483 2600 4562 ἐϐρόντησεν.
2615 4485 2760 4556 Αύτή
2779 4484 2882 4555 δέἡ
2901 4486 3101 4562 βροντή
3125 4486 3326 4546 πάντας
3347 4483 3474 4544 τοὺς
3489 4485 3564 4556 (e)
3577 4481 3727 4558 ὄφεις

2080 4575 2206 4638 τοὺς
2232 4573 2434 4630 ἐκεῖνον
2463 4577 2555 4630 τὸν
2587 4574 2752 4630 τόπον
2781 4570 3214 4647 ἐπιλαϐομένους
3246 4571 3546 4650 ἐφόνευσεν.
3579 4571 3640 4628 Ὀ
3673 4568 3732 4625 δὶ

313 4664 494 4730 disti,
515 4662 780 4732 Domine,
801 4665 933 4735 quis
963 4679 1064 4720 eos
1094 4663 1228 4720 hinc
1258 4662 1452 4722 levat?
1477 4664 1721 4737 Moxque
1742 4667 1813 4722 ad
1845 4668 1972 4739 ejus

2085 4669 2174 4722 τοῦ
2202 4670 2334 4722 Θεοῦ
2355 4664 2637 4741 ἅνθρωπος
2661 4665 2994 4741 Φλορέντιος
3024 4664 3247 4724 τούτους
3277 4661 3528 4726 θανόντας
3550 4662 3728 4736 ἑωρα-

307 4767 530 4810 vocem
564 4758 732 4808 tanta
761 4767 896 4808 aves
926 4751 1436 4824 venerunt,quanti
1468 4757 1766 4823 serpentes
1795 4755 1972 4812 occisi

315 4843 564 4898 fuerant
590 4857 605 4896 :
635 4857 762 4912 quo
793 4845 1155 4912 asportantes
1185 4840 1472 4914 singulos,
1497 4845 1552 4897 et
1581 4841 1811 4913 longius
1840 4861 1971 4916 pro-

303 4933 614 5004 jiciantes,
646 4929 838 4986 locum
880 4929 1253 4987 habitationis
1285 4929 1448 4987 illius
1487 4933 1771 4989 mundum
1799 4951 1832 4990 a
1861 4951 1975 4992 ser-

318 5020 603 5093 pentibus
631 5020 972 5077 omnimodo
1003 5019 1402 5076 reddiderunt.

395 5204 574 5258 Prra.
607 5202 756 5267 Quid
791 5201 1042 5275 virtutis,
1062 5199 1202 5275 quid
1242 5199 1422 5258 fuisse
1461 5200 1654 5258 meriti
1694 5201 1968 5272 dicimus,

395 5381 742 5464 (aLExcusi,
762 5381 1297 5440 contradicentibus
1327 5380 1490 5451 Mss.,
1513 5382 1826 5454 exagitante
1856 5385 1969 5442 ira-

321 5451 554 5510 cndia.
726 5451 731 5452 ί

395 5524 476 5601 (δ)
506 5523 636 5601 Μαι,
667 5526 972 5601 γεγονότες-

399 5595 473 5672 (c)
505 5595 639 5673 Μεο,
673 5595 750 5662 ξιξ
776 5599 866 5654 τὸν
900 5598 1138 5656 ἐκείνων.

2081 4756 2213 4827 κὼς,
2249 4755 2414 4812 εἶπεν·
2446 4752 2605 4824 Ἰδοὺ,
2639 4753 2812 4830 κύριε,
2842 4751 3070 4816 τούτους
3102 4750 3508 4831 ἰφόνευσας,τίς
3531 4748 3727 4815 αὖτοὺς

2083 4844 2226 4902 ἔνθεν
2259 4844 2468 4922 ἐπάρῃ;
2500 4843 2706 4904 Εύθὲως
2757 4841 2814 4898 δὲ
2854 4841 2906 4898 ἐν
2959 4847 3028 4916 τῇ
3088 4839 3253 4896 αὐτοῦ
3286 4844 3464 4918 φωνῇ,
3496 4843 3728 4897 τοσαῦτα

2083 4931 2238 5013 ὄρνεα
2267 4933 2591 5005 ἧλθον,ὅσοι
2615 4930 2766 5007 ὄφεις
2798 4933 3192 5012 πεφονευμένοι
3222 4929 3497 5011 ὑπῆρχον⁸
3523 4930 3616 4994 οὓς
3637 4929 3727 4986 καὶ

2085 5023 2444 5100 βαστάσαντες
2480 5025 2716 5096 μήκοθεν
2748 5017 2996 5099 ἔρριψαν,
3025 5024 3127 5093 τήν
3177 5019 3234 5077 δὲ
3279 5020 3596 5093 κατοίκησιν
3629 5023 3728 5077 τοῦ

2078 5111 2251 5168 τόπου
2283 5110 2485 5166 ἐκείνου
2513 5111 2751 5185 καθαρὰν
2775 5108 3080 5164 παντάπασι
3111 5107 3396 5180 πεποίηκε.

2155 5201 2540 5270 ΠΕΤΡ.ΙΙόσης
2553 5196 2835 5274 δυνάμεως
2857 5199 2948 5256 καὶ
2970 5195 3325 5270 δικαιοσύνης
3352 5195 3618 5274 ύπάρχειν
3641 5195 3730 5253 a6-

2148 5384 2226 5458 (d)
2251 5383 2314 5440 In
2344 5381 2634 5457 Vulgatis,
2667 5379 2815 5445 ὅπως
2844 5382 2936 5438 τὸν
2967 5376 3134 5454 λίμον
3163 5377 3388 5449 ὶκεῖνον,
3423 5378 3727 5437 manifesto

2079 5471 2297 5514 errore.

2150 5528 2223 5602 (ϐ)
2256 5527 2390 5598 M8.,
2421 5521 2574 5610 ὄφεις
2608 5526 2842 5589 ἰκείνους
2872 5525 2998 5589 τοὺς
3022 5526 3113 5583 τὸν
3137 5525 3325 5584 τόπον.
