4210 6160
232 412 350 474 269
1464 412 1856 476 DIALOGOR
1871 411 1984 476 UM
2034 411 2258 472 LIBER
2309 410 2417 471 Ili.
3530 409 3650 473 270

234 551 626 606 Veronensem
644 548 794 605 825
813 547 1018 603 urbem
1041 547 1250 604 ﬂuvius
1269 547 1500 603 Athesis
1519 561 1884 618 excrescens,
1916 602 1924 617 γ

2043 543 2216 605 ύλεως
2248 542 2310 598 τὸ
2327 541 2474 614 ὓδωρ
2492 541 2806 612 ἐπικλύσαι,
2821 540 2938 598 ὅθεν
2966 539 3058 597 καί
3073 540 3366 607 πλείστους
3387 542 3654 620 ῥεγεῶνας

230 639 302 694 ad
318 639 467 693 beati
479 639 727 692 Zenonis
739 638 1102 707 (a)martyris
1115 643 1285 705 atque
1301 638 1894 707 pontiﬁcisecclesiam

229 727 406 784 venit.
439 727 618 795 Cujus
635 727 891 782 ecclesiae
909 727 1049 782 dum
1072 729 1476 797 essentjanuaa
1500 737 1888 800 apertae,aqua

233 819 294 872 in
313 833 443 872 eam
472 815 712 871 minime
735 815 994 870 intravit.
1019 815 1154 879 Quae
1178 816 1470 887 paulisper
1489 834 1777 884 crescens,
1800 835 1890 873 us—

236 923 351 979 que
371 908 440 961 ad
462 906 749 961 fenestras
769 905 1048 973 ecclesia,
1065 923 1194 978 quae
1217 913 1382 961 erant
1403 906 1571 962 tectis
1595 907 1890 979 proximae,

236 997 505 1067 pervenit
525 997 754 1064 ;sicque
775 1000 938 1050 stans
952 1011 1099 1066 aqua
1122 995 1643 1066 Ecclesizejanuam
1659 997 1891 1065 clausit,

235 1101 301 1141 ac
315 1085 367 1139 si
381 1084 531 1138 illud
546 1083 898 1138 elementum
917 1082 1202 1154 liquidum
1217 1083 1277 1139 in
1292 1083 1642 1141 soliditatem
1662 1087 1896 1156 parietis

235 1175 455 1230 fuisset
471 1176 777 1228 mutatum.
803 1171 1067 1244 Cumque
1086 1181 1278 1228 essent
1304 1173 1477 1228 multi
1508 1173 1726 1230 inventi
1744 1176 1892 1232 inte-

233 1265 382 1328 rius,
415 1262 520 1316 sed
553 1265 614 1316 et
640 1275 928 1332 aquarum
953 1261 1028 1332 (b)
1052 1259 1432 1316 multitudine
1460 1264 1620 1317 omni
1651 1263 1897 1320 ecclesia

232 1351 627 1417 circumdata,
645 1365 758 1420 qua
773 1357 1010 1420 possent
1030 1350 1224 1421 egredi
1239 1367 1354 1405 non
1377 1350 1897 1424 haberent,|ibique

233 1455 293 1496 se
323 1439 428 1495 siti
462 1455 533 1494 ac
559 1438 712 1494 fame
731 1437 980 1494 deﬁcere
1006 1437 1405 1504 formidarent,
1439 1440 1510 1494 ad
1541 1439 1896 1512 ecclesieja-

233 1545 421 1585 unam
466 1527 801 1592 veniebant,
831 1527 905 1581 ad
930 1527 1252 1582 bibendum
1285 1527 1632 1584 hauriebant
1661 1546 1898 1601 aquam,

233 1635 390 1690 quae,
428 1621 494 1672 ut
516 1615 778 1687 praedixi,
811 1632 1001 1687 usque
1031 1617 1099 1671 ad
1134 1617 1417 1673 fenestras
1457 1629 1810 1686 excreverat,
1842 1625 1900 1676 et

236 1713 440 1763 tamen
460 1707 618 1762 intra
629 1704 932 1762 ecclesiam
957 1704 1117 1760 nullo
1132 1707 1303 1760 modo
1317 1705 1643 1764 diffluebat.
1671 1709 1898 1764 Hauriri

235 1797 445 1867 itaque
465 1799 533 1849 ut
553 1810 705 1866 aqua
723 1798 969 1864 poterat,
995 1794 1098 1849 sed
1120 1793 1395 1850 ditﬂuere
1415 1799 1478 1850 ut
1494 1811 1648 1867 aqua
1666 1813 1778 1851 non
1805 1814 1902 1868 po-

239 1893 412 1940 terat.
444 1883 624 1940 Stans
651 1888 842 1938 autem
886 1886 1019 1938 ante
1058 1882 1301 1953 januam
1357 1883 1430 1939 ad
1472 1886 1898 1943 ostendendum

1933 1931 1982 1995 B

2000 637 2074 707 (α)
2088 633 2140 688 ἐν
2165 632 2298 702 αύτῆ
2314 627 2882 698 ἐπελάϐετο.Τότερῦν
2903 631 2992 686 καὶ
3011 629 3062 686 ἐν
3077 633 3292 707 Βερώνῃ
3305 640 3370 703 τῆ
3389 636 3543 692 ³26
3558 635 3652 690 πό.

2001 719 2086 777 λει
2116 721 2389 782 Ὁσάτεσις
2419 721 2668 792 ποταμὸς
2699 720 3056 795 ὑπερηύξησε,
3075 720 3168 776 καὶ
3199 721 3277 783 εἷς
3305 723 3404 791 τήν
3420 727 3519 778 τοῦ
3542 744 3650 797 μα·

2002 813 2191 886 καρίου
2205 811 2452 880 Ζήνωνος
2472 807 2763 878 ἐκκλησίαν
2782 814 2878 864 τοῦ
2896 811 3240 886 πατριάρχου
3259 811 3349 866 καὶ
3376 811 3647 887 μάρτυρος

2002 897 2349 980 generos.va
2375 899 2430 955 δὲ
2454 903 2629 974 θυρῶν
2658 905 2757 966 τῆς
2780 900 2946 969 αὐτῆς
2967 900 3265 972 ἒκκλησίας
3295 899 3648 977 ἀνεῳγμένων

2004 993 2196 1058 οὐσῶν,
2221 992 2281 1046 τὸ
2295 989 2441 1063 ὕδωρ
2465 987 2720 1063 οὐδαμῶς
2742 990 2795 1044 ἐν
2819 991 2954 1060 αξιτῆ
2979 990 3219 1060 εἰσῆλθε.
3239 994 3357 1046 Κατ’
3383 989 3573 1067 ὀλίγον
3589 989 3648 1047 δὶ

2002 1081 2246 1152 αύξάνον,
2265 1082 2554 1155 μὲχριτῶν
2571 1076 2894 1154 (ωθυρίδων
2917 1078 3165 1148 ἆνῆλθεν.
3191 1077 3388 1142 αἶ’τινες
3406 1078 3645 1151 πλησίον

2001 1175 2098 1227 τοῦ
2129 1171 2370 1246 κεράμου
2404 1169 2678 1244 ὑπῆρχον,
2705 1166 2874 1222 οὕτων
2909 1167 3002 1223 οῦν
3036 1169 3247 1233 ύψωθὲν
3273 1170 3337 1225 τὸ
3357 1167 3526 1244 ὕδωρ,
3546 1172 3649 1240 τὴν

2008 1260 2171 1334 θύραν
2201 1266 2298 1328 τῆς
2321 1256 2610 1327 ἐκκλησίας
2630 1255 2919 1336 ἡσφοὶλισε·
2937 1257 3027 1312 καὶ
3049 1257 3286 1332 καθάπερ
3309 1259 3521 1334 στερεὸν
3542 1263 3653 1314 τεῖ-

2009 1368 2110 1425 χος
2144 1343 2550 1421 μεταϐληθεῖσα
2579 1348 2614 1415 ἡ
2648 1346 2781 1421 ὑγρὰ
2825 1347 2914 1401 καὶ
2959 1343 3328 1420 διαλελυμένη
3362 1349 3519 1427 φύσις
3555 1352 3654 1402 τοῦ

2010 1439 2311 1513 στοιχείου,
2337 1435 2510 1498 οὕτως
2533 1434 2744 1493 ἵστατο.
2763 1433 3002 1492 Ηαλλῶν
3027 1433 3084 1491 δὲ
3111 1437 3238 1493 τότε
3267 1435 3418 1494 ἔνδον
3443 1445 3543 1508 τῆς
3564 1436 3660 1492 ἐκ·-

2007 1527 2240 1598 κλησίας
2272 1521 2721 1601 εὑρεθὲντων,διᾶ
2748 1527 2812 1580 τὸ
2841 1529 3190 1595 κυκλωθῆναι
3219 1526 3390 1597 αὐτὴν
3423 1526 3528 1582 ὑπὸ
3548 1525 3678 1582 τῶν

2014 1614 2248 1684 ὑδάτων,
2263 1615 2402 1688 (ι’)τὸ
2431 1614 2589 1668 πόθεν
2609 1611 2840 1684 ἐξελθεῖν
2856 1612 2955 1668 οῦκ
2983 1614 3154 1690 εἶχον.
3182 1610 3352 1688 Φόϐῳ
3374 1612 3432 1670 δὲ
3451 1615 3536 1671 καὶ
3554 1613 3666 1670 δει-

2016 1704 2112 1778 λίᾳ
2123 1705 2456 1779 συνείχοντο,
2477 1705 2675 1776 μήπως
2687 1710 2751 1772 τῆ
2769 1703 2926 1777 πείνη
2941 1704 3032 1759 καὶ
3054 1711 3121 1774 τῆ
3148 1701 3293 1779 δίψει
3315 1705 3664 1780 ἐκλείψωσιν.

2007 1796 2105 1856 Εἰς
2139 1792 2229 1848 οῦν
2261 1795 2361 1861 τὴν
2391 1793 2553 1868 θύραν
2586 1799 2684 1861 τῆς
2733 1792 3034 1862 ἐκκλησίας
3066 1791 3380 1870 ἐρχόμενοι,
3410 1795 3550 1870 πρὸς
3604 1795 3667 1850 τὸ

2008 1889 2154 1940 πιεῖν
2187 1879 2333 1955 ὕδωρ
2367 1877 2701 1954 ἐλάμϐανον,
2734 1882 2890 1956 ὅπερ,
2922 1882 2995 1944 ὡς
3027 1888 3314 1956 προεῖπον,
3347 1883 3516 1963 μέχρι
3563 1888 3671 1938 τῶν

243 1972 483 2030 cunctis
497 1973 768 2027 meritum
787 1971 1058 2043 martyris
1073 1976 1298 2043 utaqua
1310 1979 1434 2028 erat
1447 1974 1516 2028 ad
1533 1975 1602 2029 ad
1604 1975 1905 2045 jutorium,

2040 1969 2253 2047 θυρίδων
2291 1971 2510 2044 ὑψώθη,
2542 1967 2691 2025 ἔνδον
2721 1967 2779 2025 δὲ
2807 1976 2910 2039 τῆς
2939 1970 3236 2040 ἐκκλησίας
3264 1969 3526 2046 οὐδαμῶς
3549 1971 3674 2028 ἐπέ-

240 2068 306 2119 et
336 2061 508 2134 quasi
534 2076 693 2132 aqua
713 2075 828 2115 non
846 2068 970 2114 erat
985 2060 1056 2114 ad
1083 2060 1479 2116 invadendum
1503 2061 1720 2119 locum.
1744 2064 1906 2129 Quod

240 2167 357 2224 ego
387 2149 637 2222 antiquo
667 2148 949 2204 antedicti
981 2147 1137 2221 ignis
1179 2149 1464 2205 miraculo
1500 2165 1634 2206 vere
1675 2153 1909 2221 pradixi

243 2256 370 2296 non
403 2239 586 2294 fuisse
613 2238 920 2306 dissimile,
952 2238 1048 2310 qui
1080 2238 1260 2294 trium
1292 2255 1608 2310 puerorum
1645 2244 1700 2295 et
1728 2240 1911 2296 vesti-

243 2335 456 2386 menta
488 2344 604 2382 non
637 2327 904 2399 contigit,
933 2332 991 2382 et
1017 2327 1254 2382 vincula
1285 2327 1565 2385 incendit.

2017 2059 2204 2129 κλυζε·
2220 2060 2308 2114 καὶ
2335 2061 2410 2121 ὡς
2436 2059 2532 2132 μὲν
2555 2055 2703 2134 ὕδωρ
2725 2058 3060 2129 ἀντληθῆναι
3081 2057 3339 2130 ἠδύνατο,
3355 2062 3430 2126 ὡς
3450 2059 3507 2117 δὲ
3526 2060 3674 2137 ὕδωρ

2019 2147 2313 2205 ἐπικλύσαι
2345 2149 2450 2204 οὐκ
2476 2145 2737 2218 ἠδύνατο.
2759 2149 2976 2205 Ἵστατο
3007 2147 3101 2203 οῦν
3129 2144 3432 2225 ἔμπροσθεν
3453 2153 3561 2205 τῶν
3582 2160 3677 2214 θυ-

2023 2245 2154 2315 ρῶν,
2189 2237 2265 2301 εἶς
2294 2239 2358 2292 τὸ
2388 2233 2648 2306 ἐπιδεῖξαι
2683 2239 2813 2291 πᾶσι
2843 2238 2943 2307 τήν
2971 2233 3318 2308 δικαιοσύνην
3343 2242 3437 2293 τοῦ
3474 2236 3676 2312 μάρτυ-

2026 2349 2138 2404 ρος.
2155 2328 2256 2384 Καὶ
2288 2323 2436 2400 ὕδωρ
2470 2327 2565 2398 μὶν
2589 2326 2727 2400 πρὸς
2745 2325 2808 2380 τὸ
2829 2330 3163 2382 καταπαῦσαι
3189 2327 3290 2396 τήν
3319 2324 3477 2401 δίψαν
3502 2327 3678 2402 ὑπῆρ-

251 2437 353 2493 χε,
384 2416 527 2490 πρὸς
560 2412 622 2469 δὲ
643 2414 708 2468 τὸ
747 2412 996 2478 ἐπελθεῖν
1025 2415 1106 2487 τῷ
1133 2415 1309 2487 τόπῳ,
1343 2411 1489 2489 ὕδωρ
1523 2413 1623 2470 οὐκ
1651 2415 1924 2490 ἧν.”οπερ
1955 2415 2064 2491 ἐγὼ
2092 2421 2170 2489 τῷ
2200 2415 2566 2491 προλεχθέντι
2596 2418 2694 2470 τοῦ
2727 2415 2894 2490 πυρὸς
2923 2414 3141 2495 ἀρχαίῳ
3173 2415 3433 2489 θαύματι,
3454 2413 3678 2485 ἀληθῶς

245 2500 642 2578 ὁπολαμϐάνω
677 2505 752 2577 μή
787 2504 926 2559 εἶναι
957 2504 1238 2577 ἀνόμοιον,
1279 2503 1412 2579 ὅπερ
1448 2509 1558 2560 τῶν
1583 2507 1752 2582 τριῶν
1784 2505 1995 2562 παίδων
2023 2511 2133 2562 τῶν
2166 2506 2262 2579 μὶν
2293 2504 2526 2578 ἱματίων
2561 2504 2670 2580 οὐχ
2697 2505 2904 2579 ἥψατο,
2934 2505 3000 2560 τὰ
3046 2501 3103 2560 δὲ
3151 2502 3324 2578 δεσμᾶ
3360 2504 3678 2564 κατέκαυσε.

325 2598 512 2652 Pa'rn.
555 2595 703 2651 Mira
731 2603 867 2650 sunt
897 2593 1064 2650 valde
1094 2600 1434 2650 sanctorum
1455 2597 1605 2652 facta
1627 2613 1754 2668 quae
1788 2614 1920 2653 nar-

248 2702 382 2750 ras,
412 2689 474 2740 et
505 2683 775 2754 presenti
808 2681 1138 2740 infirmitati
1185 2684 1494 2740 hominum
1543 2685 1919 2743 vehementer

250 2773 577 2846 stupenda.
606 2773 718 2829 Sed
751 2775 886 2843 quia
910 2778 1102 2828 tantos
1125 2789 1313 2845 nuper
1335 2775 1394 2829 in
1428 2773 1594 2829 Italia
1614 2774 1793 2832 fuisse
1814 2792 1921 2831 au-

251 2865 362 2920 dio
398 2861 764 2919 admirandaa
781 2861 1014 2918 virtutis
1042 2862 1219 2932 viros,
1244 2878 1416 2918 nosse
1445 2863 1620 2919 velim
1653 2865 1704 2920 si
1727 2863 1921 2921 nullas

251 2969 372 3010 eos
399 2951 643 3022 contigit
662 2951 889 3022 antiqui
912 2950 1098 3006 hostis
1127 2950 1372 3008 insidias
1395 2952 1727 3022 pertulisse,
1753 2955 1825 3026 to)
1847 2972 1921 3010 an

252 3059 331 3101 ex
369 3040 607 3096 insidiis
635 3039 970 3112 profecisse.

333 3131 605 3187 Gazaca.
631 3129 769 3186 Sine
789 3129 990 3185 labore
1011 3129 1346 3186 certaminis
1359 3146 1473 3185 non
1489 3135 1581 3187 est
1601 3132 1792 3202 palma
1804 3133 1923 3189 vic-

2105 2601 2290 2650 ﬂETP.
2325 2594 2616 2669 Θαυμαστά
2662 2593 2765 2650 είσι
2825 2591 3031 2674 σφόδρα
3060 2594 3127 2649 τὰ
3168 2599 3278 2650 τῶν
3314 2597 3488 2670 ἁγίων
3523 2593 3683 2673 ἔργα,

2031 2685 2165 2759 ἅπερ
2199 2682 2389 2759 διηγῆ,
2423 2684 2514 2738 καὶ
2542 2690 2608 2752 τῆ
2643 2682 2923 2758 προσούσῃ
2957 2682 3203 2755 ἀσθενείᾳ
3229 2688 3337 2738 τῶν
3387 2684 3686 2760 ἀνθρώπων

2030 2773 2171 2828 πάνυ
2199 2771 2504 2843 ἕκπληκτα.
2532 2768 2757 2840 Ἐπειδὴ
2791 2768 2848 2826 δὲ
2877 2770 3081 2840 ἀρτίως
3110 2771 3296 2828 ἀκούω
3321 2772 3616 2834 τοσούτους
3637 2771 3692 2827 ἐν

2029 2866 2099 2928 τῆ
2134 2860 2340 2933 Ἰταλίᾳ
2369 2860 2649 2938 γεγονέναι
2670 2862 2986 2933 θαυμαστῆς
3007 2858 3289 2935 δυνάμεως
3302 2859 3524 2938 ἄνδρας,
3542 2865 3656 2939 γνῶ
3670 2891 3692 2906 ο

2031 2973 2117 3006 ναι
2135 2949 2336 3020 ἤθελον
2359 2950 2446 3006 ἐὰν
2476 2947 2630 3005 οὐδὲν
2658 2950 2848 3010 αὐτοῖς
2879 2949 2940 3005 ἐκ
2966 2955 3075 3006 τῶν
3105 2955 3204 3006 τοῦ
3221 2951 3463 3027 ἀρχαίου
3485 2949 3689 3028 ἐχθροῦ

2032 3038 2258 3115 ἐνέδρων
2286 3034 2503 3110 συνέϐη,
2527 3039 2564 3108 ἢ
2596 3038 2686 3094 καὶ
2719 3037 2808 3093 ἐὰν
2840 3038 2900 3094 ἐκ
2927 3041 3134 3095 τούτων
3169 3042 3500 3115 προέκοψαν.

2102 3132 2392 3188 ΥΡΗΓΟΡ.
2425 3129 2588 3185 Ἀνευ
2620 3129 2832 3203 ἀγῶνος
2859 3127 2958 3182 ούκ
2987 3126 3102 3184 ἔστι
3123 3150 3279 3200 νικης
3299 3132 3367 3203 (j)
3396 3130 3519 3203 βάῖν
3542 3129 3691 3204 ᾆραι.

257 3222 454 3278 toria.
490 3217 654 3275 Unde
682 3235 816 3288 ergo
846 3219 1092 3275 victores
1111 3223 1273 3287 sunt,
1293 3220 1408 3276 nisi
1426 3221 1577 3291 quod
1593 3228 1799 3277 contra
1817 3239 1924 3277 an-

2040 3219 2202 3283 Πόθες
2229 3217 2322 3273 οῦν
2343 3217 2560 3287 νικηταὶ
2583 3214 2992 3292 ἆνεδείχθησαν,
3009 3217 3054 3273 εἰ
3089 3219 3164 3290 μή
3193 3217 3274 3273 ὅτι
3307 3219 3443 3273 κατὰ
3461 3224 3574 3273 τῶν
3594 3223 3694 3275 τοῦ

260 3309 420 3382 tiqui
447 3308 636 3363 hostis
649 3306 1345 3364 insidiasdecertaverunt
1361 3308 1389 3363 ?
1408 3308 1698 3380 Malignus
1714 3311 1924 3382 quippe

2040 3309 2493 3386 ἀρχαίουιέχθροῦ
2519 3309 2940 3383 μηχανημάτων
2962 3307 3220 3382 γενναίως
3240 3307 3698 3383 ἠγωνίσαντο;Τὰ

1954 3357 2001 3422 C

263 3398 523 3472 spiritus
551 3395 909 3470 cogitationi,
956 3395 1259 3462 locutioni,
1310 3405 1484 3470 atque
1531 3398 1688 3470 operi
1734 3403 1924 3455 nostro

2040 3403 2144 3477 γὰρ
2182 3406 2284 3469 τῆς
2314 3397 2576 3472 πονῆρίας
2607 3397 2888 3471 πνεύματα
2911 3404 2977 3468 τῆ
3013 3397 3434 3471 ἐνθυμήσει,καὶ
3456 3403 3573 3461 τοῖς
3597 3397 3699 3454 λόςι

268 3507 518 3564 semper
544 3489 786 3558 insistit,
812 3488 862 3545 si
887 3489 1128 3545 fortasse
1145 3489 1284 3562 quid
1319 3490 1583 3546 inveniat
1603 3493 1758 3547 unde
1777 3493 1932 3564 apud

269 3595 529 3638 examen
550 3578 749 3634 sterni
774 3578 992 3648 judicis
1011 3582 1321 3634 accusator
1340 3577 1572 3635 existat.
1596 3579 1696 3634 Vis
1718 3580 1934 3636 etenim

274 3686 465 3728 nosse
492 3669 795 3742 quomodo
824 3669 894 3724 ad
929 3668 1341 3740 decipiendum
1386 3684 1621 3742 semper
1649 3670 1937 3727 assistat?

927 3849 1168 3907 CAPUT
1209 3849 1332 3907 XX.

281 3943 358 3998 De
381 3941 664 4012 Stephano
690 3937 1018 4012 presbytero
1066 3939 1374 4012 provinciae
1414 3938 1664 4012 Valeria,
1697 3941 1790 3995 cui
1815 3939 1938 3996 dia-

681 4009 837 4065 bolus
866 4009 1076 4081 Caliga:
1105 4026 1135 4067 ο
1162 4011 1316 4067 tibiis
1347 4011 1542 4067 traxit.

356 4121 615 4188 Quidam
642 4119 741 4190 qui
763 4134 919 4175 nunc
951 4118 1255 4174 nobiscum
1287 4123 1427 4174 sunt
1443 4135 1562 4175 rem
1585 4135 1946 4190 quamnarro

281 4216 604 4267 testantur.
619 4209 948 4282 (d)Virvitas
969 4209 1674 4280 venerabilis,Stephanus
1687 4211 1945 4279 nomine,

289 4300 535 4357 Valeriae
558 4299 869 4371 provinciae
888 4299 1195 4371 presbyter
1209 4299 1338 4364 fuit,
1357 4299 1538 4368 hujus
1561 4300 1741 4355 nostri
1761 4300 1832 4370 (ε)
1851 4301 1949 4355 Βο-

285 4387 486 4443 nifacii
503 4386 730 4441 diaconi
747 4393 922 4457 atque
934 4386 1353 4457 dispensatoris
1365 4385 1630 4441 Ecclesia:
1645 4385 1952 4457 agnatione

285 4476 613 4548 proximus.
629 4475 998 4546 Qniquadam
1026 4474 1120 4530 die
1143 4474 1215 4529 de
1233 4473 1444 4530 itinere
1464 4474 1703 4530 domum
1725 4489 1950 4546 regres-

286 4583 414 4635 sus,
463 4563 759 4636 mancipio
803 4580 910 4620 suo
969 4563 1324 4636 negligenter
1372 4562 1615 4632 loquens
1658 4565 1950 4636 praecepit,

286 4656 525 4711 dicens:
557 4653 1288 4723 Veni,diabole,discalcea
1304 4669 1413 4709 me.
1433 4654 1516 4709 Ad
1551 4655 1724 4724 cujus
1753 4670 1953 4710 vocem

2041 3489 2291 3566 γοις,καὶ
2328 3494 2447 3549 τοῖς
2478 3481 2661 3563 ἔργοις
2690 3489 2852 3559 ἡμῶν
2886 3484 3174 3550 διαπαντὸς
3203 3484 3698 3564 ἔνεδρεύουσινοτίνα

2044 3579 2176 3652 ὅπερ
2209 3577 2508 3650 δυνηθῶσιν
2533 3577 2707 3652 εὑρεῖν
2738 3575 2824 3633 ἐπὶ
2850 3584 2918 3647 τῆ
2946 3581 3043 3634 τοῦ
3065 3576 3290 3634 αἰωνίου
3308 3582 3498 3652 κριτοῦ
3520 3576 3711 3651 ἐξετά-’

2046 3692 2124 3728 σει
2160 3671 2613 3745 κατηγορήσωσιν
2641 3671 2801 3743 ἡμῖν.
2828 3669 2931 3726 Καὶ
2962 3668 3008 3725 εἰ
3036 3668 3214 3733 θέλεις
3239 3673 3589 3746 γνῶναι,πῶς
3620 3669 3700 3731 εἰς

2044 3761 2109 3818 τὸ
2138 3760 2412 3829 ἀπατῆσαι
2437 3756 2730 3820 διαπαντὸς
2759 3757 3134 3834 παρίστανται,
3176 3759 3286 3837 ἐγώ
3319 3757 3642 3836 διηγοῦμαι.

2672 3887 2933 3943 ΚΕΦΑΛ.
2987 3886 3070 3942 K'.

2186 3995 2316 4069 Περὶ
2345 3995 2621 4070 Στεφάνου
2651 3987 3020 4068 πρεσϐυτέρου
3049 3993 3241 4070 χώρας
3271 3990 3565 4068 Βαλερίας.

2125 4119 2279 4180 Τινὶς
2310 4113 2368 4172 δὲ
2396 4116 2486 4171 καὶ
2509 4121 2618 4170 τῶν
2635 4118 2747 4171 νυνὲ
2787 4117 2902 4189 μεθ’
2926 4117 3086 4188 ἡμῶν
3109 4111 3281 4172 ὄντων
3314 4115 3559 4187 ἐνταῦθα,
3579 4117 3706 4192 περί

2055 4213 2152 4265 τοῦ
2183 4212 2504 4284 πρᾶγματος
2561 4205 2760 4262 τούτου
2822 4210 3204 4282 μαρτυροῦσιν.
3239 4207 3409 4283 Ἀνήρ
3450 4227 3534 4268 τις
3573 4207 3710 4263 πάνυ

2059 4300 2129 4370 (k)
2149 4298 2249 4366 τήν
2275 4298 2420 4366 ζωὴν
2446 4291 2857 4366 εύλαϐἐστατνς,
2879 4296 3148 4376 Στέφανος
3165 4296 3710 4370 ὀνομαζόμενος,τῆς

2061 4385 2330 4462 Βαλερίας
2369 4386 2558 4462 χώρας
2595 4387 2816 4462 ὑπῆρχε
2845 4380 3229 4460 πρεσϐύτερος,
3261 4384 3456 4442 τούτου
3490 4385 3549 4442 δὲ
3578 4389 3714 4460 ἡμε-

2061 4477 2220 4551 τέρου
2237 4474 2566 4552 Βονιφατίου
2581 4477 2678 4530 τοῦ
2700 4471 2976 4544 διακόνου,
2990 4475 3080 4529 καὶ
3097 4471 3381 4544 διοικητοῦ
3401 4481 3498 4543 τῆς
3512 4473 3680 4545 ἐκκλη
3694 4508 3714 4520 ο

2063 4564 2182 4628 σίας
2208 4564 2345 4618 κατά
2374 4563 2526 4638 γὲνος
2558 4559 2905 4633 ἐπλησίαζεν.
2937 4559 3110 4624 Οὗτος
3155 4560 3208 4617 ἔν
3267 4583 3370 4617 τινι
3425 4561 3608 4637 ἡμέρᾳ
3662 4562 3713 4633 ἐξ

2067 4651 2388 4727 ὁδοιπορίας
2409 4650 2485 4713 είς
2517 4652 2610 4706 τὸν
2630 4651 2780 4706 οἶκον
2803 4651 2967 4705 αὺτοῦ
2999 4649 3375 4722 εἰσελθὼν,τῷ
3394 4647 3717 4725 ἀνδραπόδῳ

289 4761 424 4801 mox
455 4751 762 4816 ceperunt
790 4758 851 4798 se
869 4743 940 4814 (Ι)
970 4742 1283 4813 caligarum
1325 4741 1586 4814 corrigiae
1635 4742 1692 4797 in
1726 4758 1918 4797 summ

2070 4742 2236 4798 αὐτοῦ
2266 4741 2485 4800 ἀκάκως
2517 4741 2793 4814 ἐπέτρεψε,
2827 4738 3022 4814 λέγων’
3046 4738 3230 4806 Ἐλθὶ,
3262 4733 3720 4810 διάϐολε,ὶξυπό-

287 4833 587 4890 velocitate
617 4831 957 4897 dissolvere,
990 4839 1053 4886 ut
1091 4834 1290 4904 aperte
1345 4834 1639 4887 constaret
1688 4831 1843 4903 quod
1895 4832 1948 4887 ei

288 4923 411 4993 ipse
441 4922 546 4995 qui
579 4922 923 4978 nominatus
947 4921 1132 4976 fuerat
1161 4921 1231 4976 ad
1261 4921 1645 4976 extrahendae
1683 4919 1951 4978 diabolus

288 5017 515 5090 caligas
544 5015 859 5072 obedisset.
891 5013 1052 5077 Quod
1086 5029 1221 5070 mox
1248 5017 1316 5070 ut
1345 5014 1647 5086 presbyter
1665 5014 1831 5083 vidit,
1849 5029 1950 5084 ,ve-

365 5144 444 5213 (a)
478 5140 559 5197 De
589 5139 702 5197 hoc
734 5138 1007 5212 martyris
1028 5138 1333 5213 titulojure
1359 5137 1680 5213 dubitatur.
1705 5137 1956 5194 Consule

301 5210 412 5284 prae
425 5210 655 5269 casteria
676 5210 1082 5284 doctissimum
1104 5210 1538 5284 Tillemontium
1572 5212 1628 5264 in
1653 5212 1959 5284 commen-

300 5282 386 5338 ιιι·
409 5286 484 5339 de
519 5284 730 5340 Eccles.
768 5283 1042 5350 Historia,
1065 5291 1207 5338 tom.
1241 5299 1326 5346 ιιι,
1371 5283 1428 5336 ἱιι
1472 5288 1673 5338 sancto
1704 5282 1952 5338 Zenone.

367 5357 445 5428 (ὁ)
481 5356 747 5428 Longip.,
782 5353 908 5428 Yal.
940 5354 1095 5412 cl.et
1115 5353 1883 5428 Compend.,m_agnitudine.

369 5425 443 5498 te)
463 5425 770 5484 Secundus
792 5426 1055 5498 ϐαι-ηομ,
1087 5434 1255 5498 atque
1283 5440 1356 5479 ex
1380 5425 1573 5489 insid.,
1605 5433 1715 5498 etc.

370 5495 456 5568 (cl)
491 5499 728 5570 Longip.
749 5499 936 5554 etduo
957 5495 1205 5569 Theod.,
1229 5500 1501 5552 testantur
1515 5495 1657 5567 quod
1683 5495 1776 5550 vir
1812 5499 1958 5566 vitae,

343 5578 414 5624 tc.

306 5584 446 5766 “is;
473 5641 548 5696 De
579 5656 645 5696 eo
672 5641 733 5697 in
755 5641 1034 5714 epistolis.
1060 5640 1231 5699 Illum
1263 5638 1960 5722 animassesuspicamur,

313 5726 406 5766 aut
449 5712 639 5766 enitar
669 5709 1467 5766 mlasnaConstantinonoltm
1490 5715 1660 5766 emst.
1685 5709 1811 5764 401.
1835 5725 1959 5766 ιιιιι.

313 5714 406 5784 qui
427 5709 639 5784 legitur
669 5709 886 5772 missus
897 5709 1467 5784 Constantinopolim
1490 5709 1754 5784 epist._’40
1773 5709 1811 5784 l_.
1835 5725 1959 5775 ιιιιι,

311 5782 444 5838 olim
479 5781 546 5837 £7
577 5783 617 5838 ι.
649 5800 717 5855 ιι,
751 5789 808 5843 et
835 5789 902 5846 ad
933 5802 1116 5860 quem
1130 5781 1328 5858 plures
1345 5785 1576 5837 exstant
1595 5781 1877 5852 epistola,
1898 5786 1964 5836 ut

2063 4830 2228 4888 λυσόν
2246 4851 2335 4903 με.
2357 4830 2587 4904 Οὖτινος
2599 4835 2667 4899 τῆ
2681 4835 2835 4908 φωνῆ
2863 4834 3208 4904 παραχρῆμα
3227 4824 3460 4903 ἤρξαντο
3483 4828 3575 4906 ἀφ’
3596 4828 3722 4884 ἐαυ-

2060 4926 2168 4977 τῶν
2191 4921 2257 4975 τὰ
2277 4925 2385 4976 τῶν
2407 4910 2674 4993 καλιγίων
2687 4917 2852 4973 αὐτοῦ
2868 4915 3046 4992 λωρία
3071 4916 3207 4992 μετὰ
3229 4915 3450 4987 πολλῆς
3472 4916 3722 4990 σπουδῆς

2062 5008 2305 5066 λύεσθαι.
2341 5010 2500 5064 Ὥστε
2529 5011 2774 5082 φανερῶς
2807 5005 3134 5078 δείκνυσθαι,
3166 5005 3252 5062 ὅτι
3279 5006 3490 5069 ὶκεῖνος
3520 5008 3550 5062 ὁ
3590 5007 3720 5065 ὀνο·-

2063 5155 2134 5195 ex
2163 5137 2360 5192 indice
2390 5134 2703 5191 constabit.

2137 5210 2206 5278 (Γ)
2236 5208 2452 5279 Caliga:
2487 5208 2764 5264 dicuntur
2792 5209 2913 5262 tam
2946 5206 3017 5262 de
3064 5205 3297 5276 calceis,
3327 5223 3506 5279 quam
3547 5207 3618 5262 de
3647 5206 3726 5261 ti-

2065 5280 2362 5347 bialibus;
2400 5279 2554 5334 unde
2609 5280 2735 5333 Act.
2788 5281 2995 5346 xu,8:
3045 5279 3106 5334 Et
3161 5280 3356 5336 calceo
3409 5282 3463 5335 te
3516 5279 3728 5347 caliga:

2067 5362 2215 5409 tuas.
2249 5351 2358 5407 Ubi
2389 5352 2622 5406 Graecus
2655 5355 2848 5404 textus
2879 5351 3056 5405 habet
3087 5347 3368 5406 σανδάλια.

2137 5424 2393 5496 (9)“Μ8.,
2424 5420 2476 5474 ἒν
2509 5418 2648 5496 αύτῇ
2680 5417 3026 5476 διεοάλλετο.
3049 5421 3188 5478 Τότε
3215 5419 3312 5476 οῦν
3338 5419 3429 5476 καὶ
3465 5419 3518 5474 δν
3545 5415 3725 5493 βηρύῃ

2066 5500 2136 5566 τῆ
2163 5491 2329 5549 πόλει
2372 5492 2401 5548 ὁ
2437 5491 2669 5553 σατέσις.

2140 5569 2216 5640 (hl
2251 5567 2386 5630 Ms.,
2405 5562 2851 5640 πῶν-κεράμων.

2143 5633 2208 5712 (ἰ)
2238 5640 2365 5712 Ms,
2391 5633 2526 5712 δθεν
2551 5633 2806 5707 sedem-

2243 5701 2361 5766 ΜΘ.⁷
2388 5701 2666 5780 βραϐεῖον.

2144 5778 2221 5854 (ιι)
2255 5780 2358 5844 Μ.,
2389 5778 2478 5850 τῷ
2511 5778 2639 5854 βίῳ.

4109 1789 4123 1888 ἓ
