4210 6160
465 387 579 452 2⁸11

1664 385 1947 448 SANCTI
1991 386 2367 448 GREGORII
2413 385 2671 446 MAGNI

3663 366 3670 373 ’
3747 389 3863 449 272

466 521 690 595 μασθεὶς
715 515 974 582 διάϐολος
1002 519 1181 593 τούτῳ
1213 517 1519 582 ὑπακούσας
1550 518 1687 592 πρὸς
1717 519 1780 573 τὸ
1831 519 1990 594 σύραι
2037 538 2081 572 τέ

2227 519 2521 574 bementer
2533 519 2776 589 expavit,
2793 519 3656 591 magnisqnevocibusclamars
3667 521 3867 593 cmpit,

460 609 684 684 καλίγια
705 611 869 665 αὐτοῦ
898 611 1160 681 παρέστη.
1190 612 1364 666 Τοῦτο
1395 606 1452 664 δὲ
1484 609 1511 662 6
1543 602 1904 682 πρεσϐύτερος
1925 606 2110 661 θεασά-

465 721 644 775 μενος,
669 699 874 780 σφόδρα
905 698 1086 769 έξέστη
1119 699 1208 754 καὶ
1237 699 1458 774 μεγίστῃ
1481 701 1637 774 φωνῆ
1652 699 1866 772 κράζειν
1885 695 2107 770 ἤρξατο,

458 788 649 864 λέγων·
676 789 934 852 Ἀπόστα,
957 787 1179 854 έλεεινὲ,
1201 789 1430 857 ἀπόστα,
1464 787 1526 842 οὐ
1557 789 1657 861 γάρ
1700 808 1806 857 σοι,
1838 785 1983 842 ἀλλὰ
2028 791 2108 858 τῷ

455 875 778 952 ἀνδραπόδῳ
812 898 918 950 μου
958 875 1224 947 έλάλησα.
1259 876 1503 952 Παρευθὺ
1535 875 1634 930 οὖν
1666 883 1732 944 τῆ
1764 875 1928 930 αὐτοῦ
1954 877 2109 950 φωνῆ

451 967 681 1036 ἀπέστη.
698 966 801 1022 Καὶ
823 966 1002 1030 καθὼς
1024 967 1160 1034 ἦσαν
1180 967 1241 1020 έκ
1265 967 1464 1039 μέρους
1486 963 1715 1028 λυθέντα
1737 964 1804 1020 τὰ
1824 968 1930 1019 τῶν
1953 963 2104 1018 καλι-

450 1055 582 1132 γίων
604 1055 768 1110 αὐτοῦ
792 1055 988 1130 λώρια,
1014 1054 1189 1116 οὕτως
1212 1055 1540 1130 ηὑρέθησαν.
1688 1054 1751 1108 οὗ
1781 1053 2103 1127 πράγματος

449 1145 813 1214 κατανόησον,
846 1143 928 1198 δτι
961 1143 1006 1198 εί
1037 1149 1154 1207 τοῖς
1176 1148 1509 1215 σωματικοῖς
1526 1139 1703 1218 ἔργοις
1723 1142 1751 1196 6
1776 1143 1852 1214 (a)
1874 1139 2105 1219 ἀρχέκα-

450 1255 544 1296 κος
566 1233 764 1313 ἐχθρὸς
784 1232 928 1289 οὕτω
949 1233 1355 1307 παρέστι,πόσῳ
1379 1230 1592 1306 μᾶλλον
1605 1234 1751 1290 827
1769 1228 2104 1304 πλειοτέρως

450 1320 739 1398 ἐνεδρεύων
772 1325 881 1376 τῶν
909 1319 1190 1395 ἡμετέρων
1225 1320 1512 1396 λογισμῶν
1541 1319 1641 1375 οὐκ
1664 1319 1972 1396 ἀφίσταται.

520 1413 725 1469 ΠΕΤΡ.
751 1410 1024 1466 Δύσκολον
1049 1411 1185 1465 πάνυ
1205 1411 1294 1465 καὶ
1329 1404 1562 1486 φοϐερὸν
1578 1409 1693 1463 ἐστι
1716 1409 1854 1463 κατά
1872 1411 1980 1462 τῶν
2001 1411 2099 1462 τοῦ

447 1501 650 1576 ἐχθροῦ
680 1498 908 1574 ένέδρων
942 1499 1174 1555 πάντοτε
1195 1497 1487 1575 προσέχειν
1519 1497 1663 1553 οὕτω
1695 1498 1979 1570 συντόμως
1997 1495 2094 1551 αὐο

439 1595 538 1645 τοῦ
567 1589 659 1645 καί
690 1588 954 1660 διηνεκῶς
981 1588 1411 1662 παρισταμένου.

511 1681 798 1736 ΙῬΗΓΟΡ.
814 1677 1086 1734 Δύσκολον
1103 1677 1202 1733 οὐκ
1223 1673 1310 1732 ἔστ
1321 1700 1388 1745 ιν,
1405 1678 1493 1732 saw
1517 1679 1617 1745 τήν
1637 1675 1902 1752 ἡμετέραν
1923 1674 2093 1753 ἀσφά-

439 1765 618 1835 λειαν,
651 1767 766 1842 οὐχ
790 1769 926 1840 ἡμῖν
969 1765 1175 1835 αὐτοῖς,
1208 1764 1355 1820 ἀλλὰ
1381 1773 1449 1834 τῆ
1483 1767 1680 1820 ἄνωθεν
1712 1767 1899 1839 χάριτι
1934 1765 2093 1837 ἒμπι-

439 1853 770 1930 στεύσωμεν.
804 1855 957 1924 Πλὴν
987 1857 1165 1930 ὅμως,
1191 1853 1283 1908 ’ίνα
1313 1855 1404 1909 καὶ
1435 1857 1621 1926 ἡμεῖς,
1641 1854 1764 1909 ὅσον
1797 1850 2088 1926 δυνάμεθα,

439 1947 516 2017 (b)
548 1945 652 2000 ὑπὸ
681 1947 782 2015 τῆν
815 1945 1016 2014 σκέπην
1049 1946 1217 2000 αὐτοῦ
1236 1946 1702 2019 γρηγορήσωμεν.
1727 1944 1850 1999 Ἐὰν
1869 1939 1927 1997 δὲ
1949 1943 1976 1996 6
1995 1943 2088 2017 ἀρ-

435 2041 596 2111 χαῖος
627 2036 823 2110 ἐχθρὸς
855 2035 1082 2109 ἄρξηται
1115 2037 1174 2090 ὲκ
1204 2039 1302 2090 τοῦ
1331 2036 1456 2096 νοὸς
1485 2030 1842 2102 ἐκϐληθῆναι,
1867 2030 1958 2088 διὰ
1984 2040 2084 2101 τῆς

433 2124 576 2186 θείας
593 2131 872 2203 παροχῆς,
903 2124 1162 2203 ἀσφαλῶς
1199 2121 1487 2192 δείκνυται,
1517 2123 1601 2178 ὅτι
1634 2123 1696 2177 οὐ
1723 2123 1888 2196 μόνον
1921 2123 2081 2177 αὐτὸν

430 2212 614 2277 οὐδεὶς
643 2211 930 2286 δειλιάσει,
961 2217 1036 2288 (c)
1067 2212 1214 2270 ἀλλὰ
1233 2211 1448 2287 μᾶλλον
1481 2214 1704 2280 έκεῖνος,
1727 2209 1817 2266 διὰ
1843 2215 1944 2277 τῆς
1973 2216 2079 2267 τῶν

429 2300 615 2366 καλῶς
645 2301 748 2359 πελ
761 2302 1083 2376 ιτευομένων
1118 2299 1426 2374 δυνάμεως,
1452 2295 1846 2375 φοϐηθήσεται.

1032 2429 1301 2484 ΚΕΦΑΛ.
1343 2425 1473 2484 KA'.

434 2534 566 2613 Περὶ
604 2541 704 2606 τῆς
740 2535 1072 2610 μοναστρίας
1103 2539 1204 2604 τῆς
1236 2529 1649 2610 φυγαδευσάσης
1694 2531 1786 2585 τὸν
1824 2527 2078 2605 δαίμονα.

503 2659 636 2733 Περὶ
666 2663 765 2714 τοῦ
784 2659 1110 2734 πράγματος
1135 2659 1306 2733 οὗπερ
1327 2657 1438 2712 νυνὶ
1464 2653 1782 2732 διηγοῦμαι,
1803 2656 1830 2710 6
1853 2654 2081 2729 ἁγιώτα-

431 2770 524 2811 τος
553 2749 692 2825 ἀνὴρ
723 2746 1064 2820 Ἐλευθέριος
1098 2747 1126 2801 6
1164 2741 1548 2823 πρεσϐύτερος,
1583 2746 1790 2807 οὗτινος
1827 2745 2078 2819 ἀνωτέρω

438 2838 624 2913 μνείαν
646 2837 977 2910 πεποίημαι,
1009 2837 1214 2911 μάρτυς
1250 2835 1505 2911 ὑπάρχει,
1529 2835 1675 2896 ὅστις
1699 2835 1930 2889 αὐτὸκαὶ
1961 2831 2080 2903 διη-

423 2930 652 3002 γήσατο.
673 2924 866 3002 Ἔλεγε
892 2926 1114 3002 γὰρ,δτι
1141 2927 1194 2980 έν
1230 2932 1297 2994 τῆ
1331 2920 1493 2980 πόλει
1513 2923 1808 2994 Σπολήτης
1834 2924 1972 2997 κόρη
1997 2945 2077 2985 τις

428 3023 506 3096 (d)
522 3020 716 3076 λοιπὸν
731 3018 990 3093 παρθένος
1012 3023 1113 3074 τοῦ
1134 3021 1317 3092 γάμου
1337 3017 1560 3088 ἡλικίαν
1582 3014 1691 3086 ἤδη
1711 3016 1973 3092 φθάσασα,
1989 3019 2076 3071 θυ-

421 3111 598 3186 γάτηρ
624 3107 843 3184 ὑπῆρχέ
869 3129 972 3164 τινι
1002 3113 1112 3162 τῶν
1135 3108 1305 3162 έκεῖσε
1325 3107 1729 3182 πρωτευόντων.
1753 3107 1906 3166 Ἢτις
1926 3105 1976 3159 έν
1993 3109 2075 3176 τῷ

419 3201 575 3273 πόθῳ
602 3206 704 3269 τῆς
735 3197 1058 3272 έπουρανίου
1094 3203 1242 3266 ζωῆς
1297 3201 1610 3271 πυρωθεῖσα
1663 3196 1806 3268 πάσῃ
1860 3191 2069 3263 σπουδῆ

421 3290 560 3363 πρὸς
587 3288 792 3358 ταύτην
825 3287 1088 3364 έπείγετο.
1118 3289 1180 3344 Ὀ
1219 3283 1276 3340 δὲ
1304 3285 1506 3356 ταύτης
1547 3287 1728 3356 πατὴρ
1759 3284 2071 3352 ἀντιστῆναι

421 3379 557 3448 αὐτῆ
591 3380 644 3434 έν
662 3385 732 3448 (e)
749 3380 821 3447 τῆ
843 3375 957 3450 6δῷ
977 3385 1076 3447 τῆς
1102 3382 1246 3446 ζωῆς
1264 3375 1584 3451 ἠγωνίζετο.
1603 3375 1756 3442 Αὐτή
1791 3371 1846 3428 δὲ
1864 3376 1953 3428 τὸν
1979 3395 2078 3428 πα-

415 3468 545 3544 τέρα
575 3467 975 3533 καταλιποῦσα,
997 3470 1096 3530 τῆς
1132 3471 1443 3540 μοναχικῆς
1471 3463 1754 3524 πολιτείας
1785 3463 1846 3517 τὸ
1877 3469 2078 3541 σχῆμα

414 3554 783 3628 έδέξατο,’ὸθεν
808 3553 1004 3610 λοιπὸν
1033 3554 1061 3608 6
1093 3556 1293 3623 ταύτης
1323 3554 1506 3623 πατὴρ
1533 3553 1594 3606 έκ
1615 3558 1716 3619 τῆς
1741 3548 1882 3612 ίδίας
1910 3551 2074 3606 αὐτοῦ

419 3645 761 3706 ὑποστάσεως
774 3646 839 3718 (Ι)
857 3641 1132 3715 ἀκληρονὸ
1141 3662 1312 3714 μητον
1328 3641 1494 3710 αὐτὴν
1515 3642 1804 3710 πεποίηκε,
1819 3641 1908 3694 καὶ
1923 3639 2074 3696 οὐδὲν

418 3736 563 3800 αὐτῆ
592 3731 798 3807 ἕτερον,
823 3732 867 3787 εἰ
903 3733 978 3805 μή
1006 3730 1060 3801 ’ἐξ
1091 3729 1318 3808 οὐγκίας
1339 3730 1452 3792 ἑνὸς
1473 3730 1899 3801 κτηματισκίου,
1917 3729 2074 3784 κατέ-

417 3823 568 3881 λιπε.
583 3824 766 3893 Ταύτη
779 3844 802 3884 ς
831 3820 888 3877 δὲ
898 3825 978 3893 τῷ
993 3817 1356 3894 ὑποδείγματι
1371 3817 1824 3891 έξακολουθοῦσαι
1839 3817 2072 3891 ἤρξαντο

412 3912 623 3969 πολλαὶ
639 3913 794 3985 κόραι
817 3910 1194 3983 εὐγενεστάτου
1215 3909 1403 3983 γένους
1424 3909 1559 3981 πρὸς
1585 3909 1753 3976 αὐτὴν
1779 3908 2074 3962 ἂποτᾶσσε-

411 4005 556 4070 σθαι,
571 4001 662 4055 καὶ
684 4001 763 4072 τῷ
780 3995 1172 4070 παντοδυνάμῳ
1189 3999 1362 4073 κυρίῳ
1377 3999 1451 4071 (g)
1475 3997 1777 4070 ἡγιασμένη
1792 4003 1858 4066 τῆ
1875 3998 2073 4071 παρθε-

408 4092 497 4162 νίᾳ
523 4087 823 4145 δουλεύειν.
844 4090 932 4146 Ἐν
959 4091 1056 4159 μιᾷ
1078 4083 1135 4142 δὲ
1156 4088 1356 4160 ἡμέρᾳ,
1381 4087 1408 4140 6
1439 4085 1599 4149 αὐτὸς
1626 4085 1830 4160 ἀνὴρ,ὁ
1861 4092 1927 4154 τῆ
1953 4091 2066 4155 ζωῆ

408 4175 802 4240 εὐλαϐέστατος
822 4175 1186 4250 Ἐλευθέριος,
1203 4177 1536 4250 ἐπισκέψεως
1550 4176 1640 4230 καὶ
1654 4172 1840 4230 οἰκοδο
1849 4182 1922 4248 μῆ
1934 4197 1957 4237 ς
1971 4177 2071 4251 χά-

411 4290 496 4341 ριν
529 4270 666 4342 πρὸς
702 4269 869 4336 αὐτὴν
900 4265 1239 4342 παρεγένετο.
1272 4266 1647 4338 Καθεζομένου
1679 4262 1736 4319 δὲ
1765 4264 1932 4320 αὐτοῦ
1955 4265 2068 4336 ἅμα

411 4357 604 4428 αὐτῆς,
620 4358 711 4412 καὶ
735 4358 904 4421 θείοις
923 4353 1114 4432 λόγοις
1139 4353 1507 4427 ὁμιλούντων,
1523 4354 1583 4408 έκ
1602 4358 1699 4409 τοῦ
1722 4353 2067 4428 προαστείου,

413 4446 584 4520 οὗπερ
627 4447 726 4508 τὰς
755 4447 804 4516 ἐξ
840 4445 1064 4521 οὐγκίας
1095 4443 1241 4517 παρά
1269 4447 1365 4498 τοῦ
1413 4443 1609 4507 έαυτῆς
1637 4443 1838 4518 πατρὸς
1871 4444 1934 4512 ἦν
1971 4441 2067 4498 λα-

413 4533 607 4602 ϐοῦσα,
626 4536 868 4611 γεωργός
899 4555 981 4596 τις
1012 4535 1148 4605 μετὰ
1177 4532 1352 4604 ξενίου
1373 4533 1508 4606 πρὸς
1528 4531 1696 4601 αὐσὴν
1714 4531 2066 4601 ἤλθεν,δστις

2222 607 2418 664 dicens
2451 624 2463 663 :
2498 607 2739 672 Recede,
2775 609 2966 673 miser,
2999 609 3234 676 recede;
3271 625 3383 664 non
3424 610 3580 665 enim
3613 611 3742 676 tibi,
3765 612 3867 666 sed

2222 697 2514 767 mancipio
2531 713 2657 751 meo
2675 697 2898 751 locutUs
2915 713 3066 752 sum.
3087 697 3176 752 Ad
3191 700 3360 767 cujus
3386 714 3579 753 vocem
3602 699 3870 770 protinus

2219 787 2482 852 recessit,
2513 795 2566 840 et
2597 787 2678 839 ita
2710 785 3025 840 utinventaa
3053 797 3210 851 sunt,
3237 787 3585 858 magnajam
3610 805 3675 842 ex
3705 795 3870 859 parte

2215 874 2534 941 dissolutae,
2559 873 2814 940 corrigiae
2848 881 3272 930 remanserunt.
3305 875 3426 938 Qua
3453 877 3510 931 in
3553 893 3614 931 re
3665 877 3860 948 colligi

2219 972 2425 1035 potest,
2459 963 2737 1035 antiquus
2771 963 2980 1030 hostis,
3009 965 3108 1035 qui
3144 965 3272 1033 jam
3309 969 3514 1035 priesto
3563 970 3649 1020 est
3691 966 3859 1022 factis

2214 1053 2367 1110 828
2401 1052 2820 1121 corporalibus,
2853 1068 3028 1124 quam
3060 1052 3260 1108 nimiis
3293 1053 3754 1110 insidiisnostris
3771 1071 3866 1110 c0-

2213 1140 2592 1214 gitatiodibus
2621 1141 2876 1198 insistat.

2279 1418 2451 1473 Ρετιι.
2468 1417 2851 1473 Laboriosum
2870 1421 2962 1473 est
2978 1415 3151 1472 vulde
3166 1423 3335 1486 atque
3352 1416 3613 1473 terribile
3642 1421 3857 1474 contra

2204 1507 2270 1578 (j)
2303 1507 2523 1561 inimici
2576 1507 2820 1562 insidias
2861 1522 3091 1577 semper
3121 1506 3445 1575 intendere,
3488 1514 3542 1561 et
3581 1507 3860 1566 continue

2204 1596 2369 1666 quasi
2404 1597 2460 1650 in
2494 1596 2616 1652 acie
2646 1605 2820 1651 stare.

2272 1685 2530 1740 Gnaeos.
2551 1685 2622 1755 (kl
2643 1684 3021 1740 Laboriosum
3042 1701 3156 1740 non
3179 1685 3309 1749 erit,
3329 1685 3379 1740 si
3404 1685 3730 1742 custodiam
3749 1703 3856 1743 no-

2200 1783 2378 1829 stram
2415 1791 2526 1830 non
2558 1775 2746 1844 nobis,
2779 1775 2880 1830 sed
2903 1778 3099 1847 gratiis
3127 1791 3394 1846 supernas
3414 1775 3858 1844 tribuimus;ita

2201 1869 2496 1928 tamen,ut
2523 1869 2582 1917 et
2610 1864 2742 1932 ipsi,
2767 1872 3052 1935 quantum
3072 1880 3402 1934 possumus,
3427 1864 3538 1918 sub
3572 1865 3696 1933 ejus
3723 1881 3855 1936 pro-

2193 1951 2443 2007 tectione
2456 1951 2785 2022 vigilemus.
2811 1951 2869 2006 Si
2890 1957 3082 2007 autem
3101 1952 3377 2023 antiquus
3397 1951 3629 2008 bostisa
3656 1959 3854 2009 mente

2194 2039 2675 2110 cmperitexpelli,
2691 2057 2762 2095 ex
2781 2039 2979 2096 divina
2995 2041 3260 2112 largitate
3276 2040 3615 2111 plerumque
3627 2044 3843 2114 agitur,

2193 2133 2260 2183 ut
2285 2145 2396 2183 non
2429 2128 2619 2183 solum
2645 2130 2765 2199 jam
2789 2129 2977 2185 timeri
3008 2146 3122 2184 non
3154 2129 3378 2200 debeat,
3401 2129 3841 2202 sedipseetiam

2195 2216 2340 2273 bene
2363 2218 2679 2273 viventium
2711 2218 2924 2274 virtute
2955 2223 3254 2274 terreatur.

2806 2400 3040 2456 CAPUT
3080 2398 3232 2456 XXI.

2187 2489 2264 2544 Dc
2291 2489 2477 2560 puella
2505 2503 2781 2557 conversa,
2802 2490 2964 2558 cujus
2982 2491 3095 2544 solo
3117 2490 3350 2556 imperio
3371 2489 3530 2545 homo
3557 2493 3636 2546 est
3666 2507 3701 2544 a
3717 2490 3843 2546 dcc-

2791 2576 2953 2617 mone
2975 2561 3263 2617 liberatus.

2259 2667 2361 2724 Rei
2383 2684 2634 2740 namque
2663 2684 2842 2739 quam
2878 2685 3070 2736 narro,
3101 2668 3192 2724 vir
3215 2667 3628 2725 sanctissimus
3660 2667 3838 2724 Eleu-

2187 2757 2409 2812 therius
2438 2773 2611 2813 senex
2640 2757 2828 2824 Pater,
2851 2759 3020 2827 cujus
3052 2757 3389 2813 memoriam
3427 2759 3698 2830 superius
3717 2759 3833 2816 feci

2184 2847 2340 2917 (Cap.
2375 2847 2484 2918 lli),
2518 2847 2683 2901 testis
2704 2848 2940 2916 exstitit,
2965 2846 3224 2918 mihique
3248 2847 3355 2902 hoc
3374 2848 3643 2903 intimare
3662 2865 3836 2904 cura-

2181 2937 2267 2990 vit
2297 2953 2311 2990 :
2345 2936 2498 3007 quod
2532 2935 2591 2989 in
2620 2935 2926 3000 Spoletana
2954 2936 3094 2990 urbe
3109 2937 3174 3006 (ι)
3205 2935 3399 3007 puella
3426 2938 3690 3007 quedam
3711 2938 3837 3008 iam

2185 3024 2403 3080 nubilis
2421 3024 2724 3093 cujusdam
2744 3025 3002 3095 primarii
3027 3023 3165 3086 tilia,
3191 3024 3437 3080 caelestis
3453 3026 3582 3080 vita
3599 3024 3835 3082 deside-

2183 3113 2268 3169 rio
2299 3114 2532 3175 exarsit.
2565 3114 2735 3184 eique
2762 3118 2923 3182 pater
2942 3113 3014 3168 ad
3049 3115 3196 3168 viam
3219 3113 3348 3167 vita:
3368 3116 3634 3169 resistere
3655 3131 3843 3170 cona-

2185 3208 2282 3258 tus
2312 3208 2429 3268 est;
2459 3202 2558 3256 sed
2590 3207 2923 3271 contempto
2955 3202 3846 3270 patre,conversationissanctm

2105 3262 2148 3329 (ἶ
2188 3262 2453 3347 habitum
2467 3292 2568 3359 (m)
2581 3262 2994 3360 suscepit.Qua
3006 3307 3074 3345 ex
3087 3262 3146 3346 re
3162 3291 3378 3346 factum
3395 3296 3483 3346 est
3496 3297 3559 3345 ut
3580 3307 3708 3348 eam
3723 3292 3845 3347 Pa-

2183 3385 2273 3435 ter
2301 3396 2422 3434 suas
2452 3380 2801 3435 substantias
2831 3381 3188 3435 exbzeredem
3231 3381 3454 3446 faceret,
3482 3379 3746 3451 nihilque
3775 3396 3812 3435 ο

2181 3467 2338 3523 aliud
2359 3468 2466 3523 nisi
2483 3485 2582 3524 sex
2597 3468 2798 3523 uncias
2815 3469 2989 3522 unius
3005 3469 3486 3538 possessiunculm
3504 3471 3844 3542 largiretur.

2183 3557 2323 3628 Ejus
2353 3573 2485 3612 vero
2509 3557 2772 3628 exemplo
2807 3564 3126 3628 provocatos
3175 3564 3478 3629 cmperunt
3515 3559 3666 3630 apud
3699 3575 3840 3616 eam

2183 3647 2382 3702 multm
2413 3646 2715 3702 nobilioris
2732 3647 2962 3716 generis
2988 3647 3189 3717 puellas
3207 3647 3483 3713 converti,
3504 3653 3680 3719 atque
3700 3663 3840 3703 om-

2181 3736 2463 3806 nipotenti
2502 3736 2739 3790 Domino
2770 3735 3036 3791 dedicata
3067 3736 3393 3807 virginitate
3421 3739 3656 3792 servire.
3677 3735 3839 3800 Qua-

2181 3825 2312 3878 dam
2343 3838 2476 3878 vero
2507 3823 2603 3877 dio
2635 3823 2786 3878 idem
2812 3823 3393 3892 Eleutheriusabbas,
3417 3824 3638 3880 virvitae
3659 3841 3843 3881 vene-

2181 3911 2484 3980 rabilis,ad
2499 3928 2616 3968 eam
2629 3913 2808 3982 gratia
2821 3912 3238 3969 exhortationis
3251 3920 3425 3984 atque
3436 3913 3848 3973 acditicationis

2181 4008 2529 4062 accesserat.
2551 4007 2608 4057 et
2637 4017 2771 4057 cum
2803 4017 2871 4058 ea
2900 4003 2970 4057 de
3000 4004 3174 4058 verbo
3208 4003 3850 4074 Deicolloquenssede~

2184 4090 2316 4156 bat;
2349 4107 2481 4146 cum
2525 4097 2759 4160 repente
2789 4109 2855 4146 ex
2882 4093 3086 4147 eodem
3112 4093 3308 4159 fundo,
3340 4109 3515 4164 quem
3545 4095 3628 4164 (η)
3650 4094 3709 4148 in
3734 4110 3850 4152 sex

2181 4179 2372 4234 unciis
2387 4198 2417 4233 a
2434 4185 2594 4249 patre
2610 4181 3029 4252 perceperat(o)
3042 4197 3176 4236 cum
3201 4183 3370 4237 xenio
3386 4198 3448 4236 ru
3458 4182 3635 4236 sticus
3647 4183 3848 4240 venit.

2179 4268 2288 4332 Qui
2321 4269 2462 4322 dum
2494 4277 2628 4324 ante
2649 4285 2748 4325 eos
2779 4271 3092 4337 assisteret,
3128 4271 3384 4340 maligno
3403 4269 3610 4340 spiritu
3634 4286 3850 4328 corre-

2179 4366 2314 4428 ptus
2337 4358 2567 4424 cecidit,
2599 4360 2948 4430 fatigarique
2964 4359 3157 4414 nimiis
3174 4361 3704 4431 stridoribusatque
3725 4361 3852 4417 ba-

2177 4444 2396 4501 latibus
2415 4447 2604 4516 ccepit.
2637 4447 2798 4502 Tunc
2824 4447 3288 4502 sanctimonialis
3304 4448 3519 4504 femina
3548 4451 3850 4532 surrexit,

2176 4542 2354 4607 atque
2387 4537 2530 4591 irato
2561 4536 2720 4590 vultu
2748 4537 2968 4604 magnis
3000 4535 3356 4590 clamoribus
3379 4537 3708 4607 imperavit,
3735 4539 3852 4594 di-

411 4626 465 4683 έν
492 4626 605 4699 ὅσῳ
627 4624 933 4700 ἔμπροσθεν
947 4622 1122 4677 αὐνῶν
1143 4618 1359 4689 ἵστατο,
1374 4621 1642 4694 πνεύματι
1657 4642 1794 4689 πονη
1806 4626 1882 4696 ρῷ
1895 4621 2073 4695 ῥαγεῖς

2193 4642 2358 4681 cens:
2394 4627 2492 4680 Exi
2526 4627 2598 4680 ab
2628 4642 2716 4691 eo,
2751 4626 2944 4691 miser,
2976 4627 3065 4680 exi
3091 4629 3162 4679 ab
3182 4641 3269 4690 eo,
3307 4626 3502 4680 miser.
3526 4627 3608 4680 Ad
3653 4628 3852 4698 cujus

409 4713 687 4783 ἔπεσε,καὶ
712 4711 916 4788 ἤρξατο
939 4711 1073 4785 μετὰ
1099 4709 1363 4785 μεγίστων
1387 4715 1582 4790 φωνῶν
1609 4709 1730 4766 λίαν
1762 4707 2064 4765 ὀδυνᾶσθαι.

409 4805 558 4873 Τήτε
578 4806 613 4872 ἡ
632 4805 712 4875 (It)
739 4801 1020 4876 άγιωτάτη
1054 4797 1228 4870 έκείνη
1261 4797 1455 4869 θήλεια
1478 4799 1764 4868 ἀναστᾶσα,
1813 4798 2069 4872 αὐστηρῷ

408 4893 692 4967 προσώπῳ
725 4891 859 4963 μετὰ
887 4895 1074 4968 φωνῆς
1108 4888 1359 4964 ἰσχυρᾶς,
1383 4886 1644 4964 ἐπέτρεψε
1670 4893 1750 4960 τῷ
1779 4888 2065 4962 ἀκαθάρτῳ

407 4983 678 5055 πνεύματι
700 4979 1265 5056 λέγουσα’(ἰ)ἘξεΑθε
1295 4978 1388 5033 ἀπ’
1413 4977 1600 5050 αὐτοῦ,
1621 4977 1842 5050 έλεεινὶ,
1863 4977 2063 5050 έξελθε.

484 5115 559 5185 (a)
590 5113 696 5170 Ms.
710 5154 724 5181 ,
756 5110 1009 5186 ρχαῖος.

585 5180 717 5274 μὶ,
748 5180 946 5274 cicini:
1255 5180 1348 5236 καὶ
1385 5182 1588 5252 σκέπην
1622 5183 1782 5255 ἡμῶν
1810 5201 1978 5260 γρηγ.

585 5252 891 5339 usique;
921 5252 1013 5339 καὶ
1047 5252 1280 5339 μᾶλλον.

2176 4731 2375 4771 vocem
2411 4730 2539 4770 mox
2562 4730 2662 4784 per
2682 4731 2747 4769 os
2765 4718 2944 4770 venti
2965 4713 3233 4770 diabolus
3254 4715 3570 4786 respondit,
3595 4715 3817 4773 dicens
3834 4735 3854 4774 :

2175 4806 2237 4859 Et
2253 4807 2301 4860 si
2317 4806 2388 4860 de
2409 4804 2517 4858 isto
2539 4802 2771 4869 exeo,in
2795 4820 2970 4876 quem
2994 4804 3219 4859 intrabo
3236 4805 3263 4858 Ἰ
3283 4803 3430 4859 Casu
3455 4803 3863 4873 autemjuxta.

2175 4908 2384 4966 porcus
2420 4891 2688 4960 parvulus
2736 4894 3106 4963 pascebatur.
3155 4893 3317 4948 Tunc
3353 4893 3861 4954 sanctimonialis

2174 4978 2392 5036 femina
2421 4979 2710 5050 praecepit,
2736 4979 2937 5034 dicens
2964 4994 2976 5034 :
3007 4979 3106 5034 Exi
3131 4979 3204 5033 ab
3219 4995 3307 5045 eo,
3339 4984 3469 5035 etin
3498 4977 3660 5036 hunc
3687 4996 3859 5051 por—

2243 5113 2314 5183 (j)
2345 5110 2578 5179 Pratel.,
2609 5110 2813 5182 perﬁdi
2832 5109 3077 5183 inimici.

2239 5182 2318 5256 (k)
2351 5184 2580 5238 Primus
2600 5186 2858 5256 Qarnot.,
2883 5182 3060 5256 Labor
3087 5182 3247 5256 utili:
3275 5191 3373 5238 est.

2239 5253 2308 5323 (ι)
2332 5259 2561 5310 Primus
2591 5254 2780 5320 Carn.,
2803 5253 3264 5324 pudicaquaadam
3290 5255 3518 5310 nobilis.
3543 5253 3604 5309 In
3648 5253 3854 5314 Becc.

487 5324 570 5402 id)
602 5333 663 5410 It)
697 5329 820 5390 ΕιΙ..
839 5324 1155 5384 λοιπὸν’τοῦ
1183 5326 1908 5410 γαμουιθυγάτηρωωὶεεὶε
1928 5324 2058 5382 aliis

2193 5328 2400 5410 agitur,
2425 5325 2628 5410 ηορὶιίδ
2651 5343 2760 5410 pro
2790 5325 3017 5410 nubilis.
3054 5326 3146 5408 Sic
3204 5329 3377 5410 etiam
3418 5328 3855 5410 _lectum_ol_i_rn

412 5418 539 5475 quas
569 5403 638 5456 ad
673 5416 921 5475 sensum
944 5402 1271 5475 necessaria
1300 5402 1590 5475 videntur.

483 5476 722 5544 (r)__M‘s.,
755 5474 824 5544 τῇ
866 5471 1032 5540 αὐτῆς
1063 5467 1330 5542 καλλίστῃ
1365 5468 1563 5544 βουλῇ.
1595 5470 1747 5538 Αὐτὴ
1780 5465 1855 5523 δέ.

478 5540 546 5616 (ι)
571 5540 838 5616 ἄκληρον.

475 5611 816 5705 (mas-'16
857 5611 1064 5705 in“?-

478 5681 558 5758 (ἦ)
582 5683 762 5759 ἐκείνη
793 5681 1056 5759 παρθένος
1085 5681 1234 5739 ἀνασ.

479 5756 551 5831 (i)
581 5757 665 5814 Ita
693 5757 832 5828 λιι,
863 5756 1063 5829 probs.

2165 5398 2224 5452 in
2248 5399 2427 5474 Germ
2439 5440 2452 5453 .
2466 5398 2662 5474 _Pratel
2674 5437 2687 5450 .
2714 5397 2890 5452 habet
2913 5414 2926 5452 :
2946 5413 3066 5468 qua
3089 5398 3204 5465 iam
3221 5400 3504 5455 dicebatur
3521 5398 3854 5474 nuptialis,

2161 5470 2364 5525 nobilis
2385 5469 2695 5540 cujusdam.

2234 5541 2334 5610 (m)
2371 5539 2587 5612 Lyr.iet
2618 5539 2841 5612 primus
2869 5539 3043 5612 Aud.,
3074 5540 3348 5611 quaesivit.

2233 5614 2310 5680 (η)
2347 5610 2465 5668 Val.
2497 5610 2606 5680 Cl,
2636 5611 2698 5665 in
2727 5627 2823 5666 sca:
2843 5610 3060 5668 uncias.

2233 5684 2309 5753 (ο)
2328 5682 2478 5756 ‘Mss.
2513 5699 2659 5756 pene
2684 5698 3072 5756 omneSLcumr
3087 5684 3305 5756 exenia.
3327 5684 3472 5740 Vide
3489 5698 3690 5756 supra,
3706 5700 3860 5745 no—

2157 5756 2278 5810 tam
2310 5754 2369 5820 d,
2401 5755 2474 5810 ad
2505 5753 2557 5813 ἑ.
2593 5755 2658 5809 12
2682 5753 2862 5826 hujus
2889 5753 3024 5810 libri
3055 5755 3243 5831 (Nobis
3270 5756 3373 5814 col.
3421 5755 3550 5828 239,
3564 5753 3693 5812 ‘not.
3738 5756 3859 5824 hi.
