4210 6160
412 268 529 327 275
1626 258 1918 319 SANCTI
1962 258 2342 320 GBEGORII
2389 256 2636 318 MAGNI
3711 256 3830 316 276

413 419 543 469 των,
562 418 622 455 εκ
640 404 738 469 τῆς
759 395 1054 468 ἐκκλησίας
1079 394 1134 448 o't
1160 391 1420 468 κληρικοὶ
1439 391 1687 463 ἐξῆλθον.
1707 387 1974 466 Εύρόντες
1998 388 2055 446 δὲ

2172 392 2356 461 bium,
2389 399 2582 448 utrum
2613 405 2910 447 vervecem
2931 389 3254 462 tolleret,an
3287 392 3541 455 offerret,
3570 390 3668 446 sed
3699 389 3829 446 cul-

415 486 694 563 ἅγιωστον
722 487 1030 563 ἄνθρωπον,
1061 484 1150 539 τὸν
1183 482 1336 555 κριὸν
1364 487 1434 551 τῆ
1469 480 1619 560 χειρὶ
1658 481 1984 556 κατέχοντα,
2016 478 2067 535 ἐν

2183 499 2266 554 pa
2299 498 2432 537 reus
2454 481 2628 537 citius
2661 480 2936 535 indicavit
2964 495 3218 551 poenam.
3243 481 3429 538 Mirati
3453 499 3659 540 omnes
3690 480 3830 552 quia

414 573 727 655 ἀμφιϐολίᾳ
739 577 860 650 περὶ
876 573 1074 630 τούτου
1088 571 1360 646 γεγόνασι,
1379 567 1568 644 λογιζό
1577 590 1729 642 μενοι
1741 587 1753 600 ·
1769 568 1872 644 ἂρα
1890 568 1990 638 ἐπῆ
2005 589 2064 644 ρε

2175 571 2480 643 ingressus
2505 575 2597 624 tur
2627 569 2730 625 viri
2765 568 2860 624 Dei
2890 573 3098 625 merito
3125 570 3195 625 ad
3222 573 3478 642 praedam
3509 588 3678 628 suam
3709 575 3829 625 sla-

415 668 510 722 τὸν
530 667 707 742 κριὸν,
731 662 768 734 ἤ
798 661 990 718 τοῦτον
1019 658 1348 739 προσφέρεις
1381 659 1455 720 ὡς
1489 656 1546 713 δὲ
1574 657 1768 734 τάχιον
1797 660 1894 727 τὴν
1923 657 2064 728 ἀλήὲ-

2177 660 2273 716 bat
2318 661 2552 732 ligatus.
2587 659 2692 724 Qui
2726 674 2787 714 se
2835 673 2940 730 pro
2987 675 3054 714 eo
3101 658 3367 730 protinus
3410 661 3471 716 in
3501 659 3825 717 orationem

421 758 566 811 θειαν
600 754 864 827 ἐμήνυσεν
899 752 927 806 6
956 755 1054 806 τοῦ
1080 750 1417 822 πταίσματος
1448 746 1663 823 ἔνοχος,
1686 748 1882 812 πάντες
1912 745 2070 803 ἐθαύ-

2178 750 2476 816 dederunt,
2514 749 2757 819 suisque
2798 747 3068 818 precibus
3106 748 3197 803 vix
3226 749 3485 806 oblinere
3518 750 3837 806 valuerunt

425 863 618 918 μασαν,
651 843 734 897 δτι
770 839 858 896 διὰ
885 847 986 910 τῆς
1011 843 1108 896 τοῦ
1129 839 1420 913 ἀνθρώπου
1450 842 1547 894 τοῦ
1577 841 1711 893 Θεοῦ
1741 835 2067 913 ἁγιωσύνης,

2180 838 2363 910 utqui
2382 855 2467 896 res
2489 854 2692 894 eorum
2715 841 2951 893 venerat
2979 853 3182 910 rapere
3202 838 3407 896 saltem
3433 855 3655 896 vacuus
3677 839 3834 896 exire

423 934 452 988 6
483 931 739 995 εἰσελθὼν
777 928 998 1004 κλέψαι,
1053 928 1105 983 ἐν
1163 931 1243 999 τῷ
1296 923 1533 1001 δράματι
1580 926 1748 981 αὑτοῦ
1781 923 2069 997 δεδεμένος

2181 932 2522 984 mereretur.
2559 928 2761 999 Itaque
2793 927 2902 994 fur,
2935 926 3035 998 qui
3067 926 3164 984 diu
3197 932 3438 985 steterat
3467 945 3599 984 cum
3634 928 3832 1001 praeda

417 1019 627 1078 ἵστατο.
660 1016 868 1079 Ο⁹ίτινες
898 1015 1137 1091 παρευοὺ
1171 1016 1303 1091 ὑπὲρ
1333 1014 1501 1070 αὐτοῦ
1533 1014 1608 1078 εἷς
1642 1015 1813 1089 εύχήν
1847 1015 2070 1076 ἑαυτοὺς

1879 1015 2070 1076 αυτοὺς
2182 1017 2468 1088 captivus,
2497 1016 2842 1087 quandoque
2871 1015 3010 1071 exiit.
3038 1033 3254 1072 vacuus
3285 1022 3341 1074 et
3372 1018 3541 1076 liber.

422 1107 772 1176 ἐπιδέδωκαν,
806 1104 1058 1180 δεόμενοι
1087 1110 1183 1160 τοῦ
1215 1103 1558 1174 ἀπὸλυθῆναι
1590 1102 1773 1162 αὐτόν.
1823 1105 1937 1172 Τῆς
1986 1103 2080 1156 οὖν
2128 1099 2368 1172 δεήσεως
2399 1103 2578 1157 αὐτῶν
2619 1100 3042 1173 ἐπακουσθείσης
3073 1104 3103 1158 ὁ
3133 1101 3349 1169 πολλὰ(
3385 1102 3529 1180 ὥρας
3563 1106 3700 1178 μετὰ
3725 1108 3826 1162 τοὖ

423 1196 697 1273 δράματος
730 1196 894 1251 αὑτοῦ
934 1194 1147 1258 σταθεὶς
1181 1192 1446 1263 κλέπτης,
1479 1191 1662 1268 ὥσπερ
1695 1190 2080 1267 αἰχμάλωτος,
2115 1188 2414 1262 ὁτεδήποτε
2442 1192 2519 1263 (a)
2549 1185 2816 1266 σάὸουρος
2851 1191 2943 1262 μὲν
2978 1189 3224 1264 ἐξῆλθεν,
3256 1192 3538 1270 ἐλεύθερος
3570 1192 3628 1250 δὲ
3649 1193 3830 1266 ὅμως.

495 1289 697 1344 ΠΕΤΡ.
716 1288 970 1356 Φανερῶς
986 1281 1275 1352 δείκνυται,
1292 1280 1344 1337 ἐν
1359 1282 1494 1353 ποίᾳ
1513 1279 1812 1355 γλυκύτητι
1837 1280 1866 1334 6
1887 1300 2078 1334 παντο-

2257 1282 2687 1353 Ps'ra.Apparet
2720 1283 2792 1352 (ο)
2824 1288 3054 1353 quantas
3106 1284 3184 1339 sit
3213 1301 3392 1356 super
3419 1302 3524 1341 nos
3562 1283 3828 1341 dulcedi-

427 1373 664 1449 δύναμος
695 1374 823 1432 Θεὸς
852 1373 988 1449 πρὸς
1019 1373 1168 1446 ἡμᾶς
1200 1369 1486 1441 διάκειται,
1515 1370 1665 1433 ’ὀστις
1695 1366 1884 1442 κύκλῳ
1912 1371 2074 1442 ἡμῶν

2186 1370 2276 1426 nis
2306 1371 2678 1443 omnipotens
2709 1371 2880 1440 Deus,
2905 1374 3075 1444 cujus
3106 1389 3244 1446 erga
3275 1390 3381 1430 nos
3411 1373 3560 1430 ﬁunt
3591 1378 3712 1430 tam
3733 1374 3839 1444 ju-

425 1469 649 1522 τοιαῦτα
675 1462 878 1538 τερπνὰ
899 1460 1149 1532 θαύματα
1179 1457 1390 1516 εὐδοκεῖ
1418 1459 1683 1534 γίνεσθαι.

1049 1481 1149 1516 ατα
1179 1457 1390 1516 εύδοκεῖ
1418 1459 1683 1534 γίνεσθαι.
2189 1459 2380 1516 cunda
2409 1459 2710 1516 miracula.

956 1553 1101 1610 831
1142 1553 1398 1609 ΚΕΦΑΛ.
1429 1551 1547 1606 KI".

430 1645 561 1720 Περὶ
589 1647 686 1700 τοῦ
716 1586 1547 1720 ὴγουμένζιῗέούῗέρτττξέτύλιει.
1567 1637 1945 1714 Πραινεστίνῃ,
1987 1633 2080 1691 καὶ
2273 1695 2339 1720 n‘
2372 1694 2569 1720 Au-“

1015 1694 1627 1786 αύτοῦίπρεξτϐυτιὲρου.Ι
1747 1694 1753 1695 ⁷
1896 1694 1944 1712 ἠ
2264 1695 2339 1750 De
2366 1694 2553 1750 αὒῦαιέ

2264 1695 2339 1750 De
2366 1694 2569 1750 abbate
2593 1694 2928 1750 Prznestim'
2947 1694 3169 1762 montis,
3189 1697 3415 1770 eiusque
3430 1697 3765 1770 presbytero.

505 1823 1041 1890 ΓΡΙΙΓΟΡΙΟΣ.Τῆς
1063 1817 1447 1894 ΙῙραινεστίνης
1462 1815 1679 1882 πόλεως
1692 1813 1818 1893 ὅρος
1841 1815 2085 1891 ὑπέρκει-

2271 1821 2628 1878 Gaseoaws.
2649 1822 2730 1894 (d)
2750 1823 3117 1878 Pranestinas
3150 1823 3284 1880 urbi
3306 1841 3473 1880 mons
3496 1823 3858 1891 praeminet,

436 1913 606 1985 ται,ἐν
629 1914 674 1986 ᾧ
689 1916 786 1968 τοῦ
805 1909 1076 1986 πακαρίου
1099 1909 1304 1985 Πέτρου
1326 1912 1423 1965 τοῦ
1447 1906 1792 1966 Ἀποστόλου
1813 1911 2082 1982 μοναστή-

2199 1909 2262 1966 ἱιι
2292 1915 2408 1982 quo
2431 1911 2504 1983 te)
2530 1911 2677 1966 beati
2702 1910 2851 1966 Petri
2871 1911 3122 1981 Apostoli
3151 1915 3564 1969 monasterium
3585 1913 3857 1985 (nsitum

442 2000 778 2080 ριονῗδρυται
796 1998 1037 2075 Ἀνδρῶν
1053 2004 1188 2055 Θεοῦ
1203 1995 1416 2054 δούλων
1431 1998 1486 2054 ἐν
1501 1997 1648 2070 αὐτῷ
1660 1999 2059 2054 κατοικούντων
2070 2042 2085 2069 ,

444 2092 462 2102 .
527 2091 570 2102 --
639 2095 667 2102 _
992 2088 1003 2102 .
1219 2088 1233 2102 .
1304 2087 1314 2102 .
1510 2088 1521 2102 .
1834 2082 1882 2102 ,ο
2067 2089 2080 2102 .

2205 2005 2294 2057 est
2320 2002 2570 2056 virorum
2595 2000 2695 2056 Dei
2722 2015 2735 2054 :
2760 2017 3007 2072 quorum
3032 2001 3309 2059 relatione
3330 2001 3514 2058 adhuc
3533 2002 3592 2057 in
3618 2019 3866 2058 monas-

441 2092 495 2149 ἂν
524 2091 583 2148 δδ
601 2095 681 2164 τῷ
705 2088 1050 2165 μοναστηρίῳ
1081 2110 1188 2162 μου
1214 2087 1554 2164 ὑπάρχοντός
1575 2109 1703 2162 μου,
1725 2082 1923 2159 συνέϐη
1947 2089 2094 2163 παρὰ

2211 2089 2357 2146 terio
2398 2091 2472 2161 (g)
2514 2090 2741 2162 positus
2780 2089 3017 2146 audisse
3047 2107 3138 2146 me
3165 2091 3412 2163 contigit
3442 2107 3719 2162 magnum
3746 2091 3872 2148 hoc

447 2185 708 2257 μοναχῶν
735 2186 836 2249 τῆς
866 2178 1274 2254 προΛεχθείσης
1298 2185 1470 2251 μονῆς
1495 2177 1723 2233 ἀκοῦσαι
1752 2182 1941 2246 τοῦτο,
1964 2177 2098 2253 ὅπερ

2213 2179 2370 2252 quod
2417 2195 2590 2234 narro
2634 2179 3004 2246 miraculum,
3038 2181 3194 2251 quod
3227 2179 3488 2250 ejusdem
3523 2179 3873 2237 monasterii

448 2269 773 2346 διηγοῦμαι,
809 2268 1058 2344 μέγιστον
1089 2271 1291 2340 θαῦμα,
1318 2265 1450 2343 ὅπερ
1484 2269 1535 2322 οἱ
1565 2267 1720 2323 αὐτοὶ
1746 2268 1982 2344 μοναχοὲ
2010 2290 2102 2345 γι-

2215 2268 2486 2324 monacbi
2509 2284 2680 2324 nosse
2700 2285 2760 2324 se
2780 2268 3236 2325 testabantur.ln
3257 2286 3325 2326 eo
3347 2285 3597 2342 namque
3620 2286 3871 2326 monas-

449 2364 674 2418 νώσκειν
706 2359 1140 2438 διϊσχυρίζοντο.
1166 2356 1399 2433 Ἔλεγον
1426 2359 1527 2434 γὰρ
1559 2360 1643 2413 ὃτι
1676 2359 1924 2437 ὕπῆρχεν
1953 2359 1982 2412 6
2001 2365 2104 2428 τῆς

2221 2357 2363 2413 terio
2397 2358 2508 2412 fuit
2527 2357 2694 2413 Pater
2713 2357 2843 2414 vitm
2871 2358 3243 2427 venerabilis,
3268 2359 3366 2430 qui
3397 2359 3706 2432 quemdam
3737 2375 3883 2415 mo-

465 2454 633 2525 μονῆς
651 2450 826 2505 αὑτῶν
845 2448 1143 2524 προεστὼς,
1157 2447 1291 2518 ἀνὴρ
1308 2448 1444 2503 πάνυ
1464 2454 1531 2517 τῆ
1553 2453 1668 2519 ζωῆ
1692 2443 2106 2515 εὐλαϐὲστατος,

2223 2445 2472 2503 nacbum
2504 2449 2793 2518 nutriens,
2816 2464 3004 2519 usque
3035 2449 3104 2505 ad
3132 2449 3481 2506 reverendae
3503 2448 3592 2522 (ἢ)
3612 2450 3885 2522 provexit

461 2541 610 2601 ὅστις
631 2537 876 2613 μοναχόν
896 2557 1015 2591 τινα
1032 2533 1514 2610 ἀναθρέψας,ἤθεσι
1533 2543 1800 2616 χρηστοῖς
1813 2536 1902 2592 καὶ
1921 2535 2110 2605 πολλῆ

2221 2541 2703 2609 mores.Cumque
2723 2553 2855 2594 eum
2875 2540 2933 2594 in
2961 2539 3169 2595 timore
3195 2539 3420 2595 Domini
3440 2539 3658 2596 videret
3676 2554 3881 2598 excre-

463 2624 724 2699 εύλαϐείᾳ
750 2630 943 2683 τοῦτον
968 2625 1273 2703 ἒρύθμιζεν.
1298 2627 1426 2684 Ὃτε
1452 2624 1509 2682 δὲ
1529 2627 1691 2682 αὐτὸν
1721 2626 1772 2682 ἐν
1792 2632 1872 2701 τῷ
1890 2625 1987 2682 τοῦ
2012 2648 2111 2682 κυ-

2223 2626 2455 2695 visse,in
2481 2627 2679 2682 eodem
2703 2626 2816 2683 sibi
2839 2627 3194 2685 monasterio
3215 2632 3355 2684 tunc
3370 2629 3770 2701 presbyterum
3793 2629 3885 2684 fe-

469 2719 591 2796 ρίου
629 2711 785 2794 φόϐῳ
812 2716 1235 2791 ὑοεραυξάνοντα
1255 2714 1534 2788 ἐθεάσατο,
1553 2714 1747 2773 τοῦτον
1770 2715 1820 2772 ἐν
1838 2722 1918 2790 τῷ
1947 2717 2112 2773 αὐτοῦ

2223 2716 2303 2771 cit
2323 2714 2600 2772 ordinari.
2625 2713 2727 2771 Cui
2752 2721 2881 2787 post
2911 2716 3338 2773 ordinationem
3371 2733 3563 2782 suam,
3586 2717 3720 2787 quia
3751 2732 3884 2773 non

469 2825 750 2882 μοναστηρ
760 2805 826 2878 ίῳ
839 2799 1200 2880 πρεσϐύτερον
1217 2823 1303 2880 χει
1310 2825 1506 2880 ροτονη
1517 2812 1677 2875 θῆναι
1691 2805 2116 2875 πεποίηκε.Τού-

2221 2804 2394 2876 longe
2416 2805 2645 2860 abesset
2665 2807 2794 2876 ejus
2815 2805 3383 2870 exitus,revelatione
3411 2806 3731 2861 indicatum
3755 2810 3882 2864 est.

464 2918 562 2952 του
594 2894 651 2951 δὲ
681 2893 1178 2974 χειροτονηθέντος,
1221 2891 1290 2948 δι’
1339 2893 1736 2970 ἀποκαλύψεως
1765 2896 1916 2968 αύτῷ
1946 2895 2115 2968 ἐγνω-

2230 2899 2274 2948 Α
2305 2894 2579 2964 praedicto
2601 2899 2792 2950 autem
2822 2893 2986 2951 Patre
3018 2895 3355 2951 monasterii
3389 2895 3548 2967 petiit
3580 2899 3892 2967 quatenus

467 2986 648 3063 ρίσθη,
681 2987 757 3047 ὡς
791 2982 852 3040 ού
888 2984 1100 3059 μακρὰν
1131 2985 1166 3053 ἡ
1198 2978 1259 3039 ἔκ
1286 2989 1385 3040 τοῦ
1415 2984 1541 3059 βίου
1559 2985 1754 3040 τούτου
1791 2986 2116 3058 μετάστασις

2235 2983 2278 3039 ei
2302 2983 2728 3054 concederet,ut
2751 2983 2865 3039 sibi
2887 2984 3225 3056 sepulcrum
3259 2985 3620 3056 pararet.Cui
3639 2983 3734 3040 ille
3764 3001 3897 3041 rea-

467 3076 616 3148 αύτῷ
633 3071 916 3150 τυγχάνει.
948 3073 1055 3130 Τὸν
1083 3071 1174 3128 οὖν
1199 3073 1584 3151 πφολεγθεντα
1601 3081 1700 3144 τῆς
1723 3081 1895 3149 μονῆς
1915 3073 2120 3150 πατέρα

2238 3073 2435 3145 pondit
2462 3087 2475 3126 :
2500 3074 2644 3128 Ante
2676 3077 2729 3128 te
2759 3071 2995 3142 quidem
3017 3090 3121 3144 ego
3144 3075 3464 3130 moriturus
3491 3073 3762 3142 sum,sed
3797 3079 3900 3130 ta-

467 3165 731 3240 ᾐτήσατο,
773 3163 923 3225 ’ὁπως
962 3164 1346 3241 παραχωρήσῃ
1389 3162 1562 3236 αὐτῷ,
1595 3164 1689 3218 ἳνα
1724 3171 1917 3238 μνῆμα
1947 3164 2120 3236 ἑαυτῷ

2236 3179 2363 3218 men
2392 3165 2556 3229 vade,
2588 3167 2665 3230 et,
2697 3163 2848 3219 sicut
2877 3163 3000 3232 vis;
3031 3181 3293 3236 praepara
3321 3162 3649 3236 sepulcrum
3681 3168 3893 3220 tuum.

469 3250 763 3326 ὲτοιμάσῃ.
800 3249 940 3325 Πρὸς
970 3251 1029 3305 6'v
1061 3247 1265 3312 ἐκεῖνος
1291 3249 1582 3326 ἀπεκρίθη·
1614 3252 1725 3326 ΙΙρό
1759 3273 1877 3321 σου,
1910 3253 2121 3324 τέκνον,

2236 3251 2492 3308 Recessit
2513 3251 2711 3324 igitur,
2731 3257 2787 3308 et
2812 3251 3320 3324 preparavit.Cum
3354 3269 3469 3308 non
3499 3258 3628 3325 post
3657 3251 3898 3310 multos

470 3340 576 3418 ἑγὼ
617 3339 971 3410 ἀποθνήσκω,
1011 3340 1166 3413 ὅμως
1205 3338 1428 3407 ἄπελθε,
1472 3341 1587 3413 καὶ,
1629 3343 1808 3404 καθὼς
1840 3341 2030 3417 βούλει
2060 3341 2123 3397 τὸ

2237 3341 2357 3397 dies
2373 3357 2549 3397 senex
2565 3341 2732 3398 Pater
2755 3341 2914 3398 febre
2943 3347 3266 3414 praeventus
3297 3344 3368 3398 ad
3391 3347 3653 3398 extrema
3674 3358 3899 3415 perve-

473 3416 577 3504 μνῆ
589 3429 666 3504 μά
695 3450 789 3484 σου
821 3427 1130 3503 ὲτοίμασον.
1156 3427 1400 3499 ’Λπῆλθε
1417 3431 1716 3502 τοίνυν,καὶ
1739 3416 1902 3486 τοῦτό
1925 3428 2124 3504 ηὐτρέ-

2239 3429 2346 3499 nit,
2391 3434 2564 3501 atque
2611 3430 2906 3487 assistenti
2952 3433 3283 3504 presbytero
3306 3432 3503 3504 jussit,
3534 3432 3734 3487 dicens
3770 3449 3789 3486 :
3832 3431 3901 3488 In

471 3536 646 3573 πισεν,
679 3515 754 3570 Οὐ
789 3514 924 3590 μετᾶ
944 3513 1159 3580 πολλὰς
1187 3512 1244 3570 δὲ
1273 3513 1483 3591 ἡμέρας
1512 3517 1540 3570 6
1572 3518 1753 3592 πατὴρ
1775 3521 1991 3592 πυρετῷ
2022 3537 2124 3572 κα-

2244 3522 2336 3575 tuo
2372 3518 2641 3591 sepulcro
2668 3535 2818 3591 pone
2859 3536 2971 3576 me.
3018 3522 3278 3592 Cumque
3318 3520 3417 3577 ille
3460 3520 3674 3576 diceret
3708 3538 3722 3576 :
3756 3521 3906 3578 Scis

472 3606 782 3684 τασχεθείς,
797 3604 850 3658 ἓν
872 3607 942 3679 τῇ
965 3603 1169 3678 ἐσχάτῃ
1193 3604 1430 3678 ἀναπνοῇ
1453 3603 1612 3671 ἦλθε.
1633 3606 2042 3679 Παρισταμὲνου
2064 3602 2121 3661 δὲ

2243 3608 2371 3680 quia
2401 3623 2507 3680 ego
2539 3609 2712 3665 modo
2741 3613 2800 3664 te
2828 3615 3137 3666 secuturus
3167 3626 3320 3676 sum,
3353 3614 3634 3682 utrosque
3676 3626 3905 3681 capere

473 3697 571 3748 τοῦ
585 3686 1256 3768 πρεσϐυτέρου,ὲκὲλευσεν
1280 3690 1656 3768 αὐτῷ,λέγων·
1674 3695 1762 3751 Ἐν
1785 3698 1864 3767 τῷ
1887 3698 1964 3767 σῷ
1988 3695 2122 3768 μνή-

2242 3715 2349 3754 non
2382 3699 2773 3767 potest,abbas
2798 3699 3057 3769 protinus
3086 3698 3616 3772 respondit,dicens
3645 3716 3658 3757 :
3684 3699 3782 3756 Ita
3808 3701 3904 3757 fac

479 3782 606 3855 ματί
631 3803 698 3857 με
721 3783 915 3856 θάψον.
940 3781 1293 3856 Ἀποκριθεὶς
1313 3778 1369 3836 δὲ
1385 3782 1412 3836 6
1431 3777 1815 3858 πρεσϐύτερος,
1832 3784 1992 3838 εἶπεν·
2020 3783 2120 3840 Οἶκ

2246 3792 2301 3843 at
2321 3787 2606 3858 dixi,quia
2636 3787 2967 3857 sepulcrum
2992 3793 3159 3844 tuum
3196 3789 3402 3844 ambos
3429 3805 3536 3844 nos
3567 3789 3741 3858 capit.
3773 3789 3908 3846 De-

477 3869 594 3940 δας,
615 3872 809 3940 πάτερ,
830 3872 915 3926 ’ὁτι
936 3870 1092 3945 κάγὼ
1115 3871 1168 3925 'ev
1189 3871 1410 3933 ταύταις
1434 3877 1554 3933 ταῖς
1576 3873 1810 3947 ἡμὲραις
1831 3871 2122 3937 ἀκολουθῶ

2239 3875 2468 3931 functus
2490 3876 2685 3947 itaque
2714 3881 3003 3948 est,atque
3024 3876 3080 3931 in
3104 3876 3372 3947 sepulcro
3395 3877 3594 3932 eodem
3620 3879 3783 3948 quod
3813 3877 3901 3932 si-

478 3982 584 4025 σοι,
601 3962 690 4016 καὶ
711 3960 838 4022 τοῦς
862 3960 1202 4039 ἀμφοτέρους
1223 3966 1478 4036 χῶρῆσαι
1497 3963 1558 4018 τὸ
1582 3969 1774 4037 μνῆμα
1796 3962 1857 4018 οὐ
1881 3961 2120 4020 δύναται.

2243 3965 2288 4020 bi
2324 3967 2620 4038 presbyter
2637 3973 2935 4037 paraverat
2957 3969 3194 4037 positus.
3213 3967 3341 4024 Mox
3372 3984 3603 4039 quoque
3633 3975 3689 4024 et
3712 3985 3905 4039 pres-

478 4051 522 4108 Ο
555 4047 612 4105 δὲ
641 4049 952 4126 ἡγούμενος
980 4051 1118 4126 πρὸς
1139 4050 1299 4106 αὐτὸν
1327 4046 1452 4128 ἔφη·
1487 4052 1646 4110 Οὕτω
1694 4053 1922 4124 ποίησον
1947 4054 2126 4117 καθὼς

2256 4061 2499 4126 )yterum
2526 4055 2788 4126 corporis
2813 4056 3062 4128 languor
3083 4063 3324 4112 secutus
3344 4062 3453 4121 est,
3472 4073 3586 4127 quo
3608 4056 3918 4129 languore

478 4139 629 4195 εἶπόν
655 4159 762 4209 σοι,
786 4139 869 4194 ὅτι
890 4141 952 4195 τὸ
982 4141 1175 4214 μνῆμά
1197 4161 1292 4196 σου
1315 4142 1443 4206 τοὺς
1470 4147 1545 4217 (b)
1578 4141 1673 4198 δύο
1695 4146 1844 4216 ἡμᾶς
1867 4138 1984 4218 ἔχει
2006 4164 2124 4218 χω-

2256 4150 2529 4199 :rescente
2555 4148 2728 4200 citius
2762 4146 3064 4217 presbyter
3092 4145 3269 4201 vitam
3306 4145 3800 4218 ﬁnivit.Gumque
3837 4147 3918 4202 ad

481 4228 667 4306 ρῆσαι.
701 4229 984 4286 ’Δπέθανεν
1017 4228 1130 4302 οὖν,
1161 4230 1250 4285 καὶ
1283 4230 1358 4293 είς
1390 4231 1452 4286 τὸ
1485 4233 1695 4305 μνῆμα,
1727 4233 1858 4305 ὅπερ
1891 4233 2066 4304 ἑαυτῷ
2095 4233 2123 4287 6

2252 4233 2571 4305 sepulcrum
2588 4234 2739 4304 quod
2758 4233 2868 4289 sibi
2893 4235 3002 4304 ipsi
3023 4240 3543 4307 paraveratcorpus
3562 4234 3723 4290 illius
3751 4237 3914 4293 fuis-

479 4314 844 4396 πρεσϐύτερος
881 4320 947 4390 ἦν
987 4321 1301 4395 ἑτοιμάσας,
1341 4321 1530 4399 ἑτάφη.
1572 4321 1790 4386 Εὐθέως
1823 4320 1880 4378 δὲ
1907 4323 1998 4378 καί
2031 4323 2124 4378 τὸν

2256 4333 2322 4379 tet
2353 4341 2388 4378 a
2418 4323 2692 4378 fratribus
2722 4324 3107 4395 deportatum,
3140 4331 3342 4397 aperto
3381 4326 3585 4381 eodem
3619 4325 3918 4396 sepulcro

482 4405 844 4486 πρεσϐύτερον
865 4413 899 4480 ἡ
922 4415 1018 4466 τοῦ
1049 4412 1309 4486 σώματος
1335 4410 1596 4489 κατέσχεν
1620 4413 1882 4484 ἀσθένεια,
1905 4414 1955 4468 ἒν
2035 4413 2126 4469 καὶ

2261 4412 2511 4468 Viderunt
2535 4429 2739 4468 omnes
2759 4413 2857 4483 qui
2880 4414 3118 4470 aderant
3142 4413 3332 4470 locum
3358 4431 3472 4470 non
3496 4431 3623 4470 esse
3653 4415 3761 4472 ubi
3801 4433 3923 4488 po-

483 4505 583 4570 τήν
614 4503 758 4571 ζωὴν
793 4501 1077 4574 συντόμως
1108 4501 1418 4574 ἐπλήρωσε.
1452 4503 1524 4559 Τὸ
1558 4500 1615 4557 δὲ
1647 4507 1804 4576 σῶμα
1836 4501 1999 4558 αὐτοῦ
2023 4503 2127 4558 ὑπὸ

2261 4503 2296 4557 ιὶ
2314 4502 2764 4574 potuisset,quia
2780 4519 2993 4575 corpus
3016 4504 3198 4574 patris
3223 4503 3748 4575 monasterii,quod
3779 4505 3923 4561 illic

482 4595 589 4646 τῶν
618 4587 868 4671 ἀδελφῶν
901 4591 1228 4667 βασταχθὶν,
1251 4591 1327 4654 είς
1355 4593 1419 4647 τὸ
1453 4598 1662 4666 μνῆμα,
1696 4592 1829 4668 ὅπερ
1862 4592 2038 4665 ἑαυτῷ
2057 4593 2127 4662 ἦν

2260 4596 2376 4647 inte
2409 4590 2658 4662 positum
2686 4592 3071 4660 fuerat,omne
3103 4591 3248 4648 illud
3271 4592 3607 4664 sepulcrum
3631 4594 3922 4652 tenebat.

484 4679 804 4752 ὶτοιμάσας,
829 4678 1141 4760 ἀπηνέχθη.
1163 4680 1566 4756 Ἀνεῳχθέντυς
1589 4679 1680 4736 οὖν
1702 4686 1800 4736 τοῦ
1830 4682 2125 4755 μνημείου,

2265 4681 2497 4751 Ξυωιιιιε
2540 4681 2748 4737 fratres
2791 4681 2891 4753 qui
2933 4681 3254 4754 presbyteri
3287 4698 3499 4754 corpus
3538 4681 3927 4754 detulerant,

486 4767 767 4832 ἱθεᾶσαντο
800 4769 1025 4832 ἅπαντες
1055 4770 1108 4824 οἱ
1137 4775 1499 4845 παρεστῶτες,
1532 4770 1615 4825 ’ὁτι
1648 4770 1750 4826 οὐκ
1779 4771 1844 4840 ἧν
1878 4770 2044 4834 τόπος
2078 4771 2130 4825 ὲν

2266 4774 2454 4826 actam
2484 4769 2595 4825 sibi
2632 4769 2954 4843 sepeliendi
2983 4770 3385 4827 difﬁcultatem
3416 4770 3704 4839 viderent,
3740 4789 3928 4831 unus

487 4857 634 4930 αύτῷ
655 4855 894 4937 ὀφείλων
915 4859 1004 4914 καὶ
1027 4858 1187 4914 αὐτὸν
1213 4866 1487 4936 χωρῆσαι.
1512 4859 1588 4917 Τὸ
1605 4860 1708 4934 γὰρ
1732 4881 1892 4934 σωμα
1911 4864 2008 4914 τοῦ
2028 4880 2134 4914 πα-

2272 4871 2441 4912 .orum
2471 4857 2814 4914 exclamavit
2857 4859 3059 4916 dicens
3092 4875 3106 4915 :
3155 4860 3199 4915 Ο
3231 4858 3418 4927 Pater,
3453 4858 3552 4914 ubi
3597 4863 3692 4915 est
3740 4861 3934 4932 quod

486 4945 614 5022 τρὸς
641 4953 743 5016 τῆς
779 4954 952 5022 μονῆς
978 4949 1124 5004 τεθὲν
1149 4948 1200 5002 ἒν
1227 4946 1398 5021 αὐτῷ,
1419 4947 1550 5004 ὅλον
1581 4949 1644 5005 τὸ
1678 4955 1868 5022 μνῆμα
1900 4949 2131 5024 ἐκράτει.

2276 4945 2464 5014 .ixisti,
2497 4947 2636 5018 quia
2674 4947 3007 5019 sepulcrum
3040 4948 3197 5004 istud
3239 4948 3444 5004 ambos
3476 4963 3582 5005 nos
3611 4955 3881 5021 caperet
3904 4951 3938 5008 Ἰ

587 5077 648 5140 a)
669 5075 800 5140 Ms.,
832 5077 1008 5145 κενός.
2241 5075 2406 5132 Nunc
2439 5084 2505 5129 ad
2537 5075 2758 5130 radices
2791 5075 3007 5130 montis
3031 5077 3208 5145 jacet.

587 5148 641 5222 b)
667 5148 798 5222 βά..
822 5143 923 5222 δύο
954 5149 988 5218 ἡ
999 5151 1137 5222 μῶν.
1478 5221 1485 5222 7
1633 5220 1641 5222 _
1780 5220 1805 5222 _7
2012 5221 2036 5222 ί
2313 5147 2382 5222 (ε)
2418 5148 2708 5222 Beece_ns.,
2745 5143 3102 5222 inferiorem
3128 5149 3310 5222 sancti
3339 5147 3517 5203 Petri.

560 5218 631 5293 (ρ)
664 5218 788 5293 Dm,
818 5218 1060 5290 Theﬂd,’
1093 5222 1436 5293 compend"
1473 5220 1734 5292 Longi!“
1767 5220 1962 5276 Germ.
2010 5221 2134 5278 Duo
2311 5220 2378 5290 (Ι)
2421 5218 2663 5293 Longip.
2699 5218 2924 5274 etVal.
2953 5219 3062 5293 CL,
3113 5221 3284 5293 situm
3331 5226 3429 5274 est.
3488 5218 3760 5275 Virorum
3828 5223 3946 5280 Dei

490 5290 648 5366 Aud.
672 5297 729 5344 et
759 5292 920 5366 μιῇ,
946 5305 1172 5365 quantae
1189 5290 1316 5350 sunt
1349 5310 1514 5366 super
1542 5290 1987 5350 nos—dulcedines
2007 5309 2134 5349 σηι-
2241 5290 2774 5366 quoqueretatione,
2806 5295 2916 5366 etc.
2952 5292 3034 5345 Ita
3064 5291 3238 5366 etiam
3269 5293 3383 5346 duo
3410 5293 3629 5346 Gemet.

491 5359 966 5431 nipolentis‘oeif
1415 5359 1426 5366 “
2256 5359 2261 5360 “
2312 5359 2386 5431 (g)
2407 5359 2651 5433 Plurimi
2683 5362 3044 5417 Mss.babent
3065 5364 3320 5432 positum,
3343 5379 3460 5417 non
3483 5367 3676 5417 tamen
3703 5368 3942 5433 potio-

564 5433 642 5508 (ιι)
671 5438 976 5508 Praeneste,
1019 5453 1175 5492 nunc
1231 5437 1564 5506 Palestrina,
1597 5437 1739 5493 urbs
1779 5433 2130 5508 episcopalis
2243 5450 2369 5508 res;
2404 5432 2539 5488 hinc
2572 5433 2716 5508 nihil
2739 5434 3145 5508 corrigendum
3177 5432 3944 5508 bicdux_imus,quidquid

496 5504 2136 5582 Lati-i,aburbeRomaxxxmiliaribusdistans.Ejugprio:
2242 5505 2302 5582 in
2345 5505 2700 5561 contrarium
2749 5504 3062 5582 suaderent
3109 5506 3496 5577 grammaticae
3538 5504 3720 5578 leges,
3758 5504 3946 5582 (ian

495 5575 579 5634 ria
593 5575 1439 5665 aitusinmonti‘s‘jugo'r‘neminit
1451 5575 1900 5665 Vi_rgil.,canens
1911 5575 2135 5635 [Eneiﬂ
2243 5577 2853 5665 plerumque‘spernit
2874 5577 3042 5665 (ἦγες.

710 5649 935 5723 Quique
960 5647 1143 5707 altum
1177 5651 1448 5708 Preneste
1475 5647 1678 5710 viri...'
2245 5647 2257 5649 ⁷
2317 5647 2392 5720 (h)
2421 5647 2672 5719 Tbeod.,
2693 5651 2941 5722 provexit
2968 5647 3162 5708 annos.
