4210 6160
245 213 352 274 281

1484 221 1998 288 DIALOGORUM
2043 228 2278 289 LIBER
2322 226 2429 287 Ill.

3535 228 3653 289 282

240 350 398 407 milis
429 350 667 408 intrare.
700 352 859 422 Seps
897 368 1030 409 vero
1059 370 1127 410 ex
1157 353 1350 410 vicina
1393 355 1540 412 silva
1587 358 1878 415 venientes

2002 364 2108 414 ποῦ
2141 358 2442 431 ἐτόλμησεν
2484 354 2537 412 ἐν
2564 357 2643 429 τῷ
2672 356 2880 430 κελλίῳ
2912 357 3097 426 αὐτοῦ,
3130 357 3182 414 si
3213 360 3289 431 μή
3324 357 3376 413 ἐν
3404 379 3655 415 ταπεινο-

240 440 384 504 ursi,
416 454 554 510 apes
585 439 714 509 ejus
738 441 1039 497 comedere
1070 442 1466 499 conabantur:
1496 462 1642 515 quos
1672 446 1768 501 ille
1797 448 1892 502 de-

233 527 577 597 prehensos,
602 528 807 595 ferula,
833 546 1008 600 quam
1040 536 1267 601 portare
1285 549 1466 587 manu
1488 539 1890 604 consueverat,

233 618 507 673 caedebat.
552 622 704 674 Ante
750 622 917 690 cujus
945 622 1189 677 verbera
1222 623 1663 679 immanissimas
1697 626 1892 680 bestiae

230 708 567 779 rugiebant,
589 714 647 764 et
668 710 996 781 fugiebant;
1020 719 1076 767 et
1090 728 1217 782 quis
1232 713 1462 783 gladios
1480 714 1786 770 formidare
1798 716 1891 770 vix

224 802 520 869 poterant,
544 815 614 854 ex
640 800 766 870 ejus
785 817 960 855 manu
985 800 1137 856 ictus
1161 801 1358 857 ferula
1378 803 1887 873 pertimescebant.

224 886 419 957 Hujus
441 888 703 943 studium
728 890 840 944 fuit
857 889 1002 945 nihil
1025 890 1083 944 in
1109 889 1218 946 hoc
1243 892 1462 947 mundo
1482 892 1718 960 habere,
1742 893 1887 949 nihil

221 992 488 1047 querere
504 994 519 1043 ;
533 992 734 1033 omnes
754 978 855 1049 qui
874 980 945 1033 ad
967 995 1027 1034 se
1044 978 1349 1035 charitatis
1369 996 1545 1036 causa
1560 982 1887 1049 veniebant,

219 1069 289 1121 ad
312 1071 549 1121 aeterna
579 1067 713 1123 vitae
742 1067 1032 1123 desideria
1056 1069 1389 1125 accendere.
1423 1070 1483 1125 Si
1515 1070 1750 1141 quando
1781 1088 1890 1126 au-

217 1162 330 1209 tem
350 1154 979 1227 quorumlibetculpas
999 1162 1359 1230 agnosceret,
1385 1175 1689 1229 nunquam
1714 1160 1785 1215 ab
1803 1159 1889 1215 in-

215 1244 561 1316 crepatione
588 1262 844 1317 parcere,
874 1251 993 1317 sed,
1015 1248 1233 1304 amoris
1251 1249 1385 1321 igne
1401 1267 1743 1317 succensus,
1763 1257 1885 1308 stu-

217 1334 397 1389 debat
416 1335 475 1389 in
490 1335 580 1390 eis
592 1335 965 1391 vehementer
984 1336 1362 1409 perlinguam
1389 1340 1604 1395 saevire.
1625 1344 1883 1397 Consue-

217 1425 494 1479 tudinem
516 1441 652 1481 vero
673 1424 844 1481 vicini
870 1425 956 1481 vel
978 1425 1147 1497 longe
1171 1428 1343 1498 positi
1363 1430 1626 1499 ejusdem
1659 1430 1767 1486 loci
1793 1447 1885 1485 ac-

215 1514 357 1570 colae
390 1515 658 1572 fecerant
690 1519 752 1570 ut
790 1515 998 1571 diebus
1028 1516 1278 1588 singulis
1314 1534 1418 1590 per
1460 1518 1885 1575 hebdomadam

214 1604 634 1676 unusquisque
647 1604 699 1660 ei
711 1604 1038 1661 oblationes
1053 1623 1191 1663 suas
1206 1608 1887 1672 transmitteret,utesset

2001 450 2259 523 φροσύνη,
2292 446 2570 504 εἰσελθεῖν.
2608 445 2885 509 Πολλάκις
2918 445 2975 502 δὲ
3026 446 3087 502 ἐκ
3114 454 3211 517 τῆς
3246 449 3654 525 γειτιιιαζούσης

1999 536 2137 608 ὕλης
2169 536 2324 611 ἅρκοι
2354 538 2757 613 ἒρχόμενοι,τά
2791 536 3045 609 μελίσσια
3066 536 3231 592 αὐτοῦ
3262 544 3447 615 φαγεῖν
3473 536 3657 593 ἐδοκί-

2004 624 2305 698 μασαν,ο’ὺς
2326 626 2530 688 ἐκεῖνος
2552 626 2747 687 πιάσας
2772 630 2851 679 τῶ
2872 625 3153 700 ναρθηιιίῳ
3179 620 3421 696 ἔτυπτεν,
3445 626 3577 702 ὅπερ
3602 626 3654 682 ἐν

1998 720 2066 789 τῇ
2102 717 2249 790 χειρὶ
2282 715 2450 771 αὐτοῦ
2485 716 2764 791 βαστάζειν
2816 714 3022 771 εἷ’ωθεν.
3058 718 3147 772 Ἐν
3204 713 3261 770 δὲ
3303 721 3423 779 ταῖς
3488 717 3654 773 αὐτοῦ

2002 806 2237 877 μάστιξι,
2268 805 2337 860 τά
2384 803 2612 877 θυμώδη
2666 804 2829 879 θηρία
2859 803 3034 860 ἐκεῖνα
3077 806 3285 881 βοῶντα
3317 806 3650 881 όνεχώρουν,

1997 896 2085 950 καὶ
2120 900 2186 951 τά
2222 897 2300 969 μὴ
2334 894 2779 968 ὑποστελλόμενα
2809 896 2984 971 ξίφος,
3015 897 3113 965 τήν
3148 895 3209 950 ἐκ
3234 902 3335 965 τῆς
3350 896 3540 971 χειρὸς
3562 897 3653 952 αὐ-

1997 989 2093 1040 τοῦ
2129 986 2363 1061 μάστιγα
2395 982 2483 1039 διὰ
2528 985 2627 1039 τοῦ
2654 1004 2750 1058 ναρ
2766 986 2963 1053 θηκίου
3012 979 3329 1061 ἐφοϐοῦντο.
3361 986 3565 1040 Τούτου
3612 988 3647 1055 ἡ

1995 1079 2137 1127 πᾶσα
2158 1071 2371 1142 σπουδή
2391 1072 2442 1127 ἐν
2461 1078 2537 1128 τῶ
2559 1075 2789 1148 παρόντι
2829 1074 2933 1148 βίῳ
2973 1072 3124 1128 οὐδὲν
3159 1070 3338 1149 ἕτερον
3378 1075 3647 1149 ὑπῆρχεν,

1997 1164 2043 1217 εἰ
2064 1166 2140 1235 μή
2160 1164 2287 1225 τοὺς
2310 1164 2446 1235 πρὸς
2468 1162 2628 1217 αὐτὸν
2650 1162 2862 1238 ἀγάπης
2886 1165 3047 1238 χάριν
3075 1162 3429 1239 ἐρχομένους,
3454 1164 3531 1225 εἰς
3550 1165 3650 1232 τήν

1993 1256 2092 1321 τῇς
2120 1252 2339 1307 αἰωνίου
2373 1258 2517 1321 ζωῆς
2548 1251 2837 1324 ἐπιθυμίαν
2860 1250 3139 1327 διεγεῖραι.
3167 1253 3288 1308 Ἐὰν
3311 1250 3366 1307 δὲ
3394 1252 3484 1307 καί
3514 1252 3649 1308 ποτέ

1997 1361 2149 1402 τινος
2181 1346 2427 1413 πταῖσμα
2453 1338 2673 1416 διέγνω,
2700 1338 2956 1413 οὐδαμῶς
2988 1339 3235 1415 ἐλέγχων
3263 1345 3453 1397 τοῦτον
3498 1339 3651 1417 ἐφεί-

1999 1427 2140 1485 δετο.
2178 1430 2354 1487 Ἀλλὰ
2381 1434 2460 1484 τῶ
2492 1437 2593 1498 τῆς
2620 1429 2838 1505 ἀγάπης
2868 1430 2998 1504 πυρὶ
3030 1429 3399 1503 ἐκκαιόμενος,
3432 1431 3646 1486 ἐσκόπει

1994 1524 2112 1583 πῶς
2142 1519 2326 1581 αὐτοῖς
2361 1517 2450 1573 διὰ
2478 1526 2580 1587 τῆς
2601 1519 2855 1592 γλώττης
2885 1520 3393 1593 καθάψηται.Ἐθος
3416 1516 3473 1574 δὲ
3495 1521 3643 1594 εἶχον

1995 1610 2047 1661 οἱ
2062 1610 2452 1681 γειτνιάζοντες
2464 1612 2543 1663 τῶ
2564 1608 2842 1681 τόπῳ,καί
2857 1610 2907 1663 οἱ
2922 1606 2980 1663 ἐκ
3005 1610 3212 1681 μήκους
3234 1613 3645 1683 παροικοῦντες,

216 1694 372 1762 quod
394 1694 525 1765 ipse
537 1696 609 1748 ad
627 1710 690 1750 se
707 1694 1077 1750 venientibus
1090 1696 1297 1752 offerre
1312 1704 1444 1768 potu
1457 1697 1878 1763 isset.0uodam

1992 1699 2111 1761 καθ’
2141 1698 2367 1768 ἑκάστην
2392 1697 2599 1771 ἡμέραν
2624 1705 2724 1767 τῆς
2746 1694 3073 1771 ἑϐδομάδος,
3093 1695 3318 1759 ἕκαστος
3337 1697 3515 1752 αὐτῶν
3543 1698 3642 1766 τὴν

214 1800 354 1840 vero
377 1788 647 1855 tempore
679 1800 980 1856 possessor
1005 1785 1270 1857 quidam,
1302 1786 1593 1843 Carterius
1625 1787 1883 1842 nomine.

218 1873 1124 1940 immnndodesideriodevictus,
1140 1877 1459 1946 quamdam
1474 1877 1884 1934 sanctimonia-

210 1964 325 2019 lem
342 1964 630 2020 feminam
654 1966 869 2035 rapuit,
888 1965 1121 2037 sibique.
1137 1965 1341 2023 illicito
1362 1968 1737 2023 matrimonio
1749 1984 1880 2024 con-

202 2055 428 2125 junxit.
454 2056 620 2119 Quod
645 2072 775 2110 mox
796 2061 857 2110 ut
877 2056 967 2110 vir
983 2055 1208 2111 Domini
1225 2057 1515 2129 cognovit,
1534 2057 1584 2112 ei
1608 2075 1711 2129 per
1728 2075 1877 2128 quos

208 2142 401 2210 potuit
434 2158 570 2212 quas
603 2143 787 2197 iuerat
807 2142 1023 2213 dignus
1050 2143 1255 2199 audire
1277 2146 1591 2199 mandavit.
1614 2145 1878 2215 Cumque

209 2229 309 2284 ille
337 2230 495 2285 887
534 2230 773 2287 sceleris
803 2232 895 2285 sui
929 2232 1201 2288 conscius
1231 2233 1479 2302 timeret,
1503 2237 1678 2305 atque
1699 2235 1768 2289 ad
1793 2233 1876 2288 vi-

206 2335 336 2375 rum
373 2320 476 2375 Dei
504 2336 872 2392 nequaquam
908 2322 1178 2377 accedere
1209 2328 1603 2393 praesumeret,
1637 2339 1709 2379 ne
1731 2324 1877 2380 forte

204 2408 364 2464 hunc
378 2426 609 2480 aspere,
627 2422 684 2464 ut
700 2410 1111 2481 delinquentes
1122 2410 1725 2482 solebat,increparet,
1742 2412 1877 2469 fecit

204 2498 543 2555 oblationes
567 2516 724 2565 suas,
746 2515 961 2571 easque
983 2500 1138 2555 inter
1154 2500 1480 2557 oblationes
1497 2501 1746 2557 aliorum
1768 2503 1874 2558 mi-

205 2588 308 2649 sit.
334 2594 399 2643 ut
416 2589 550 2659 ejus
572 2605 817 2645 munera
838 2589 1048 2645 saltem
1075 2589 1387 2645 nesciendo
1401 2591 1741 2662 susciperet.
1762 2591 1874 2648 Sed

204 2696 344 2736 cum
360 2696 558 2735 coram
574 2696 641 2736 eo
657 2678 903 2734 fuissent
917 2678 1240 2735 oblationes
1254 2680 1521 2736 omnium
1535 2679 1873 2752 deportatis,

208 2769 305 2823 vir
334 2768 439 2825 Dei
468 2770 683 2824 tacitus
714 2769 889 2839 sedit,
921 2767 1225 2840 sigillatim
1266 2785 1470 2825 omnes
1509 2770 1874 2826 considerare

208 2859 746 2929 studuit,etomnes
760 2858 905 2913 alias
920 2856 1143 2929 eligens
1155 2863 1330 2931 atque
1343 2874 1610 2914 seorsum
1628 2876 1872 2929 ponens,

207 2948 545 3005 oblationes
556 2964 707 3020 quas
720 2947 1136 3003 idemCarteriu
1146 2965 1171 3004 s
1189 2948 1593 3005 transmiserat
1606 2953 1877 3021 cognovit

213 3055 318 3109 per
347 3038 648 3108 spiritum,
679 3038 899 3109 sprevit
940 3046 1110 3110 atque
1156 3038 1391 3109 abjecit,
1441 3038 1677 3094 dicens:
1706 3040 1790 3095 Ite
1818 3042 1876 3095 et

1994 1786 2185 1842 ἑαυτοῦ
2225 1787 2478 1862 εὐλογίαν
2498 1788 2633 1861 πρὸς
2656 1787 2815 1843 αὐτὸν
2836 1785 3177 1855 ἀποστεῖλαι,
3195 1785 3288 1841 ’ίνα
3305 1784 3411 1866 ἔχῃ
3436 1809 3487 1842 τι
3518 1789 3646 1861 παρ’

1992 1876 2163 1931 ὲαυτῶ
2178 1878 2396 1951 δπερ(ὺ)
2411 1876 2617 1955 ὀφείλει
2639 1883 2755 1939 τοῖς
2778 1878 2913 1950 πρὸς
2937 1877 3098 1933 αὐτὸν
3128 1876 3449 1953 ἐρχομένοις
3471 1896 3644 1951 παρα-

1991 1972 2179 2029 θεῖναι.
2199 1968 2293 2022 Ἐν
2314 1986 2425 2020 τιοιι
2451 1963 2508 2020 δὲ
2527 1972 2703 2041 καιρῶ
2720 1970 2937 2039 κτήτωρ
2964 1989 3050 2030 τις
3072 1966 3367 2041 Καρτέριος
3391 1967 3641 2038 ὀνόματι,

1986 2056 2273 2129 ἂκαθάρτῳ
2287 2054 3642 2130 ἐπιθυμίανικηθεὶς,καθιερωμίνηντινά(σ)θήλειαν

1985 2139 2201 2217 ἔκλεψε,
2233 2145 2324 2199 καὶ
2368 2140 2697 2219 ἀναρμόστῳ
2747 2144 3066 2216 συνοικεσίῳ
3115 2144 3287 2199 ἑαυτῶ
3341 2145 3635 2213 συνέζευξε.

1986 2237 2164 2291 Τοῦτο
2197 2233 2255 2290 δὲ
2294 2236 2322 2289 6
2370 2239 2467 2291 τοῦ
2499 2238 2633 2289 Θεοῦ
2664 2233 2946 2307 ἄνθρωπος
2973 2235 3163 2303 Μηνᾶς
3204 2230 3540 2301 ἀκούσας,δι“
3562 2233 3634 2287 ὼν

1986 2321 2231 2394 ἠδυνήθη
2266 2326 2440 2400 εὐρεῖν
2476 2323 3042 2399 ἀπερχομένων,όίπερ
3063 2325 3127 2391 ἧν
3153 2322 3299 2392 ἄξιος
3319 2323 3637 2395 ἀκοῦσαι(ά)

1983 2414 2164 2485 τούτῳ
2195 2411 2494 2483 ἐδήλωσεν.
2532 2416 2768 2475 Ἐκεῖνος
2802 2411 2858 2468 δὲ
2886 2414 2985 2482 τὴν
3018 2413 3171 2470 888
3231 2411 3422 2466 ἑαυτοῦ
3458 2410 3633 2465 αἴτίαν

1986 2501 2264 2573 συνειδώς,
2289 2502 2681 2578 οὐδαμῶςέτόλ
2692 2525 2766 2577 μα
2776 2509 2855 2559 τῶ
2868 2504 3135 2578 ἀνθρώπῳ
3145 2506 3242 2558 τοῦ
3256 2507 3389 2558 Θεοῦ
3401 2522 3634 2579 προσεγ-

1982 2593 2151 2671 γίσαι,
2167 2590 2340 2671 φοϐοὐ
2350 2616 2503 2668 μενος
2522 2592 2615 2649 ’ἱνα
2635 2596 2710 2667 μὴ
2738 2593 2827 2649 καὶ
2849 2597 3040 2648 τοῦτον
3055 2592 3232 2653 καθὼς
3253 2591 3380 2654 τοὺς
3404 2589 3635 2655 λοιποὺς

1984 2686 2392 2759 ἁμαρτάνοντας
2424 2681 2693 2757 διελέγξῃ.
2731 2684 2990 2753 Ἐποίησε
3022 2679 3079 2737 δὲ
3107 2682 3201 2743 τὰς
3241 2682 3432 2736 ἑαυτοῦ
3472 2680 3633 2735 εὐλο-

1983 2770 2229 2846 γίας,καὶ
2247 2771 2443 2833 ταύτας
2470 2770 2665 2843 μεταξὺ
2685 2775 2791 2825 τῶν
2813 2768 2997 2827 ἄλλων
3022 2766 3291 2844 εὐλογιῶν
3318 2767 3471 2842 μίξας
3502 2765 3631 2823 ἀπέ-

1984 2858 2215 2927 στειλεν,
2246 2862 2393 2921 ὅπως
2433 2853 2672 2933 ἀκριϐῶς
2710 2860 2785 2930 μή
2840 2857 3295 2932 ἐπιγινώσκοντος
3355 2853 3519 2912 αὐτοῦ
3567 2856 3632 2910 τὰ

1987 2947 2156 3024 δῶρα,
2178 2953 2345 3005 ταῦτα
2374 2946 2610 3017 δέξηται.
2636 2947 2725 3008 Ὠς
2757 2947 2849 3002 οὗν
2872 2947 3100 3003 ἐνώπιον
3121 2948 3288 3003 αὐτοῦ
3311 2947 3365 3001 αἱ
3387 2966 3635 3022 προσφο-

1990 3039 2079 3113 ραὶ
2108 3038 2324 3092 πάντων
2350 3035 2756 3111 ἀπηνέχθησαν,
2777 3036 2804 3090 6
2831 3040 2927 3090 τοῦ
2950 3040 3082 3091 Θεοῦ
3114 3036 3394 3108 ἅνθρωπος
3416 3034 3635 3113 ἡσυχά-

217 3103 401 3184 dicite
419 3127 471 3183 ei
492 3144 506 3183 :
527 3103 895 3183 Oblationem
915 3103 1082 3182 suam
1103 3103 1491 3200 omnipotenti
1516 3128 1758 3183 Domino
1777 3128 1875 3184 ab-

1991 3134 2093 3197 ζων
2129 3126 2431 3195 ἐκαθέζετο,
2462 3125 2551 3180 καὶ
2584 3126 2700 3187 καθ’
2732 3123 2784 3179 ὲν
2826 3123 2998 3188 πάσας
3028 3124 3201 3179 αὐτῶν
3237 3126 3512 3193 σκοπήσας
3542 3123 3631 3178 καὶ

217 3217 463 3283 stulisti,
497 3221 556 3272 et
594 3215 739 3271 mihi
784 3220 917 3271 tuas
961 3215 1278 3272 oblationes
1324 3218 1681 3272 transmittis
1704 3216 1731 3271 Ἰ
1762 3222 1877 3289 Ego

218 3306 569 3361 oblationem
605 3310 766 3360 tuam
799 3320 917 3360 non
948 3305 1189 3374 accipio,
1215 3304 1354 3377 quia
1379 3321 1550 3360 suam
1575 3304 1874 3362 abstulisti

222 3398 354 3452 Deo.
387 3395 512 3459 Qua
540 3412 608 3451 ex
655 3412 717 3451 re
758 3394 978 3451 factum
1009 3401 1097 3451 est
1144 3401 1208 3450 ut
1252 3401 1566 3467 praesentes
1610 3414 1875 3469 quosque

220 3503 473 3559 magnus
489 3486 661 3542 timor
680 3485 1001 3553 invaderet,
1019 3501 1154 3542 cum
1176 3486 1267 3541 vir
1285 3485 1515 3542 Domini
1538 3491 1658 3542 tam
1681 3487 1871 3544 scien-

218 3584 302 3632 ter
340 3577 411 3631 de
441 3576 784 3631 absentibus
807 3574 1123 3645 jndicaret.

1984 3218 2340 3286 κατανοήσας,
2356 3215 2488 3276 ὅλας
2504 3214 2598 3275 τὰς
2621 3211 2796 3275 ἄλλας
2810 3211 3318 3284 ἐπιλεξάμενος,καὲ
3334 3214 3477 3285 παρὰ
3503 3212 3629 3285 μίαν

1986 3308 2157 3377 θησας
2186 3305 2281 3366 τὰς
2314 3301 2587 3380 εὐλογίας,
2608 3300 2775 3374 ἅσπερ
2800 3303 2827 3356 6
2851 3300 3010 3363 αὐτὸς
3035 3299 3329 3375 Καρτὲριος
3348 3299 3634 3357 ἀπέστειλε

1985 3393 2074 3450 διὰ
2111 3399 2206 3449 τοῦ
2240 3392 2546 3465 πνεύματος
2576 3388 2867 3466 γνωρίσας,
2891 3386 3342 3463 παροικτρώσατο
3372 3388 3461 3443 καὶ
3502 3388 3631 3443 ἀπε-

1984 3480 2205 3551 ϐάλετο,
2233 3480 2429 3558 λέγων’
2454 3476 3055 3544 Ἀπέλθετοκαὶεῗπατε
3076 3476 3242 3533 αὐτᾶν
3261 3478 3375 3546 Τὴν
3394 3498 3633 3555 προσφο-

1984 3576 2079 3650 ρὰν
2109 3576 2205 3628 τοῦ
2234 3567 2645 3643 παντοδυνάμου
2667 3573 2801 3624 Θεοῦ
2832 3568 3028 3642 ἐπῆρες
3060 3566 3631 3641 [Ρ.Ιεε.ἀπῆρας,ὴίο

223 3670 279 3722 et
309 3664 507 3735 infra],
538 3664 625 3717 καὶ
661 3661 785 3736 ἐμοὶ
811 3663 1007 3723 ταύτας
1036 3663 1135 3724 τὰς
1161 3661 1419 3739 εὐλογίας
1458 3661 1817 3727 ἀποστέλλεις
1844 3683 1858 3733 ;
1886 3663 1991 3741 ὶγὼ
2020 3665 2118 3732 τὴν
2144 3664 2241 3731 σὴν
2273 3659 2586 3738 προσφορὰν
2624 3658 2685 3713 οὐ
2714 3653 3158 3732 λαμϐάνω,διότι
3189 3655 3251 3711 σὺ
3288 3656 3455 3711 αὐτοῦ
3495 3661 3630 3712 Θεοῦ

220 3754 313 3822 τήν
348 3752 666 3828 προσφορὰν
700 3751 920 3826 ἐπῆρες.
956 3754 1053 3809 Ἐκ
1080 3750 1276 3807 τούτου
1308 3751 1401 3807 οῦν
1438 3750 1607 3828 μὲγας
1637 3749 1809 3831 φόϐος
1838 3758 1955 3816 τοῖς
1984 3756 2244 3828 παροῦσιν
2279 3748 2656 3819 ἐπέπεσεν,ὅτι
2688 3749 2833 3803 οὕτω
2862 3750 3041 3822 σοφῶς
3074 3746 3102 3800 6
3131 3750 3227 3800 τοῦ
3259 3749 3394 3801 Θεοῦ
3425 3746 3629 3819 ἄνθρωα-

219 3862 316 3900 πος
346 3842 473 3915 περί
504 3845 615 3895 τῶν
648 3840 1027 3917 ἀγνοουμένων
1060 3839 1295 3914 ἔκρινεν.

287 3937 461 3988 Pera.
497 3932 712 3987 Multos
744 3933 947 3988 borum
982 3932 1249 4003 suspicor
1293 3931 1641 4004 martyrium
1675 3933 1872 3990 subire

222 4022 502 4094 potuisse,
531 4022 609 4091 (α)
640 4024 685 4077 si
711 4037 811 4078 eos
830 4027 1062 4093 tempus
1083 4020 1511 4092 persecutionis
1531 4020 1869 4079 invenisset.

287 4207 549 4263 ϐπεοοει.
582 4210 707 4261 Duo
737 4211 891 4271 sunt,
925 4204 1111 4271 Petre,
1142 4202 1408 4275 martyrii
1438 4217 1670 4274 genera,
1695 4221 1873 4264 unum

222 4296 277 4351 in
307 4298 564 4359 occulto,
598 4296 841 4349 alterum
873 4294 933 4348 in
962 4293 1216 4365 publico.
1248 4291 1393 4347 Nam
1418 4291 1526 4347 etsi
1550 4292 1874 4363 persecutio

225 4385 368 4441 desit
388 4385 670 4448 exterius,
695 4383 952 4455 martyrii
976 4382 1252 4437 meritum
1280 4380 1338 4436 in
1361 4381 1583 4437 occulto
1600 4386 1713 4451 est,
1735 4396 1871 4437 cum

223 4477 399 4531 virtus
431 4474 504 4529 ad
530 4472 858 4546 passionem
883 4474 1157 4543 prompta
1178 4469 1383 4540 ﬂagrat
1405 4471 1462 4525 in
1485 4470 1700 4527 animo.
1734 4469 1878 4535 Quia

220 4565 373 4621 enim
402 4579 534 4620 esse
558 4561 744 4635 possit
766 4564 822 4617 et
844 4560 973 4616 sine
992 4564 1194 4632 aperta
1219 4559 1488 4631 passione
1510 4559 1874 4629 martyrium,

226 4658 479 4711 testatur
509 4651 567 4707 in
599 4649 911 4723 Evangelia
958 4648 1259 4715 Dominus,
1292 4648 1409 4720 'qui
1453 4648 1710 4705 Zebedaai
1744 4648 1877 4705 ﬁliis

223 4744 407 4799 adhuc
427 4757 548 4813 pra
568 4739 912 4796 inﬁrmitate
946 4738 1162 4795 mentis
1198 4737 1423 4808 majora
1444 4737 1721 4793 sessionis
1752 4736 1878 4794 loca

2056 3935 2249 3987 ΠΕΤΡ.
2266 3927 2516 3991 Πολλοὺς
2530 3924 2590 3984 ἔκ
2601 3927 2807 3985 τούτων
2822 3918 3195 3997 ὑπολαμϐάνω
3209 3920 3466 3988 δύνασθαι
3495 3944 3640 3997 μαρ-

1982 4020 2167 4096 τύριον
2185 4020 2495 4092 ὑπομεῖναι,
2510 4017 2597 4073 ἐάν
2621 4016 2818 4082 αὐτοὺς
2839 4018 2867 4072 ὁ
2886 4019 2983 4071 τοῦ
3005 4012 3259 4090 διωγμοῦ
3281 4013 3469 4089 καιρὸς
3481 4011 3637 4069 κατέ-

1986 4109 2019 4166 λ
2032 4105 2173 4165 αϐεν.

2056 4200 2351 4256 ΓΡΗΓΟΡ.
2385 4198 2490 4252 Δύο
2514 4197 2636 4266 εἰσί,
2669 4197 2856 4272 Πέτρε,
2895 4194 3193 4269 μαρτυρίου
3224 4191 3366 4263 είδηο
3388 4192 3443 4247 ’ἐν
3472 4191 3527 4248 ὲν
3557 4195 3639 4265 τῷ

1984 4293 2231 4363 κρυπτῷ,
2260 4288 2351 4342 καὶ
2380 4284 2563 4363 ἕτερον
2603 4286 2657 4342 ἐν
2688 4292 2768 4359 τῷ
2816 4290 3047 4364 φανερῷ·
3084 4283 3187 4339 Κᾶν
3235 4284 3337 4361 γάρ
3387 4279 3634 4356 διωγμὸς

1984 4374 2172 4453 ἔξωθεν
2207 4378 2306 4434 οὐκ
2326 4376 2459 4447 ἔστι,
2480 4379 2541 4433 τὸ
2561 4382 2658 4433 τοῦ
2682 4377 2983 4453 μαρτυρίου
3016 4375 3226 4449 ἀξίωμα
3244 4374 3295 4429 ἐν
3315 4377 3393 4444 τῷ
3414 4374 3637 4446 κρυπτῷ

1985 4468 2123 4523 εἶναι
2156 4466 2399 4537 δύναται,
2430 4466 2482 4522 ἐν
2510 4471 2589 4539 τῷ
2619 4465 2921 4541 προθύμως
2948 4466 3047 4533 την
3078 4466 3264 4537 ψυχὴν
3294 4466 3410 4523 τοῖς
3444 4459 3638 4514 πάθεσι

1987 4554 2213 4630 δυνάμει
2244 4557 2806 4620 ἀντιτάσσεσθαι.“οτι
2837 4551 2893 4609 δὲ
2924 4551 3145 4609 δύναται
3175 4551 3265 4605 καὶ
3298 4550 3451 4611 ἐκτὸς
3482 4568 3640 4626 φανε-

1988 4651 2094 4722 ρῶν
2106 4651 2390 4721 τιμωριῶν
2415 4646 2547 4701 εἶναι
2574 4649 2870 4720 μαρτύριον
2895 4643 2923 4698 6
2940 4640 3128 4715 κύριος
3156 4639 3207 4695 ἑν
3231 4644 3310 4711 τῷ
3332 4635 3638 4712 εὐαγγελίῳ

1990 4734 2443 4803 δείκνυται,ὅστις
2474 4739 2591 4796 τοῖς
2623 4734 2762 4795 υἱοῖς
2796 4726 3080 4786 Ζεϐεδαίου
3110 4729 3170 4785 ἰκ
3188 4735 3289 4797 τῆς
3315 4730 3411 4781 τοῦ
3445 4726 3636 4799 λογισ-

223 4800 622 4904 querentibus
650 4828 825 4885 dicit:
855 4830 1085 4884 Potestis
1118 4800 1313 4882 bibere
1330 4827 1555 4882 calicem
1584 4842 1743 4898 quem
1779 4842 1877 4896 ego

1991 4830 2096 4899 μοῦ
2124 4800 2305 4897 ἀκμῇ
2338 4822 2612 4887 ἀσθενείας
2665 4821 2934 4896 μεγάλους
2985 4826 3088 4888 τῆς
3133 4814 3395 4891 καθέδρας
3430 4814 3634 4878 τόπους

222 4924 499 4979 bibiturus
523 4938 641 4977 sum
664 4922 881 4991 (lauit.
903 4936 1001 4989 xx,
1022 4918 1115 4989 2‘2)
1134 4918 1163 4972 Ἰ
1181 4917 1286 4972 Cui
1318 4916 1586 4973 videlicet
1620 4934 1753 4973 cum
1785 4933 1875 4974 re-

222 5015 611 5087 sponderent:
637 5010 1059 5076 Ponumus;ait
1076 5008 1370 5079 utrisque:
1396 5008 1633 5064 Calicem
1655 5007 1877 5078 quidem

222 5124 402 5162 meum
443 5105 645 5159 bibetis
669 5120 685 5173 ;
732 5102 917 5157 sedere
940 5108 1125 5155 autem
1155 5098 1225 5154 ad
1273 5098 1555 5155 dexteram
1583 5101 1763 5153 meam
1792 5098 1876 5153 vel

215 5199 531 5259 sinistram,
566 5209 672 5248 non
700 5196 776 5247 est
804 5206 985 5245 meum
1015 5188 1145 5244 dare
1173 5187 1321 5243 vobis
1353 5186 1558 5257 (Ibid).
1590 5186 1733 5251 Quid
1766 5202 1873 5240 au-

218 5290 333 5341 tem
359 5284 563 5341 calicis
585 5297 815 5347 nomen,
831 5280 945 5336 nisi
976 5278 1259 5349 passionis
1275 5275 1547 5348 poculum
1562 5275 1792 5346 signat?
1810 5279 1878 5331 Et

215 5391 351 5431 cum
379 5373 661 5430 nimirum
684 5376 903 5426 constet
922 5368 1056 5439 quia
1070 5369 1314 5423 Iacobus
1334 5367 1391 5421 in
1415 5364 1689 5437 passione
1705 5380 1870 5419 occu-

215 5466 371 5533 buit,
390 5464 650 5520 Joannes
670 5477 803 5517 vero
830 5461 890 5515 in
922 5474 1060 5531 pace
1091 5455 1365 5514 Ecclesia
1393 5453 1633 5526 quievit,
1663 5452 1871 5508 incun-

288 5576 371 5643 (a)
406 5569 652 5642 Longip.
687 5573 743 5626 et
772 5567 1019 5637 Theod.,
1053 5566 1101 5622 si
1130 5580 1218 5623 eos
1248 5578 1308 5621 eo
1332 5568 1569 5634 tempore
1597 5564 1868 5632 persecat.

207 5653 512 5712 tempesta:
544 5644 851 5701 invenisset.

279 5719 363 5792 (ο)
389 5720 523 5788 ιιι,
547 5712 756 5795 ὀφείλῃ.

1986 4914 2332 4985 ἐπιζητοῦσιν
2363 4912 2528 4968 εἶπεν·
2566 4918 2797 4974 Δύνασθε
2825 4909 2992 4965 πίνειν
3022 4910 3085 4964 τὸ
3122 4909 3386 4981 ποτήριον
3444 4907 3472 4960 6
3526 4904 3637 4980 ὶγὼ

1990 5002 2182 5077 μέλλω
2220 5002 2387 5057 πίνειν
2417 5022 2431 5071 ;
2458 5002 2652 5059 Αὐτῶν
2682 4997 2741 5055 δὲ
2768 4996 3637 5073 ἀποκριθέντων,Δυνάμεθα,τοῖς

1987 5090 2323 5168 ἀμφοτέροις
2351 5090 2600 5145 εἶπεν-Τὸ
2629 5090 2723 5162 μὶν
2745 5089 3009 5163 ποτήριόν
3046 5108 3150 5161 μου
3181 5084 3463 5153 πίεσθε,τὸ
3486 5080 3543 5137 δὶ
3564 5083 3635 5155 (e)

1984 5182 2201 5245 καθίσαι
2234 5180 2293 5235 ἐκ
2320 5177 2507 5250 δεξιῶν
2540 5200 2644 5251 μου
2675 5178 2765 5233 καὶ
2795 5177 2845 5251 ἕξ
2877 5176 3310 5251 εὐωνύμων,οὐκ
3339 5171 3479 5231 ἔστιν
3500 5171 3632 5246 ἐμὸν

1980 5274 2142 5325 τοῦτο
2167 5266 2374 5336 δοῦναι,
2390 5267 2618 5329 ἀλλὀἷς
2641 5269 2973 5339 ἡτοιμάσθη.
2991 5267 3053 5323 Τί
3078 5265 3134 5321 δὶ
3155 5264 3423 5339 ποτηρίου
3438 5260 3631 5334 ὄνομα,

1982 5360 2028 5412 εί
2063 5358 2139 5431 μὴ
2161 5358 2222 5412 τὸ
2244 5358 2413 5420 πάθος
2435 5354 2681 5411 διἀὐτοῦ
2704 5355 2954 5429 σημαίνει
2972 5376 2985 5425 ;
3004 5355 3282 5427 Ἐντούτῳ
3303 5351 3397 5408 οῦν
3421 5350 3632 5406 δείκνυ-

1980 5468 2069 5503 ται
2124 5446 2207 5501 δτι
2241 5439 2499 5508 Ἰακωόὁς
2535 5445 2629 5517 μὶν
2666 5445 2824 5509 πάθει
2856 5443 3172 5517 ἐτελειώθη,
3208 5441 3463 5513 Ἰωάννης
3497 5434 3559 5491 δὲ
3584 5431 3639 5487 ἰν

2051 5556 2120 5626 (c)
2149 5553 2280 5627 Ms,
2311 5552 2431 5607 τινὰ
2467 5552 2657 5627 κόρην.

2052 5624 2129 5700 (d)
2157 5625 2301 5700 Ms,
2332 5630 2502 5680 ταῦτα
2532 5624 2676 5700 αὐτῷ
2697 5624 2851 5700 ἐδηλ.

2052 5629 2107 5697 (d
2172 5629 2301 5694 Ms.,
2332 5630 2502 5680 ταῦτα
2532 5629 2596 5681 αὐ

2052 5629 2129 5771 (ei
2154 5697 2282 5767 Ed.,
2313 5700 2599 5770 καθῆσθαι.

4066 4221 4069 4261 l

4066 4318 4067 4363 l

4066 4650 4067 4691 l

4066 4922 4069 4965 l
