4210 6160
528 280 643 340 283
1726 277 2009 339 SANCTI
2056 279 2429 343 GttEGORII
2473 280 2729 343 MAGNI
3814 291 3930 348 284

528 409 718 484 εἰρήνῃ
732 416 797 479 τῆ
808 432 832 474 ς
844 409 1135 480 ἓκκλησίας
1150 412 1228 483 (α)
1238 407 1485 466 ἀνὲπαυε.
1496 409 1582 465 Ἐν
1601 408 1766 464 ἅπασι
1779 408 1956 465 τοίνυν
1972 408 2177 466 δείκνυ-

2288 418 2512 470 ctanter
2534 413 2846 486 colligitur,
2869 430 2999 471 esse
3018 418 3075 471 et
3094 413 3221 472 sine
3240 418 3436 488 aperta
3450 417 3721 487 passione
3731 426 3935 495 marty-

525 519 637 567 ται,
677 498 766 554 καὶ
790 495 910 554 ἄνευ
941 502 1171 577 φανεροῦ
1209 497 1413 559 πάθους
1446 496 1740 572 μαρνύριον
1771 499 2169 569 εἴναι,ὁπότ’ἃν

2280 503 2455 568 rium,
2473 504 2707 574 quando
2723 504 2887 560 etille
2899 504 3134 560 calicem
3156 504 3379 561 Domini
3403 505 3598 563 bibere
3617 508 3728 563 dict
3742 513 3927 575 usest,

526 588 773 652 κάκεῖνος
803 593 945 644 πιεῖν
972 589 1033 643 τὸ
1056 591 1153 642 τοῦ
1183 589 1445 661 ποτήριον
1470 587 1659 661 κυρίου
1688 585 1905 664 ἐρῥέθη,
1937 589 2085 652 ὅστις
2116 591 2169 645 ὲν

2281 593 2378 664 qui
2402 610 2471 647 ex
2494 596 2894 665 persecutione
2926 601 3189 650 mortuus
3223 612 3335 650 non
3372 602 3480 652 est.
3513 596 3591 653 De
3614 596 3706 653 his
3736 604 3926 655 autem

530 672 759 753 διωγμῷ
789 676 887 732 οὐκ
913 676 1187 741 ἀπέθανεν.
1205 678 1335 751 Περί
1365 678 1571 732 τούτων
1602 677 1656 733 δὲ
1675 679 1942 734 τοιούτων
1963 680 2050 734 καὶ
2071 702 2170 749 τη-

2280 680 2495 737 talibus
2518 682 2811 753 tantisque
2827 682 2987 748 viris,
3018 700 3263 753 quorum
3293 686 3565 756 superius
3587 689 3925 744 memoriam

527 766 797 821 λικοότων
828 763 1059 839 ἀνδρῶν,
1087 766 1159 820 ὧν
1192 766 1446 841 ἀνωτέρω
1480 767 1664 840 μνείαν
1699 769 2029 842 πεποίημαι,
2052 775 2169 832 πῶς

2279 768 2409 836 feci,
2443 787 2548 827 cur
2575 771 2843 828 dicamus
2871 772 3009 844 quia
3036 773 3084 827 si
3118 774 3541 842 persecutionis
3562 781 3792 847 tempus
3812 793 3924 833 exs-

525 856 625 911 οὐκ
653 852 855 936 ἔχομεν
888 858 1079 929 εἷπεῖν,
1111 857 1195 914 ὅτι
1226 858 1275 914 εί
1305 859 1500 922 αὐτοὺς
1531 862 1558 916 ὁ
1589 864 1685 916 τοῦ
1716 858 1965 939 διωγμοῦ
1985 862 2173 935 καιρὸς

2281 858 2519 928 titisset,
2551 870 2839 931 martyres
2859 877 2989 917 esse
3012 863 3363 933 potuissent,
3388 863 3487 935 qui
3513 866 3723 921 occulti
3744 865 3929 923 bostis

522 942 1082 1018 κατέλαϐεν,ἱαυτοὺς
1103 949 1180 1011 εἰς
1205 950 1499 1025 μαρτύριον
1527 948 1805 1006 ἐπιδοῦναι
1834 949 2170 1027 εἷχον;ο⁹ίτι-

2280 946 2522 1003 insidias
2534 949 3128 1023 tolerantes,suosque
3142 951 3199 1005 in
3215 951 3325 1008 hoc
3339 952 3558 1009 mundo
3571 955 3928 1011 adversarios

523 1055 606 1096 νες
632 1039 728 1091 τοῦ
758 1036 992 1115 ἀφανοῦς
1024 1037 1423 1113 πολεμήτορος
1465 1039 1561 1101 τὰς
1611 1037 1797 1114 ἄνδρας
1849 1036 1939 1094 ’διά
1975 1039 2175 1101 παντὸς

2281 1034 2611 1109 diligentes,
2634 1038 2862 1095 cunctis
2884 1038 3219 1096 carnalibus
3241 1039 3545 1097 desideriis
3571 1043 3926 1112 resistentes,

526 1123 853 1200 ὑπήνεγκαν,
883 1126 974 1181 καὶ
1028 1126 1156 1189 τοὺς
1207 1128 1409 1183 ἑαυτῶν
1454 1125 1761 1189 ἀντιδίκους
1801 1126 1854 1183 ἑν
1905 1127 2052 1199 αὐτῷ
2091 1133 2172 1201 τῷ

2280 1141 2382 1197 per
2402 1125 2511 1183 hoc
2532 1128 2689 1199 quod
2711 1144 2773 1184 se
2798 1128 3186 1200 omnipotenti
3208 1129 3324 1186 Deo
3347 1130 3405 1185 in
3436 1132 3610 1187 corde
3637 1139 3928 1191 mactave-

521 1212 716 1287 κόσμῳ
745 1213 1163 1291 ἠγάπησαν,καὶ
1185 1216 1383 1280 πάσαις
1400 1215 1519 1279 ταῖς
1550 1222 1836 1289 κοσμικαῖς
1860 1214 2171 1289 ἐπιθυμίαις

2281 1224 2435 1284 runt,
2458 1216 2633 1273 etiam
2660 1218 3088 1291 pacistempore
3102 1225 3381 1292 martyres
3396 1222 3656 1290 fuerunt,
3674 1224 3811 1279 dum
3833 1241 3930 1279 no-

522 1300 875 1373 ἀντίστησαν,
891 1300 979 1359 διὰ
1001 1304 1064 1359 τὸ
1086 1305 1308 1367 ἑαυτοὺς
1330 1305 1516 1369 θυσίαν
1541 1310 1619 1377 τῷ
1638 1303 2033 1379 παντοδυνάμῳ
2055 1306 2170 1377 Θεῷ

2279 1307 2415 1361 stris
2446 1307 2618 1363 modo
2648 1308 3010 1379 temporibus
3058 1308 3201 1365 viles
3248 1325 3481 1382 quoque
3529 1316 3588 1367 et
3635 1313 3931 1371 saecularis

528 1392 902 1468 προσενέγκαι.
917 1396 1039 1452 ’Ότι
1064 1392 1121 1449 δὶ
1141 1396 1231 1450 καὶ
1251 1394 1303 1450 ἐν
1327 1400 1406 1468 τῷ
1423 1402 1522 1466 τῆς
1546 1396 1768 1471 εἰρήνης
1788 1400 1961 1470 καιρῷ
1973 1395 2173 1471 ἀρτίως

2279 1395 2405 1451 vita
2434 1412 2734 1468 personas,
2769 1400 2840 1456 de
2868 1400 3084 1472 quibus
3113 1400 3196 1456 nil
3220 1401 3474 1458 cmlestis
3495 1401 3694 1474 glorias
3718 1420 3933 1476 praesu-

529 1480 737 1537 ἐπὶτῶν
755 1482 1036 1559 ἡμετέρων
1071 1484 1284 1559 Χρόνων
1308 1485 1573 1560 μάρτυρες
1605 1486 1889 1563 γεγόνασιν
1913 1485 2167 1559 κοσμικοί

2281 1486 2361 1541 mi
2396 1503 2564 1558 posse
2607 1488 2933 1561 videbatur,
2980 1490 3181 1547 oborta
3223 1491 3545 1560 occasione,
3585 1493 3830 1565 contigit
3858 1493 3931 1550 ad

522 1592 665 1634 τινες
695 1572 784 1627 καὶ
814 1576 883 1646 τῇ
917 1578 1033 1648 ζωῇ
1066 1573 1541 1653 ἀπράγμονες,καὶ
1577 1574 1628 1631 ἒν
1659 1579 1727 1649 τῇ
1760 1577 1993 1651 οὐρανοῦ
2016 1572 2168 1651 δόξῃ,

1577 1574 1628 1631 ἒν
1659 1579 1727 1649 τῇ
1760 1577 1993 1651 οὐρανοῦ
2016 1572 2168 1651 δόξῃ,
2280 1580 2539 1653 martyrii
2571 1598 2815 1639 coronas
2852 1582 3231 1654 pervenisse?

524 1662 767 1742 στεφάνῳ
801 1666 1100 1741 μαρτυρίου
1128 1669 1971 1746 κατεκοσμήθησαν,προφάσεως
1990 1667 2172 1724 εὐκαί-

526 1772 622 1829 ρου
652 1750 1004 1825 ἰπελθούσης,
1038 1752 1399 1832 διηγήσασθαι
1427 1758 1779 1832 πειράσομαι.
2200 1796 2249 1863 Β

1132 1873 1392 1928 ΚΕΦΔΛ.
1434 1874 1555 1926 ΚΖ’.
2202 1860 2237 1863 ⁷

2202 1860 2237 1863 ⁷
2857 1860 3091 1918 CAPUT
3128 1861 3349 1917 Χχνιι.

527 1955 652 2028 Περὶ
685 1960 794 2011 τῶν
830 1958 906 2031 μὴ
937 1956 1277 2040 θελησάντων
1319 1968 1725 2040 μιαροφξγῆσαι
1771 1961 2170 2040 τεσσαράκοντα

2278 1954 2372 2040 De
2401 1950 2769 2040 quadraginta
3134 1950 3231 2040 qui
3285 1967 3405 2040 pro_
3442 1968 3503 2008 eo
3549 1952 3690 2040 quod
3734 1970 3933 2040 carne:

595 2023 1002 2162 ἔξωργῶὴάαὶ
1037 2023 1141 2085 ὕπὸ
1178 2035 1285 2086 τῶν
1320 2023 1745 2108 ’Λογγὸϐἀρδων
1800 2023 2171 2108 ἀποκεφαλισ-

656 2119 817 2159 ντων.

2349 2023 2627 2108 comedere
2642 2024 3059 2151 timmolatitia:
3106 2024 3428 2091 noluerunt,
3476 2042 3511 2081 a
3558 2023 3936 2098 Langobardi:

2348 2110 2509 2152 occisi
2535 2112 2638 2150 sun
2669 2134 2684 2151 .

595 2206 707 2277 Πρὸ
736 2210 843 2261 τῶν
877 2205 1166 2264 δεκαπέντε
1184 2209 1390 2265 τούτων
1414 2209 1767 2281 temnes;
1787 2212 1937 2267 οὗτοι
1970 2231 2170 2287 μαρτυ-

2352 2204 2496 2260 Nam
2511 2206 2645 2259 ante
2661 2203 2767 2259 bos
2781 2204 2962 2260 ferme
2975 2220 3161 2260 annos
3181 2204 3516 2277 quindecim
3529 2250 3543 2273 ,
3568 2206 3718 2264 sicut
3738 2206 3796 2262 bi
3812 2214 3933 2264 les-

527 2296 731 2370 ροῦσιν,
764 2293 963 2359 οἵτινες
998 2297 1192 2370 μεταξὺ
1227 2300 1405 2355 αὐτῶν
1436 2302 1559 2357 τότε
1590 2300 1872 2376 εὑρεθῆναι
1896 2300 2170 2375 λέγουσιν,

2283 2298 2484 2351 tantur
2495 2294 2591 2367 qui
2605 2294 2884 2351 interesse
2900 2297 3712 2369 potuerunt,(h)quadraginta
3723 2298 3942 2354 rustici

525 2385 925 2456 τεσσαράκοντα
953 2390 1184 2462 γεωργοὶ
1215 2387 1364 2463 παρά
1389 2393 1497 2444 τῶν
1532 2385 1929 2463 Λογγοϐάρδων
1958 2388 2175 2464 αἰχμα-

2283 2400 2317 2439 a
2336 2382 2729 2456 Langobardis
2757 2385 2933 2457 capti,
2958 2401 3162 2441 carnes
3188 2386 3593 2442 immolatitias
3625 2386 3938 2443 comedere

525 2470 905 2542 λωτισθέντες,
918 2473 1047 2548 κρέα
1067 2480 1167 2543 τῆς
1186 2476 1362 2530 αὐτῶν
1378 2476 1562 2541 θυσίας
1578 2482 1766 2553 φαγεῖν
1778 2478 2174 2552 ἠναγκάζοντο·

2292 2472 2795 2546 compellabantur.
2828 2473 2935 2537 Qui
2964 2490 3099 2530 cum
3130 2473 3296 2530 valde
3326 2474 3681 2543 resisterent,
3713 2482 3771 2532 et
3800 2492 3954 2531 con-

525 2558 744 2639 Σφόδρα
779 2559 835 2617 δὲ
866 2563 1040 2617 αὐτῶν
1070 2563 1514 2634 ἀντισταθέντων,
1546 2567 1634 2622 καὶ
1673 2569 1927 2641 βρώσεως
1976 2571 2172 2641 μιαρᾶς

2287 2562 2505 2635 lingere
2516 2563 2646 2618 cibu
2658 2580 2712 2619 m
2728 2563 3076 2633 sacrilegum
3093 2562 3338 2633 nollent,
3356 2581 3582 2637 cmpere
3606 2565 3949 2637 Langobar-

522 2648 756 2721 ἅψασθαι
790 2653 867 2722 μή
902 2650 1520 2727 ἀνεχομένωιι,ἤρξαντο
1545 2656 1595 2710 οἱ
1627 2656 2176 2730 αἱχμαλωτεύσαντες

2286 2653 2342 2708 di
2357 2652 2455 2725 qui
2470 2653 2625 2709 840
2640 2669 2739 2709 eos
2754 2658 3079 2722 tenuerant,
3096 2653 3206 2709 nisi
3227 2653 3303 2709 im
3314 2655 3528 2709 molala
3542 2655 3948 2725 comederent,

523 2736 716 2800 αὐτοὺς
747 2734 1121 2816 Λοηόὸαρδοι
1156 2745 1309 2802 830
1342 2744 1565 2808 θάνατον
1599 2745 1783 2809 αὐτοῖς
1812 2744 2175 2815 άπειλεῖν,ἐάν

2285 2746 2534 2799 mortem
2548 2741 2632 2797 eis
2647 2741 3049 2798 minari.Atilli
3067 2748 3342 2799 (sternam
3359 2743 3553 2815 potius
3570 2743 3741 2799 vitam
3756 2760 3945 2815 quam

524 2828 601 2899 μή
614 2831 721 2882 τῶν
736 2828 1123 2892 Θυσιασθέντων
1136 2837 1309 2905 κρεῶν
1324 2832 1590 2909 φάγωσιν.
1607 2837 1835 2891 Ἐκεῖνοι
1851 2833 1907 2890 δὲ
1928 2835 2027 2903 την
2044 2834 2173 2889 αίώ-

2283 2836 2624 2901 ρι’ωεοιιὶοω
2650 2847 2715 2886 ac
2738 2831 3139 2887 transitoriam
3165 2831 3496 2903 diligentes,
3529 2831 3777 2887 ﬁdeliter
3797 2849 3940 2904 per-

518 2935 634 2969 νιον
667 2915 879 2989 μᾶλλον
905 2919 1049 2987 ζωήν
1072 2918 1445 2995 ἀγαπήσαντες
1476 2923 1609 2999 ὑπὲρ
1638 2924 1841 2994 ταύτην
1870 2926 1968 2993 τήν
1998 2924 2171 2997 πρόσ-

2281 2922 2580 2990 stiterunt,
2609 2926 2785 2991 atque
2814 2920 2872 2976 in
2904 2937 3013 2976 sua
3040 2922 3372 2977 constantia
3392 2921 3573 2976 simul
3594 2938 3801 2978 omnes
3827 2940 3937 2978 oc-

512 3026 701 3082 καιρον
728 3007 821 3062 καὶ
842 3010 1263 3085 παρερχομένην
1292 3016 1584 3087 πιστῶς(ὸ)
1599 3013 1914 3083 ἐστάθησαν,
1930 3015 2017 3068 καὶ
2034 3012 2084 3068 ὲν
2096 3018 2163 3088 τῇ

2278 3010 2384 3066 cisi
2415 3015 2576 3065 sunt.
2607 3009 2752 3073 Quid
2781 3010 2977 3081 itaque
3008 3009 3126 3079 isti,
3161 3010 3273 3066 nisi
3322 3011 3579 3067 veritatis
3632 3017 3933 3084 martyres

506 3091 707 3150 ἑαυτῶν
742 3094 1015 3173 ὁμολογίᾳ
1044 3099 1239 3164 πάντες
1268 3100 1599 3180 ἐσφάγησαν·
1628 3102 1694 3160 Τί
1724 3100 1839 3171 οὖν,
1862 3102 1991 3177 οὐχι
2022 3102 2159 3177 μάρ-

2277 3101 2532 3169 fuerunt,
2564 3099 2687 3170 qui,
2729 3115 2801 3154 ne
2836 3100 3082 3155 vetitum
3121 3101 3502 3167 comedenda,
3542 3101 3927 3158 Conditorem

505 3202 666 3260 τυρες
691 3192 794 3255 τῆς
825 3184 1089 3257 ἀληθείας
1116 3190 1311 3252 πάντες
1342 3188 1520 3246 αὐτῶν
1555 3189 1818 3268 ἐγένοντο,
1838 3189 2036 3254 οἵτινες
2063 3189 2159 3246 ’ίνα

2271 3207 2445 3247 suum
2477 3190 2854 3259 offenderent,
2886 3188 3185 3261 elegerunt
3223 3191 3435 3263 gladiis
3482 3191 3657 3246 vitam
3700 3190 3879 3247 ﬁnire
3902 3192 3933 3247 Ὶ

509 3273 584 3344 μὴ
614 3274 678 3329 τὸ
707 3274 948 3332 κωλυθὲν
980 3278 1329 3355 φάγωσιν,(σ)
1360 3280 1449 3335 καὶ
1479 3285 1560 3353 τῷ
1594 3288 1785 3351 κτιστῆ
1818 3281 1993 3336 αὒτῶν
2026 3276 2771 3355 προσκόψωσιν,ἒπελέξαντο
2814 3275 3027 3351 μᾶλλον
3060 3275 3150 3333 διὰ
3176 3278 3366 3357 ξίφους
3395 3280 3495 3348 τὴν
3528 3279 3674 3349 ζωὴν
3704 3278 3928 3350 ταύτην

504 3361 811 3436 ἀπαλλάξαι
840 3382 855 3437 ;

1111 3443 1367 3499 ΚΕΦΑΛο
1407 3447 1538 3501 KH'.

2826 3440 3060 3498 CAPUT
3091 3440 3342 3497 XXVIII.

502 3523 633 3598 Περὶ
652 3530 760 3581 τῶν
773 3526 1150 3613 αίςχὶμαλώτων
1168 3536 1277 3613 τῷν
1295 3535 1372 3605 μή
1388 3532 1735 3613 θελησάντων
1755 3532 1855 3613 τῂν
1878 3540 1978 3604 τῆς
1998 3531 2152 3609 αἶ’γὸς

2266 3545 2347 3599 De
2375 3539 2733 3597 multitudine
2777 3541 3146 3613 captivorum,
3194 3540 3292 3613 qui
3332 3556 3430 3611 pro
3478 3555 3538 3596 eo
3581 3540 3722 3612 quod
3750 3556 3908 3613 capu

680 3598 923 3675 κεφαλῆν
964 3598 1477 3677 προσκυνῆσάιίκαὶ
1508 3598 1970 3685 κατασφαγέντων.
2068 3598 2079 3609 ’
2324 3598 2329 3599 ν

2068 3598 2079 3609 ’
2324 3598 2329 3599 ί
2486 3626 2670 3685 caprae
2697 3598 2948 3668 adorare
2978 3598 3305 3681 noluerunt,
3332 3598 3507 3669 bcrisi
3533 3598 3682 3669 sunt.

579 3711 668 3767 ’Ev
682 3714 759 3783 τῷ
773 3710 1115 3785 αὐτῷτοίνυν
1136 3719 1315 3789 καιρῷ
1327 3714 1542 3789 ἑτέρους
1574 3716 1860 3794 μέχριτῶν
1874 3717 2152 3790 ((1)1519:-

2331 3721 2546 3778 Eodem
2576 3735 2807 3792 quoque
2836 3724 3118 3793 tempore,
3153 3720 3294 3776 dum
3319 3720 3433 3776 fere
3455 3720 3939 3794 quadringentos

502 3800 701 3857 κοσίων
731 3799 1032 3877 ἰκράτησαν
1066 3805 1117 3859 οἱ
1149 3800 1697 3880 Λογγόϐαρδοι,κατά
1724 3802 1781 3861 δὶ
1801 3811 1864 3861 τὸ
1893 3801 2013 3869 ἔθος
2044 3806 2150 3861 αὐ-

2278 3810 2517 3882 :aptivos
2538 3810 2682 3867 alios
2704 3810 3065 3882 Langobardi
3095 3809 3437 3878 tenuissent,
3471 3826 3630 3867 more
3665 3828 3774 3867 suo
3804 3810 3940 3868 im-

501 3888 886 3962 τῶν,κεφαλὴν
921 3891 1069 3968 αἰγὸς
1096 3896 1177 3965 τῷ
1207 3888 1450 3967 διαϐόλῳ
1476 3892 1883 3967 ὲθῦσαν,κύκλῳ
1904 3892 2151 3969 περιτρέ-

2268 3900 2624 3957 molaverunt
2641 3904 3011 3971 caputcaprm
3023 3899 3273 3968 diabolo,
3292 3898 3400 3955 hoc
3416 3899 3468 3955 ei
3483 3898 3930 3972 percircuitum

501 3980 817 4052 χοντες,καὶ
838 3983 904 4051 (θ)
935 3978 1134 4055 ᾅσματι
1170 3986 1351 4058 μιαρῷ
1381 3980 1529 4056 ᾠδὴν
1563 3983 1988 4057 ἀναπέμποντες,
2020 3984 2150 4046 τοὺς

2270 3995 2557 4046 currentes
2586 3995 2643 4045 et
2671 3990 2931 4046 carmine
2969 3989 3219 4045 nefando
3249 3989 3602 4046 dedicantes.
3643 3990 3932 4061 Cumque

502 4067 735 4142 αὐχένας
767 4069 948 4125 αὐτῶν
980 4071 1157 4144 τούτῳ
1182 4073 1562 4137 ὑποκλίνοντες
1581 4073 2149 4148 καὶπροσευχόμενοι.

2272 4079 2405 4136 illud
2437 4079 2550 4151 ipsi
2581 4078 2744 4151 prius
2775 4078 3085 4135 submissis
3106 4080 3427 4136 cervicibus
3457 4080 3784 4148 adorarent,
3807 4096 3934 4136 eos

500 4163 674 4219 Τοῦτο
705 4158 762 4217 δὲ
790 4162 987 4235 πράεαι
1011 4164 1099 4218 καὶ
1122 4164 1214 4227 οὓς
1241 4164 1537 4241 ἐκράτησαν
1550 4164 2153 4243 ὁμοθυμαδὸνήνοίγκα-

2275 4184 2494 4239 ιυοᾳυε
2508 4184 2651 4239 quos
2675 4173 2947 4239 ceperant
2968 4167 3076 4225 hoc
3098 4169 3337 4224 adorare
3360 4168 3579 4239 pariter
3599 4166 3937 4237 compelle-

503 4256 613 4321 ζον·
627 4252 799 4307 Ἀπαν
817 4248 874 4307 δὲ
886 4251 1266 4332 αἶχμαλώτων
1280 4255 1343 4311 τὸ
1366 4253 1579 4324 πλῆθος
1593 4255 1906 4325 ἐπελέξαντο
1936 4253 2148 4328 μᾶλλον

2277 4258 2540 4314 sant.Sed
2554 4256 2851 4314 exeisdem
2868 4258 3109 4329 captivis
3122 4256 3372 4313 maxima
3387 4258 3701 4313 multitudo
3717 4258 3939 4329 magis

500 4338 588 4397 διὰ
609 4346 707 4399 τοῦ
726 4344 1061 4419 προσκαίρου
1086 4346 1314 4403 θανάτου
1337 4350 1436 4417 τήν
1464 4348 1725 4403 ἀθάνατον
1751 4348 1898 4417 ζωὴν
1917 4345 2149 4403 ἐπισπά-

2280 4346 2331 4403 lli
2340 4363 2481 4419 gens
2497 4347 2792 4403 moriendo
2806 4347 2880 4403 ad
2891 4349 3065 4404 vitam
3079 4347 3469 4405 immortalem
3486 4349 3721 4404 tendere
3733 4364 3811 4419 qu
3825 4366 3942 4407 am

499 4445 710 4503 σασθαι,
742 4434 778 4505 ἢ
810 4441 927 4497 τοῖς
958 4435 1132 4493 αὐτῶν
1165 4445 1386 4513 μιαροῖς
1420 4437 1783 4511 κελεύσμασιν
1830 4440 2149 4505 ὑπακοῦσαι,

2282 4436 2558 4493 idorando
2574 4437 2747 4493 vitam
2766 4437 3066 4494 mortalem
3084 4442 3298 4504 tenere,
3313 4438 3505 4494 obtem
3516 4440 3944 4510 perarejussis

493 4526 583 4581 καὶ
612 4525 705 4581 σὺν
727 4525 915 4589 αὐτοῖς
927 4529 1390 4602 προσευξαμένους
1406 4532 1501 4601 ζῇν
1516 4526 1893 4601 τεθανατωμὲν
1902 4550 1965 4598 ην
1979 4530 2124 4598 ζωήν
2135 4553 2150 4570 ο

2294 4525 2564 4599 acrilegis
2588 4526 2922 4595 noluerunt,
2942 4533 2999 4583 et
3014 4529 3293 4584 cervicem
3310 4544 3485 4599 quam
3503 4544 3623 4583 sem
3634 4544 3734 4599 per
3745 4526 3951 4585 Crea-

493 4616 713 4692 Δύχένα
726 4617 913 4693 γὰρ([’)
926 4618 985 4672 ’ὸν
1007 4623 1085 4689 τῷ
1105 4621 1299 4691 κτιστῇ
1323 4619 1556 4673 πάντοτε
1580 4616 2147 4690 ὑπέκλιναν,τῷκτίσ-

2293 4616 2368 4673 ori
2385 4616 2630 4673 ﬁxerant
2645 4622 2919 4673 creatura
2934 4617 3215 4674 inclinare
3230 4621 3726 4689 contempserunt.
3744 4615 3955 4675 Unde

496 4728 623 4779 ματι
640 4706 930 4764 ὑποκλῖναι
953 4708 1053 4764 οὐκ
1072 4709 1389 4784 ἠνέσχοντο.
1405 4710 1565 4766 Ὅθεν
1589 4708 1776 4785 γέγονε
1795 4708 1920 4770 τοὺς
1934 4710 2143 4781 κρατή-

2289 4709 2472 4761 ictum
2490 4709 2577 4761 est
2591 4710 2654 4761 ut
2671 4705 2864 4761 hostes
2883 4705 2983 4777 qui
3002 4721 3102 4762 eos
3114 4712 3403 4777 ceperant,
3427 4706 3584 4777 gravi
3604 4705 3951 4764 iracundia

492 4816 679 4859 σαντας
692 4797 887 4861 αὖτοὺς
904 4797 1217 4871 πολεμίους
1230 4796 1581 4876 σφοδροτατῳ
1596 4803 1753 4872 θυμῷ
1767 4800 1841 4871 (g)
1860 4798 2140 4854 ἑκκαυθέν-

2288 4794 2502 4863 ccensi,
2528 4800 2765 4851 cunctos
2785 4794 2995 4867 gladiis
3018 4795 3431 4859 interficerent,
3454 4811 3602 4867 quos
3625 4795 3683 4849 in
3706 4811 3950 4855 errore

489 4905 607 4955 τας,
639 4888 842 4948 πάντας
876 4886 1051 4943 αὐτῶν
1091 4888 1293 4966 ξίφεσιν
1342 4886 1573 4957 ἂνελεῖν,
1606 4886 1804 4962 οὕσπερ
1846 4886 1900 4944 ἐν
1929 4893 1997 4963 τῇ
2032 4885 2143 4961 ῗδίᾳ

2285 4899 2355 4940 uo
2386 4884 2699 4956 participes
2729 4902 2845 4941 non
2877 4884 3182 4942 haberent.
3225 4884 3368 4951 Quid
3408 4901 3541 4955 ergo
3583 4887 3801 4941 mirum
3849 4888 3946 4958 si,

488 4971 671 5049 πλάνῃ
692 4978 1081 5053 συμμετόχους
1093 4983 1244 5053 σχεῖν
1268 4975 1365 5033 οῦκ
1387 4976 1613 5048 ἐδυνήθη
1624 4998 1739 5036 σαν.
1754 4978 1817 5033 Τί
1839 4976 1929 5033 οῦν
1944 4977 2136 5034 λοιπὸν

2290 4976 2591 5044 rumpente
2613 4973 3032 5044 persecutionis
3067 4982 3338 5045 tempore,
3364 4971 3447 5027 illi
3474 4980 3758 5044 martyres
3778 4990 3952 5035 esse

490 5066 820 5140 θαυμαστὸν,
844 5066 930 5121 ἐὰν
963 5072 1155 5143 καιροῦ
1186 5065 1440 5143 διωγμοῦ
1471 5062 1874 5131 καταλαϐόντος
1915 5068 2138 5133 ἑαυτοὺς

2291 5061 2599 5130 eluissent,
2631 5062 2731 5134 qui
2755 5063 2812 5118 in
2845 5063 2968 5133 ipsa
2990 5079 3224 5134 quoque
3247 5079 3379 5132 pace
3402 5061 3669 5118 Ecclesiae
3690 5072 3953 5123 semet-

489 5154 564 5217 εἷς
596 5155 891 5233 μαρτύριον
918 5156 1237 5234 παρέδωκαν
1262 5157 1545 5229 ἰκεῖνοι,ὲν
1564 5162 1645 5231 τῷ
1672 5165 1772 5228 τῆς
1796 5158 2018 5233 εἰρήνης
2036 5166 2137 5228 τῆς

2300 5169 2407 5208 ιεοε
2420 5168 2652 5224 semper
2664 5152 2977 5223 alﬂigendo
2990 5159 3298 5225 angustam
3319 5151 3962 5225 martyriitenuerant

489 5243 780 5317 ἐκκλησίας
804 5253 978 5323 καιρῷ
1009 5245 1233 5314 ἑαυτοὺς
1260 5250 1490 5305 πάντοτε
1528 5245 1598 5304 δι’
1624 5246 1936 5325 ἐγκρατείας
1967 5247 2137 5319 ἐκτή-

2297 5244 2428 5309 lam,
2454 5243 2707 5313 quando,
2737 5242 2804 5313 (ἱ)
2830 5242 3086 5299 irruente
3105 5242 3528 5315 persecutionis
3551 5242 3839 5311 articulo,
3873 5245 3959 5305 hi

557 5365 575 5649 ἓ

582 5366 635 5438 α)
669 5369 798 5435 Ms.,
828 5366 1133 5438 flvmaﬁﬁq.
1524 5435 1532 5438 _
2246 5386 2453 5429 ναντες.

584 5435 797 5515 b)_Ms.,
825 5435 1072 5515 ἔστησαν,
1100 5435 1187 5515 καὶ
1221 5438 1281 5515 ἐκ
1308 5439 1376 5515 τῇ
1411 5435 1708 5515 ὁμολογίᾳ.
1806 5509 1818 5515 _
1938 5510 1949 5515 _

1348 5439 1376 5509 ᾗ
1411 5435 1708 5515 ὁμολογίᾳ.
1806 5509 1818 5515 _
1938 5510 1949 5515 _
2315 5442 2381 5513 (Ῐ)
2415 5439 2767 5515 ξᾎὶιίκαύτῷ
2796 5446 3010 5515 κτιστῇ,

580 5509 629 5588 ε)
646 5509 1387 5588 Ιξίρηκαὶτὸνὶιτιστήναῦτῶν
1401 5509 2133 5588 προσκόψωσινή-ρετίσαντο.
2314 5509 2389 5588 (gl
2421 5512 2553 5588 θέε,
2586 5509 2904 5587 ὶξαφθὲντας
2934 5509 3136 5575 πάντας
3170 5512 3365 5574 αὐτοὺς
3396 5510 3507 5588 είφ,

618 5528 1387 5581 μνιεηκαιτονκτιστηναυτων
1401 5528 1829 5583 προσκοψωσινη
1872 5528 2133 5567 ετισαντο.
2314 5528 2389 5584 (gl
2421 5528 2553 5580 M8.,
2586 5528 2904 5587 εξαφυεντας
2934 5528 3136 5575 πάντας
3170 5533 3365 5574 αυτους
3396 5528 3507 5588 ξιφ.

618 5580 936 5660 )Mendoss
966 5584 1139 5660 Editi,
1164 5580 1520 5660 τριακοσίων,
1555 5600 1688 5640 cum
1731 5584 1791 5639 in
1821 5528 1943 5639 ﬁat.
1977 5588 2133 5639 textu
2244 5652 2257 5660 ‘
2303 5583 2637 5660 _(h)AEoru_m
2664 5588 3125 5660 etsequentium
3158 5592 3474 5660 martyrum
3511 5584 3817 5645 memoria
3847 5605 3972 5649 ce-

486 5648 757 5723 legantur
785 5648 1220 5723 quadringenti:
1490 5648 1514 5723 ξ
2041 5721 2049 5723 _
2244 5648 2505 5711 lebratur
2535 5655 2630 5711 die
2659 5656 2695 5711 2
2724 5648 2887 5714 Mart.

560 5722 628 5793 (ε)
661 5721 1025 5794 Μεμόίσμαπι
1056 5722 1281 5797 μιαροῖς
1313 5724 1399 5779 καὶ
1433 5721 1601 5795 ᾠδαῖς
1630 5725 1859 5799 ἀναπ...,
1898 5721 2131 5781 ὑποκλίο

1236 5730 1281 5786 ῖς
1313 5724 1399 5779 καὶ
1433 5721 1601 5795 ᾠδαῖς
1630 5725 1859 5799 ἀναπ...,
1898 5721 2131 5781 ὑποκλί-
2313 5726 2374 5796 (ἰ)
2405 5726 2556 5783 Εάίίί
2584 5728 2898 5799 ingruente.
