4210 6160
499 306 614 368 287

1734 299 2010 361 SANGTl
2058 301 2438 365 GREGORII
2479 298 2734 364 MAGNI

3784 297 3903 358 288

501 441 635 494 Θεοῦ
667 436 1158 509 οίκονομήσαντος,
1181 430 1320 487 ὣστε
1349 429 1400 486 ἐν
1439 435 1536 504 μιᾷ
1555 433 1748 504 καιροῦ
1770 430 1914 504 ῥοπῇ
1935 431 2026 487 καὶ
2045 433 2136 488 τὸν

2255 435 2417 492 Pauli
2453 437 2685 492 fuerant
2717 431 3032 500 exstincta,
3065 446 3183 487 uno
3213 429 3533 500 eodemque
3559 435 3820 502 tempore
3847 433 3904 486 et

501 527 778 600 Ἀρειανὸν
809 527 872 581 τὸ
902 529 1017 604 φῶς
1043 519 1330 591 ἂπολέσαι,
1358 520 1450 575 καὶ
1481 519 1535 574 ἐν
1572 525 1692 582 ταῖς
1721 521 1809 594 (α)
1843 515 2144 577 σϐεσθεῖσιν

501 614 804 686 κανδήλαις
835 613 888 670 ἑν
919 616 988 687 τῇ
1013 616 1111 668 τοῦ
1139 631 1410 684 μακαριου
1436 608 1653 665 Παύλου
1673 611 1771 663 τοῦ
1802 609 2145 666 Ἀποστόλου

503 702 768 775 ἐκκλησίᾳ
794 703 857 758 τὸ
887 698 1000 780 φῶς
1033 696 1386 772 ὑποστρέψαι.

1134 793 1391 844 ΚΕΦΑΛ.
1434 788 1511 846 Λ“.

500 879 632 955 Περὶ
661 887 764 950 τῆς
783 876 1078 950 ἐκκλησίας
1103 880 1204 947 τῆς
1227 877 1384 952 ἁγίας
1406 878 1638 951 Ἀγαθῆς
1661 875 1739 940 εἷς
1765 878 1868 947 τὴν
1902 872 2146 933 Σουϐοῦ-

1268 969 1380 1023 ραν.

573 1039 713 1100 Ούδέ
737 1045 900 1097 τοῦτο
945 1039 1037 1095 05v
1083 1040 1522 1114 παρασιωπήσω,
1555 1039 1688 1114 ὅπερ
1721 1037 1797 1100 είς
1827 1036 2145 1113 κατάκρισιν

497 1139 599 1202 τῆς
627 1131 794 1201 αὐτῆς
817 1135 1100 1205 Ἀρειανῆς
1125 1129 1383 1204 αἱρέσεως
1404 1127 1456 1184 ἐν
1474 1127 1644 1202 ταύτῃ
1665 1133 1736 1202 τῇ
1758 1131 1829 1202 τῇ
1849 1127 2146 1204 πόλει,πρὸ

501 1219 597 1277 δύο
630 1220 845 1296 χρόνων
890 1223 926 1290 ἡ
978 1219 1182 1284 ἄνωθεν
1238 1217 1577 1293 εύσπλαχνία
1621 1215 1786 1287 δεῖξαι
1819 1215 2145 1288 ηὐδόκησεν.

498 1309 672 1382 Ἀπερ
695 1305 752 1363 δέ
773 1305 1096 1381 διηγοῦμαι,
1119 1307 1184 1360 τὰ
1211 1307 1304 1379 μὶν
1329 1307 1357 1360 ὁ
1381 1304 1514 1369 λαὸς
1533 1306 1883 1379 γινώσκει,τὰ
1910 1303 1967 1360 δέ
1996 1308 2048 1360 οἱ
2069 1307 2149 1360 ἱε-

502 1401 612 1472 ρεῖς
633 1397 724 1452 καὶ
748 1397 800 1451 οἱ
823 1395 1062 1473 φύλακες
1083 1401 1183 1466 τῆς
1203 1395 1370 1464 αὐτῆς
1403 1393 1696 1465 ἐκκλησίας
1727 1393 1952 1449 ἀκοῦσαί
1980 1415 2038 1450 τε
2056 1395 2146 1450 καὶ

501 1487 785 1551 θεάσασθαι
819 1489 1206 1561 μαρτυροῦσιν.
1241 1486 1325 1541 Ἐν
1358 1483 1527 1558 ταύτῃ
1554 1485 1766 1556 τοίνυν,
1796 1485 1977 1548 καθὼς
2009 1505 2148 1560 προ-

499 1582 759 1652 εῖπον,τῇ
779 1581 889 1632 τῶν
910 1574 1200 1649 Ῥωμαίων
1219 1575 1381 1631 πόλει
1403 1573 1534 1649 ἕντῇ
1558 1574 1782 1651 ῥεγεῶνι
1803 1578 1872 1648 τῇ
1897 1573 2147 1650 ἐπιλεγο-

472 1704 477 1710 ι
505 1666 637 1740 μένῃ
664 1661 951 1741 Σουϐοῦρα
967 1670 1074 1720 τῶν
1107 1666 1402 1739 Ἀρειανῶν
1428 1662 1696 1734 ἐκκλησία
1726 1664 1996 1739 ὑπῆρχεν,
2027 1665 2146 1733 ἣτις

499 1753 859 1828 κεκλεισμὲνη
883 1755 950 1823 ἦν
976 1753 1313 1827 ἀπομείνασα
1330 1749 1434 1814 ἕως
1457 1753 1563 1828 πρὸ
1580 1753 1782 1823 ταύτης
1803 1760 1902 1822 τῆς
1922 1750 2147 1815 διετίαςο

500 1840 717 1913 Ἕδοξεν
742 1841 834 1898 οὖν
847 1841 938 1899 ⁹ίνα
953 1847 1049 1898 τοῦ
1073 1843 1338 1918 μεκαρίου
1363 1836 1728 1897 Σεϐαστιανοῦ
1752 1841 1962 1912 καὶτῆς
1987 1843 2145 1919 ἁγίας

504 1934 778 2010 μάρτυρος
800 1934 1036 2008 Ἀγαθῆς
1058 1931 1288 2006 λείψανα
1313 1930 1364 1986 ἐν
1391 1929 1529 2004 αὒτῇ
1551 1933 1624 2006 (b)
1644 1935 1968 2001 καταθῶσιν,
1993 1932 2147 2010 ὀφει-

499 2020 706 2093 λούσης
727 2023 896 2092 αύτῆς
915 2021 1323 2100 ἐγκαινισθῆναι
1349 2018 1482 2095 ὅπερ
1508 2021 1600 2076 καὶ
1622 2019 1862 2098 γέγονεν.
1888 2021 2034 2077 Μετὰ
2057 2041 2148 2094 με-

493 2111 680 2185 γίστόυ
699 2107 757 2166 δέ
777 2110 1025 2182 πλήθους
1048 2110 1186 2166 λαοῦ
1205 2110 1596 2187 ἀπερχομένων
1614 2110 1894 2183 ἢμῶν,καὶ
1910 2115 1990 2181 τῷ
2012 2129 2147 2164 πανο

492 2197 781 2274 τοδυνᾶμῳ
828 2201 1002 2276 κυρίῳ
1049 2202 1176 2264 τοὺς
1204 2208 1305 2272 τῆς
1334 2197 1663 2275 ψαλμῳδίας
1692 2198 1874 2262 αἶ’νους
1903 2199 2145 2273 ἀναπεμ-

492 2289 727 2359 πόντων,
759 2293 858 2362 τὴν
891 2293 1062 2361 αὐτὴν
1084 2289 1378 2361 ἐκκλησίαν
1396 2285 1792 2362 κατελάϐομεν,
1815 2291 1906 2344 καὶ
1927 2286 1977 2342 ἐν
2001 2287 2139 2360 αὐτῇ

495 2378 829 2443 εἰσελθόντες
851 2382 920 2435 τὰ
942 2387 1042 2450 τῆς
1067 2382 1214 2442 θείας
1239 2379 1584 2454 λειτουργίας
1607 2379 1789 2452 ἐόρτια
1819 2375 2133 2451 ἐτελοῦμεν.

486 2467 586 2522 Διὰ
620 2465 678 2522 δέ
701 2470 802 2537 τήν
827 2469 925 2524 τοῦ
953 2469 1126 2524 τόπου
1150 2468 1545 2547 στενοχωρίαν,
1566 2468 1628 2522 τὸ
1651 2463 1747 2523 τοῦ
1776 2465 2133 2536 λαοῦπλῆθος

485 2556 708 2618 ἑαυτοὺς
759 2559 914 2615 84³
959 2557 1331 2635 συνέσφιγγον·
1361 2559 1505 2620 τινὲς
1548 2553 1607 2612 δέ
1638 2557 1689 2629 ἐξ
1721 2557 1903 2612 αὐτῶν
1937 2555 2134 2618 οἳτινες

484 2641 586 2715 ἔξω
615 2650 712 2701 τοῦ
733 2647 1001 2722 ἱερατείου
1023 2648 1266 2716 ἳσταντυ,
1296 2645 1494 2724 α’ἰφνης
1521 2651 1714 2722 χοῖρον
1743 2647 1798 2701 ἐν
1829 2649 1947 2707 τοῖς
1974 2644 2132 2700 ποσὶν

485 2733 664 2790 αὐτῶν
687 2733 796 2808 ᾦδε
813 2737 1028 2808 κᾴκεῖσε
1048 2736 1437 2811 περιτρέχοντα
1461 2736 1705 2807 ἐνόησαν.
1731 2737 1818 2792 Ἐν
1840 2735 1951 2806 δσῳ
1974 2733 2034 2790 δὲ
2059 2737 2134 2799 εἷς

483 2819 708 2887 ἕκαστος
729 2813 757 2879 ό
777 2827 1000 2897 νοήσας,
1016 2829 1096 2898 τῷ
1107 2823 1344 2896 πλησίον
1360 2826 1526 2880 αὓτοῦ
1546 2824 1820 2899 ἱσταμένῳ
1843 2827 2132 2899 ἐμήνυσεν,

485 2913 514 2966 ὁ
537 2912 698 2978 αὐτὸς
721 2919 919 2990 χοῖρος
939 2915 1036 2978 τας
1055 2914 1220 2990 θύρας
1240 2921 1339 2984 τῆς
1363 2912 1659 2984 ἐκκλησίας
1679 2914 1766 2984 ἐξῆ
1778 2913 2132 2981 λθεν,πάντας

487 3001 546 3058 δέ
575 3000 647 3058 δι’
668 3004 742 3058 ὧν
760 3003 1039 3078 παρῆλθεν
1067 3004 1121 3059 ἐν
1143 3003 1376 3077 θαύματι
1408 3003 1770 3074 συνεκίνησεν·
1796 3007 2050 3074 θεαθῆναι
2073 3001 2131 3059 δέ

2255 525 2380 596 ipse
2412 524 2610 581 lumen
2660 523 2949 596 perderet,
2980 525 3036 576 et
3067 519 3126 575 in
3172 519 3476 576 ecclesiam
3507 519 3702 576 lumen
3744 519 3904 575 redi-

2256 622 2358 670 ret.
2859 699 3092 758 CAPUT
3137 697 3303 755 XXX.

2255 794 2330 850 De
2358 794 2690 850 Arianorum
2709 791 2953 855 ecclesia,
2977 805 3102 862 quae
3119 791 3174 845 in
3198 790 3451 845 Romana
3471 789 3606 844 urbe
3625 788 3903 845 catholica

2664 863 3074 920 conseeratione
3101 862 3356 916 dedicata
3375 866 3473 916 est.

2327 957 2438 1012 Sed
2472 970 2660 1026 neque
2694 954 2801 1010 hoc
2831 951 3058 1020 sileam,
3090 952 3242 1023 quod
3273 953 3342 1006 ad
3376 953 3639 1022 ejusdem
3669 951 3898 1007 Ariana

2255 1045 2543 1100 haereseos
2592 1042 3021 1098 damnationem
3070 1041 3128 1096 in
3161 1040 3270 1096 hac
3317 1056 3545 1112 quoque
3591 1040 3728 1095 urbe
3765 1046 3902 1097 ante

2255 1133 2555 1190 biennium
2577 1131 2763 1204 pietas
2785 1146 3040 1201 superna
3072 1129 3442 1186 monstravit.
3462 1133 3541 1185 Ex
3563 1129 3652 1184 his
3683 1128 3900 1200 quippe

2256 1238 2380 1295 qua
2403 1238 2575 1279 narro
2597 1221 2712 1276 alia
2735 1219 2985 1292 populus
3002 1218 3378 1291 agnovit,alia
3399 1223 3592 1274 autem
3625 1219 3900 1275 sacerdos

2255 1317 2313 1368 et
2341 1313 2613 1368 custodes
2644 1310 2911 1366 Ecclesia
2942 1325 3005 1365 se
3024 1309 3262 1365 audisse
3281 1317 3337 1364 et
3355 1308 3899 1366 vidissetestantur.

2253 1401 2599 1456 Arianorum
2613 1399 2928 1457 ecclesiain
2947 1398 3177 1469 regione
3190 1397 3348 1453 urbis
3365 1398 3779 1469 bujus(g)qua
3793 1398 3903 1454 Su-

2256 1490 2400 1545 bura
2429 1489 2643 1545 dicitur
2673 1490 2778 1560 (De
2808 1487 3140 1553 Consecrat.,
3182 1487 3310 1544 dist.
3359 1489 3408 1551 l,
3446 1503 3495 1542 c.
3527 1487 3618 1552 22,
3649 1488 3898 1544 Ariano-

2254 1580 2569 1648 rum),cum
2593 1579 2794 1633 clausa
2815 1582 3146 1648 usqueante
3169 1574 3470 1632 biennium
3495 1575 3896 1645 remansisset,

2258 1667 2550 1740 placuitut
2578 1666 2638 1721 in
2670 1667 2781 1722 fide
2814 1663 3614 1731 catholica,introductisillic
3644 1665 3726 1737 (h)
3747 1665 3900 1721 beati

2256 1755 2580 1812 Sebastiani
2615 1761 2672 1812 et
2717 1761 2931 1811 sancta
2965 1755 3199 1826 Agatba
3252 1761 3574 1826 martyrum
3606 1754 3900 1824 reliquiis,

2255 1845 2509 1903 dedicari
2524 1846 2846 1914 debuisset;
2863 1847 3017 1918 quod
3039 1846 3252 1901 factum
3266 1844 3521 1903 est.Nam
3538 1861 3665 1900 cum
3681 1861 3898 1914 magna

2257 1936 2453 2008 populi
2475 1936 2847 1992 multitudine
2859 1936 3356 2006 venientes,atque
3379 1935 3763 2006 omnipotenti
3790 1933 3901 1990 Do-

2255 2025 2412 2080 mino
2440 2022 2643 2080 laudes
2663 2029 2957 2089 canentes,
2981 2023 3242 2078 eamdem
3277 2021 3590 2078 Ecclesiam
3614 2022 3897 2093 ingresssi

2253 2113 2754 2184 sumus.Cumque
2775 2113 2833 2168 in
2867 2129 2935 2168 ea
2955 2114 3078 2184 jam
3111 2113 3422 2168 missarum
3442 2110 3724 2167 solemnia
3743 2111 3896 2166 cele-

2253 2204 2587 2271 brarentur,
2603 2203 2758 2258 844
2775 2207 2831 2259 et
2842 2219 2958 2273 pra
2983 2202 3248 2272 ejusdem
3281 2201 3390 2257 loci
3411 2199 3680 2271 angustia
3699 2199 3899 2272 p0puli

2251 2311 2313 2350 se
2332 2295 2504 2350 turba
2524 2294 2951 2364 comprimeret,
2969 2292 3209 2365 quidam
3228 2308 3297 2348 ex
3316 2294 3408 2349 his
3428 2293 3488 2364 (ι)
3511 2293 3607 2363 qui
3628 2299 3788 2347 extra
3804 2308 3900 2347 sa-

2249 2383 2498 2439 crarium
2515 2383 2753 2438 stabant
2775 2399 3015 2455 porcum
3033 2381 3398 2438 subitointra
3418 2398 3558 2437 suos
3584 2381 3758 2452 pedes
3773 2380 3892 2436 huc

2246 2469 2496 2542 illucque
2524 2472 2845 2528 discurrere
2866 2471 3380 2535 senserunt.Quem
3408 2472 3546 2525 dum
3569 2468 3896 2541 unusquis-

2246 2576 2358 2631 que
2388 2561 2653 2626 sentiret,
2684 2570 2737 2616 et
2767 2562 2932 2631 juxta
2969 2575 3032 2616 se
3062 2561 3358 2616 stantibus
3397 2560 3701 2628 indicaret,
3731 2559 3892 2614 idem

2245 2663 2456 2721 porcus
2505 2649 2758 2705 ecclesia
2798 2652 3012 2720 januas
3043 2649 3231 2722 petiit,
3276 2654 3333 2704 et
3362 2663 3566 2705 omnes
3612 2663 3710 2718 per
3740 2663 3892 2718 quos

2244 2738 2480 2796 transiit
2507 2737 2566 2793 in
2614 2738 3063 2794 admirationem
3097 2738 3440 2805 commovit;
3488 2735 3593 2792 sed
3640 2736 3822 2792 videri
3858 2752 3898 2792 α

2231 2826 2407 2882 nullo
2432 2827 2918 2899 potuit,quamvis
2937 2827 3137 2882 sentiri
3171 2826 3646 2899 potuisset.Quod
3674 2825 3893 2882 idcirco

2231 2915 2437 2972 divina
2468 2915 2656 2988 pietas
2677 2919 2951 2984 ostendit,
2971 2925 3033 2971 ut
3061 2917 3292 2972 cunctis
3315 2921 3632 2988 patesceret
3657 2916 3798 2986 quia
3817 2914 3894 2970 de

2233 3003 2364 3060 loco
2393 3006 2590 3061 eodem
2621 3005 2966 3061 immundus
2989 3004 3282 3060 habitator
3309 3006 3755 3061 exiret.Peracta
3777 3004 3899 3075 igi-

488 3088 743 3166 ούδαμῶς
772 3089 1047 3164 ἠδυνήθη,
1079 3093 1122 3148 εὶ
1157 3092 1245 3147 καὶ
1281 3092 1469 3166 μόνον,
1503 3092 1579 3154 ὡς
1611 3091 1846 3167 ε’ἰρηται,
1877 3094 2130 3169 περιτρέ-

2244 3099 2332 3148 tur
2361 3093 2755 3150 celebratione
2785 3095 3104 3150 missarum
3136 3093 3528 3162 recessimus;
3562 3094 3659 3149 sed
3693 3093 3896 3149 adhuc

485 3202 660 3258 χοντα
687 3186 879 3238 τοῦτον
909 3182 1153 3254 ἐνόησαν.
1185 3185 1362 3240 Τοῦτο
1394 3178 1452 3236 δὲ
1480 3183 1514 3251 ἡ
1545 3185 1644 3236 τοῦ
1675 3180 1808 3238 Θεοῦ
1856 3181 2128 3260 εὐσπλαγ-

2244 3189 2406 3241 nocte
2419 3186 2624 3242 eadem
2641 3201 2894 3257 magnus
2919 3185 2977 3241 in
2993 3185 3254 3257 ejusdem
3272 3184 3540 3242 Ecclesia
3555 3186 3720 3242 tectis
3736 3191 3898 3241 stre-

485 3270 612 3346 χνία
669 3267 758 3326 διὰ
815 3275 976 3327 τοῦτο
1034 3269 1323 3342 ὑπέδειξεν,
1380 3271 1472 3325 ἳνα
1528 3275 1688 3326 πᾶσιν
1731 3277 2016 3349 φανερωθῇ
2048 3272 2134 3329 ὅτι

487 3360 712 3415 Ξνοικῶν
742 3361 794 3416 ἐν
828 3359 978 3434 αὖτῷ
1004 3365 1085 3434 τῷ
1113 3363 1268 3434 τόπῳ
1306 3360 1607 3435 ἀκάθαρτος
1640 3357 1850 3433 δαίμων
1884 3361 2132 3431 ἐξῆλθεν.

490 3447 887 3525 ΙΙληρωθείσης
900 3449 992 3505 οὖν
1005 3453 1106 3515 τῆς
1119 3451 1264 3527 ἱερᾶς
1280 3447 1665 3526 λειτουργίας-ἧ
1677 3454 1796 3522 μεῖς
1814 3455 1924 3505 τῶν
1946 3450 2134 3506 αὐτόθι

493 3541 944 3619 ἀνεχωρήσαμεν.
976 3545 1056 3612 Ti
1091 3539 1148 3598 δέ
1176 3542 1312 3609 αύτῆ
1338 3543 1488 3597 νυκτὶ
1526 3542 1688 3617 μὲγας
1719 3539 1922 3604 κτύπος
1945 3543 1997 3596 ἐν
2016 3547 2135 3606 τοῖς

495 3633 568 3704 (c)
587 3630 872 3708 κεραμίοις
893 3637 992 3700 τῆς
1021 3630 1192 3701 αὐτῆς
1220 3629 1512 3697 ἐκκλησίας
1529 3629 1772 3704 γέγονεν,
1795 3630 1870 3693 ὡς
1895 3631 1978 3686 ὅτι
2000 3631 2138 3687 πλαι⁸

487 3718 732 3794 νώμενός
762 3741 846 3782 τις
877 3721 930 3776 ἐν
961 3719 1148 3782 αὐτοῖς
1187 3718 1486 3795 διίτρεχεν.
1518 3720 1608 3777 Ἐν
1640 3715 1697 3774 δὲ
1734 3725 1802 3789 τῆ
1836 3717 2137 3794 ἐπελθούσῃ

488 3809 641 3864 νυκτὶ
675 3811 970 3885 βαρύτερος
984 3810 1129 3884 ἦχος
1159 3809 1482 3882 ἐπηύξησεν.
1505 3812 1769 3872 Τοιοῦτος
1789 3808 1891 3886 γὰρ
1909 3811 1988 3882 (d)
2011 3809 2137 3866 κτύ-

488 3917 590 3958 πος
618 3896 816 3974 αἲφνης
842 3902 1086 3976 φανερῶς
1107 3898 1341 3974 ἐγένετό,
1360 3897 1434 3959 ὡς
1453 3896 1695 3970 νομίζειν
1721 3901 1891 3952 πᾶσαν
1917 3898 2015 3965 τήν
2044 3899 2140 3952 ἐκ-

470 3985 720 4058 .κλησίαν
744 3987 953 4059 ἐκείνην
985 3990 1045 4044 ἐκ
1073 3987 1342 4063 θεμελίων
1374 3989 1670 4063 ἐπεγεῖραι.
1695 3989 1921 4044 Ἒκτοτε
1939 3986 1996 4043 δέ
2011 3989 2144 4045 ἁπέ-

491 4095 615 4147 στη,
643 4077 734 4132 καὶ
769 4073 996 4151 οὐδεμία
1023 4082 1121 4133 τοῦ
1149 4077 1348 4134 λοιποῦ
1380 4078 1740 4133 ἀκαταστασία
1769 4082 1865 4133 τοῦ
1894 4077 2134 4157 ἀρχαίου

487 4165 874 4243 πολεμὴτορος
903 4168 1074 4224 ἐκεῖσε
1103 4168 1292 4247 ἐφάνη.
1326 4169 1424 4224 Διὰ
1455 4166 1512 4223 δέ
1540 4172 1636 4224 τοῦ
1668 4163 1904 4243 φοϐεροῦ
1927 4169 2133 4246 ἤχους,

491 4257 655 4332 οὗπερ
682 4256 959 4327 ἐποίησεν,
979 4253 1174 4329 ἔδειξεν
1196 4262 1315 4321 πῶς
1335 4258 1396 4312 ἃν
1417 4253 1846 4334 ἀναγκαζόμενος
1871 4258 1961 4334 βίᾳ
1977 4257 2139 4328 ἐξῆλ-

489 4358 575 4411 θεν
593 4347 654 4402 ἐκ
669 4351 768 4402 τοῦ
786 4346 982 4418 τόπου,
1011 4348 1170 4422 ὅνπερ
1198 4347 1287 4404 ἐπὶ
1313 4347 1457 4403 πολὺ
1479 4349 1754 4423 κατεῖχεν.
1777 4350 1905 4404 Μετ’
1933 4347 2134 4426 ὀλίγας

491 4431 549 4491 δέ
577 4435 788 4511 ἡμέρας
815 4436 869 4491 ἐν
901 4438 974 4511 (e)
1005 4436 1235 4513 μεγίστῃ
1267 4435 1419 4509 εὐδίᾳ
1448 4441 1546 4493 τοῦ
1575 4436 1733 4502 ἀέρος
1763 4437 2132 4512 ὑπάρχοντος,

490 4525 672 4580 ἐπάνω
688 4528 784 4581 τοῦ
805 4527 1188 4598 θυσιαστηρίου
1205 4534 1304 4596 τῆς
1319 4526 1453 4597 αύτῆ
1465 4548 1488 4587 ς
1506 4523 1802 4597 ἐκκλησίας
1821 4526 2023 4601 νεφέλη
2047 4529 2135 4583 ού-

466 4615 709 4691 ’ρανόθεν
732 4617 1128 4688 κοτῆλθεν,καὶ
1149 4614 1262 4689 ἷδίᾳ
1281 4619 1349 4689 (Γ)
1369 4615 1491 4688 σκίᾳ
1505 4620 1666 4672 τοῦτο
1690 4613 2133 4689 ἐκάλυψε.υᾶσαν

489 4701 546 4760 δέ
568 4708 671 4777 τὴν
699 4705 989 4778 ἐκκλησίαν
1021 4706 1266 4780 τοσούτῳ
1304 4701 1462 4786 φόϐῳ
1500 4705 1590 4761 καὶ
1628 4702 1861 4776 ἡδύτητι
1904 4703 2136 4771 εὐωδίας

560 4832 641 4903 (ιι)
670 4838 800 4903 Ms.,
836 4827 1186 4896 σϐεσθείσαις.

561 4903 640 4993 sb‘)
663 4908 795 4993 ἕδη
826 4910 1211 4993 κατατεθῶσιν.

559 4975 635 5112 ξε)
662 4978 790 5045 513.,
822 4978 1111 5050 κεράμοις.

563 5045 638 5129 ,(1)
665 5047 796 5129 libs"
828 5049 1032 5129 κτύπος
1063 5044 1295 5129 φοϐερὸς
1327 5048 1536 5127 ἐγένετο
1563 5047 1657 5111 ὡς.

556 5117 632 5196 (ς)
659 5123 788 5196 ει,
819 5117 1106 5196 καλλίστη.

555 5191 626 5267 (Ι)
658 5194 784 5267 Μεοο
818 5191 1004 5267 σκέπον

554 5263 636 5340 (9)
659 5263 739 5319 De
772 5263 1021 5340 ecclesia
1053 5274 1268 5340 sanctae
1301 5267 1530 5340 Agatbia
1558 5264 1620 5340 in
1647 5263 1903 5340 _8ub_ura,
1941 5263 2130 5340 deque

485 5332 895 5428 adtigi-aena,
928 5337 1051 5428 lege
1083 5339 1258 5428 Dniarii
1295 5332 1423 5394 Ital.
1461 5339 1525 5394 Η.
1563 5336 1622 5392 Ρ.
1647 5336 1713 5392 D.
1751 5332 2130 5391 Bernardi’de

481 5404 830 5480 Manaucon
865 5404 921 5479 p.
956 5404 1051 5464 1331
1089 5417 1145 5465 et
1175 5427 1296 5480 seq.

553 5476 632 5546 (h)
665 5479 727 5534 In
756 5476 1067 5536 EdIGilot.
1091 5489 1148 5536 et
1165 5476 1374 5548 Vatic.,
1400 5482 1542 5536 beati
1563 5478 1830 5547 Stephani
1855 5485 1908 5534 et
1923 5484 2130 5548 sanctae

479 5547 742 5623 yart/5.1,.
790 5551 852 5608 In
915 5553 1098 5607 Paris.
1150 5551 1310 5623 1640,
1361 5546 1512 5607 beati
1577 5546 1839 5623 Stephani
1869 5558 1922 5606 et
1949 5546 2130 5623 sancti

481 5620 762 5704 Illatthai:
796 5623 1119 5704 Sequimur
1141 5622 1309 5704 lites.
1352 5623 1549 5704 angi,
1579 5619 1800 5690 Norm.,
1842 5627 1952 5679 etc.
1983 5619 2130 5680 Vide

479 5686 521 5742 l.
557 5705 630 5752 tv,
663 5692 861 5762 epist.,
892 5686 1095 5750 indici.
1134 5695 1199 5752 12
1221 5695 1390 5768 epist.
1430 5686 1519 5751 ὦ.

2247 3274 2403 3345 pitus
2426 3275 2610 3331 factus
2632 3280 2738 3342 est,
2761 3291 2829 3330 ac
2855 3275 2985 3331 siin
3017 3275 3101 3331 eis
3134 3276 3351 3346 aliquis
3377 3276 3622 3331 errando
3653 3275 3892 3330 discuro

2248 3364 2705 3435 reret.Sequenti
2732 3373 2926 3420 autem
2951 3369 3117 3420 nocte
3132 3365 3365 3436 gravior
3380 3365 3893 3430 sonitusexcrevit,

2221 3469 2375 3508 cum
2399 3453 2592 3509 subito
2623 3457 2784 3508 tanto
2815 3459 3034 3509 terrore
3065 3453 3350 3522 insonuit,
3383 3470 3450 3509 ac
3480 3455 3529 3509 si
3561 3452 3755 3509 omnis
3787 3452 3894 3509 illa

2247 3538 2493 3596 ecclesia
2521 3557 2554 3595 a
2585 3539 2981 3596 fundamentis
3018 3541 3227 3596 fuisset
3265 3556 3463 3597 eversa
3489 3559 3505 3608 ;
3535 3545 3594 3595 et
3623 3541 3898 3611 protinus

2247 3629 2512 3696 recessit,
2544 3633 2601 3684 et
2633 3627 2798 3684 nulla
2843 3627 2961 3683 illic
2993 3627 3234 3685 ulterius
3283 3630 3626 3700 inquietudo
3657 3629 3898 3701 antiqui

2251 3715 2432 3772 hostis
2453 3719 2725 3788 apparuit
2740 3735 2756 3786 ;
2771 3718 2871 3774 sed
2888 3735 2990 3790 per
3010 3719 3248 3774 terroris
3272 3719 3524 3774 sonitum
3542 3735 3714 3790 quem
3730 3719 3895 3784 fecit,

2247 3805 2509 3862 innotuit
2536 3824 2569 3861 a
2610 3805 2736 3863 loco
2785 3823 2960 3879 quem
2992 3808 3089 3864 diu
3135 3813 3400 3864 tenuerat
3429 3823 3604 3879 quam
3647 3812 3891 3865 coactus

2247 3895 2458 3952 exibat.
2486 3894 2624 3951 Post
2655 3911 2870 3966 paucos
2899 3912 3034 3952 vero
3064 3895 3210 3964 dies,
3243 3897 3303 3952 in
3332 3912 3539 3968 magna
3567 3897 3888 3953 serenitate

2249 3983 2401 4040 aeris
2431 4001 2602 4054 super
2627 3983 2808 4040 altare
2845 3985 3110 4055 ejusdem
3143 3983 3404 4042 Ecclesia
3436 3987 3622 4042 nubes
3652 3986 3890 4042 cmlitus

2217 4113 2226 4119 ν
2249 4073 2566 4139 descendit,
2581 4073 2958 4145 suoqueillud
2981 4073 3267 4131 velamine
3279 4076 3894 4147 cperuit,omnemque

2250 4161 2568 4218 Ecclesium
2592 4168 2755 4235 tanto
2784 4167 3000 4219 terrore
3017 4180 3084 4219 ac
3103 4165 3380 4219 suavitate
3405 4165 3600 4220 odoris
3625 4163 3894 4236 replevit,

2249 4252 2869 4322 utpatentibusjanuis
2884 4251 3082 4308 nullus
3105 4253 3225 4308 illic
3250 4256 3888 4324 prasumeretintrare.

2219 4394 2226 4402 ,
2245 4341 2530 4398 Sacerdos
2542 4358 2768 4413 quoque
2781 4347 2840 4397 et
2859 4343 3247 4407 custodes,vel
3270 4341 3440 4413 hiqui
3456 4344 3526 4398 ad
3539 4342 3893 4399 celebranda

2245 4429 2555 4486 missarum
2579 4429 2862 4487 solemnia
2879 4437 3175 4496 venerant,
3195 4447 3316 4487 rem
3339 4432 3633 4496 videbant,
3657 4432 3890 4503 ingredi

2247 4520 2489 4576 minime
2521 4525 2801 4591 poterant,
2817 4524 2874 4576 et
2906 4521 3248 4577 suavitatem
3282 4521 3512 4578 miriﬁci
3543 4522 3739 4577 odoris
3771 4531 3897 4577 tra-

2217 4607 2481 4664 hebant.
2514 4607 2615 4664 Die
2644 4625 2776 4665 vero
2807 4607 2944 4673 alio,
2979 4625 3110 4667 cum
3144 4609 3207 4667 in
3236 4626 3303 4667 ea
3327 4610 3625 4682 lampades
3660 4609 3725 4680 (j)
3758 4609 3894 4667 sine

2213 4829 2224 4838 '
2313 4826 2376 4900 (ι)
2401 4826 2522 4884 Duo
2543 4830 2803 4901 Cernat,
2833 4827 2962 4883 Val.
2982 4826 3087 4901 Cl.,
3125 4833 3182 4886 et
3206 4843 3275 4884 ex
3290 4826 3487 4885 Ncrm.
3513 4829 3564 4897 4,
3596 4829 3896 4901 quijuxla

2239 4899 2527 4972 sac.Porro
2549 4900 2642 4955 his
2662 4917 2790 4972 qua
2807 4901 2978 4956 refert
3001 4900 3094 4955 hic
3113 4907 3352 4956 sanctus
3363 4899 3672 4970 Gregorius
3689 4899 3890 4972 lucem

2241 4971 2447 5044 afferre
2466 4986 2534 5027 ac
2556 4971 2724 5027 fidem
2747 4972 3061 5027 conciliare
3075 4983 3310 5044 possunt
3326 4989 3453 5044 qua
3472 4981 3666 5028 narrat
3685 4971 3893 5027 Victor

2239 5041 2376 5108 Vit.,
2414 5043 2515 5097 lib.
2552 5059 2595 5098 ιι
2625 5044 2697 5099 de
2744 5045 3037 5100 Persecut.
3075 5041 3288 5099 Vandal
3321 5041 3537 5111 fnum.
3568 5045 3624 5102 6.
3651 5059 3782 5113 pan.
3815 5045 3895 5099 28

2242 5131 2400 5170 nova
2429 5113 2609 5169 Edit.:
2641 5115 2804 5170 Vidit
2823 5115 3050 5185 quidam
3071 5118 3362 5187 presbyter
3383 5119 3558 5182 ipsam
3580 5116 3770 5170 Fausti
3794 5116 3895 5170 ba-

2238 5187 2453 5240 silicam
2477 5191 2737 5252 refertam
2761 5188 2937 5242 turbis
2958 5187 3456 5242 innumerabilibus
3476 5189 3822 5258 papulorum.
3838 5197 3897 5244 et

2225 5265 2356 5326 post
2380 5258 2670 5326 paululum
2691 5263 3013 5313 evacuatam
3042 5267 3094 5315 et
3124 5260 3384 5329 repletam
3413 5275 3701 5328 porcorum
3733 5259 3893 5313 mul-

2240 5330 2514 5401 titudine;
2554 5346 2667 5399 quo
2715 5331 2842 5385 visu
2893 5331 3332 5401 significabatur
3364 5331 3663 5385 basilicam
3704 5330 3889 5398 hanc,

2240 5401 2453 5469 fugatis
2485 5400 2817 5470 Catholicis,
2840 5400 2972 5457 esse
2989 5402 3324 5463 tradendam
3344 5401 3598 5468 Arianis,
3622 5402 3724 5472 qui
3748 5418 3888 5459 eam

2238 5487 2553 5545 porcorum
2571 5489 2729 5528 more
2751 5473 3090 5545 polluerent.

2310 5542 2375 5614 U)
2406 5543 2580 5614 Editi,
2613 5542 3039 5604 reluctantibus
3080 5545 3246 5618 Mss.,
3272 5549 3396 5604 sine
3445 5547 3654 5604 lumine
3681 5547 3891 5622 depre-

2238 5613 2553 5674 henderent.
3705 5634 3716 5642 -

2305 5629 2553 5675 niterent.
3705 5634 3716 5642 '
