4210 6160
477 323 595 386 295

1729 318 2008 382 SANCTI
2054 316 2425 380 GREGOPJI
2469 318 2710 381 MAGNI

3762 323 3882 385 296

479 455 726 531 στόματα
737 454 1012 512 λαλοῦντα
1023 449 1683 529 έωρακέναι.⁹Ᾱνοίγοντες
1708 452 1810 528 γὰρ
1841 451 1907 508 τὰ
1920 451 2116 507 έαυτῶν

2233 452 2366 526 guis
2399 452 2701 525 loquentia
2715 452 2933 510 vidisse
2948 453 3296 522 testabatur,
3329 444 3414 511 ita
3437 458 3500 512 ut
3527 457 3747 530 apertis
3770 459 3883 515 ori-

478 545 745 619 στόματα.
769 543 955 620 ἔλεγον
980 547 1163 597 πᾶσιν·
1190 543 1456 605 Θεάσασθε
1478 541 1560 596 ὅτι
1581 539 1832 616 γλώττας
1856 542 1932 615 μὴ
1956 537 2119 616 ἕχον-

476 659 564 700 τες
590 634 890 706 λαλοῦμεν.
907 635 1278 705 Ἐθεωροῦντο
1302 629 1392 686 οὖν
1416 632 1560 706 παρὰ
1581 629 1816 690 πάντων.
1832 631 1919 685 καὶ
1939 630 2122 693 καθὼς

479 723 694 801 ἔλεγον,
720 722 891 784 οὕτως
915 725 989 794 (α)
1005 719 1480 795 ὑπῆρχον·Τῶνδὲ
1493 720 1758 797 γλωσσῶν
1772 719 1946 777 αὐτῶν
1968 721 2120 794 ῥιζό-

478 816 565 870 θεν
585 813 1123 885 κοπεισῶν,καθάπερ
1137 831 1187 864 τι
1214 809 1483 886 βάραθρον
1501 813 1527 865 ὁ
1541 812 1618 883 (1))
1632 808 1834 885 λάρυγξ
1851 806 2122 883 ἀνεῳγμέ-

478 925 570 966 νος
603 896 1204 977 έθεωρεῖτο.Σαόούρου
1226 897 1318 954 οὖν
1340 903 1438 954 τοῦ
1465 899 1729 972 στόματος
1755 899 2120 973 ὑπάρχοντος,

480 991 644 1070 λόγυι
663 989 1095 1064 πεπληρωμένοι
1118 990 1492 1067 προήρχοντο.
1509 988 1660 1050 Ἑνὸς
1675 985 1731 1042 δὲ
1751 988 1925 1042 αὐτῶν
1951 988 2121 1043 ἐκεῖσε

480 1084 556 1146 εἰς
586 1081 837 1158 πορνείαν
871 1077 1188 1155 σφαλέντος.
1223 1079 1424 1142 εὐθέως
1451 1082 1547 1132 τοῦ
1588 1082 1897 1150 θαυμαστοῦ
1924 1077 2120 1132 τούτου

481 1172 820 1248 χαρίσματος
843 1170 1132 1244 ἐστερήθη.
1147 1171 1220 1241 (e)
1239 1165 1419 1240 δικαίᾳ
1436 1171 1532 1222 τοῦ
1555 1171 1688 1222 Θεοῦ
1709 1168 2001 1241 κρίσει,ἳνα
2022 1168 2122 1235 τὴν

476 1268 576 1330 τῆς
610 1261 804 1335 σαρκὸς
862 1258 1173 1334 ἐγκράτειαν
1232 1257 1462 1336 φυλάξαι
1514 1259 1951 1332 καταφρονήσας,
1997 1257 2120 1311 ἄνευ

476 1348 732 1427 γλώττης
761 1353 1083 1421 σωματικῆς
1109 1348 1184 1418 μὴ
1214 1349 1325 1420 σχῇ
1351 1344 1575 1418 δύναμιν
1601 1345 1736 1420 πρὸς
1764 1345 1826 1400 τὸ
1857 1343 2122 1414 λαλῆσαι.

479 1437 658 1495 Ἀλλᾶ
688 1437 857 1491 ταῦτα
881 1437 975 1509 μὶν
1000 1434 1124 1508 περὶ
1146 1435 1520 1511 κατακρίσεως
1539 1441 1638 1503 τῆς
1660 1434 1948 1508 Ἀρειανῆς
1975 1433 2120 1506 αἱρέ-

480 1549 614 1590 σεως
656 1525 832 1600 λέγειν
881 1524 1143 1600 αὐταρκὲς
1193 1526 1464 1598 ἡγοῦμαι.
1497 1523 1594 1584 Εἷς
1628 1519 1686 1577 δὲ
1715 1523 1778 1577 τὰ
1808 1524 1996 1578 νεωστὶ
2029 1545 2122 1600 γε-

476 1616 676 1695 γονότα
705 1615 757 1671 ἐν
785 1622 851 1686 τῆ
885 1613 1089 1685 Ἰταλίᾳ
1121 1619 1326 1688 σημεῖα
1346 1615 1446 1684 τὴν
1473 1609 1732 1689 διήγησιν
1768 1610 2119 1689 ὑποστρέψω-

482 1726 599 1780 μεν.

1083 1793 1347 1849 ΚΕΦΑΛ.
1399 1791 1516 1848 AI".

477 1883 608 1959 Περὶ
640 1880 986 1957 Ἐλευθερίου
1016 1883 1331 1959 ἡγουμένου
1360 1887 1529 1953 μονῆς
1562 1884 1660 1936 τοῦ
1700 1879 1857 1955 ἁγίου
1890 1879 2119 1956 Μάρκου

1139 1951 1458 2023 Σπολήτης.

548 2063 958 2120 ΓΡΠΓΟΡΙΟΣ.
1019 2062 1080 2119 Ὀ
1128 2059 1458 2136 προλεχθεὶς
1507 2058 1869 2134 Ἐλευθέριος,
1911 2061 2121 2121 οὗτινος

477 2152 728 2226 ἀνωτέρω
745 2150 927 2225 μνείαν
941 2151 1270 2222 πεποίημαι,
1286 2150 1314 2204 ὁ
1335 2156 1434 2220 τῆς
1456 2153 1553 2206 τοῦ
1568 2150 1837 2224 μακαρίου
1847 2153 1944 2204 τοῦ
1958 2149 2123 2225 εὐαγ-

475 2240 729 2318 γελιστοῦ
763 2247 934 2314 μονῆς
965 2239 1277 2316 ἡγούμενος
1305 2245 1403 2309 τῆς
1435 2238 1489 2294 ἐν
1518 2242 1589 2308 τῆ
1619 2238 1780 2294 πόλει
1819 2238 2120 2311 Σπολήτης

477 2330 965 2406 διακειμένης(ά)έν
975 2331 1130 2404 τόπῳ
1143 2331 1471 2407 ὀρινῷ,πανυ
1481 2330 1720 2407 γνησίως
1738 2332 1852 2404 μετ’
1865 2330 2000 2403 ἐμοῦ
2015 2332 2124 2386 ἀνε-

478 2421 735 2502 στρέφετο
756 2420 807 2476 ἐν
829 2426 906 2492 τῷ
927 2420 1046 2494 ἐμῷ
1071 2419 1440 2494 μοναστηρίῳ,
1465 2419 1589 2474 ὅταν
1614 2419 1664 2474 ἐν
1687 2418 1847 2476 πόλει
1870 2421 2117 2494 ταύτῃ(ε)

475 2511 819 2586 παρεγίνετο,
849 2509 997 2570 ὅστις
1027 2507 1080 2563 ἐν
1127 2512 1197 2582 τῇ
1254 2507 1365 2580 ἰδίᾳ
1413 2509 1578 2564 αὐτοῦ
1613 2516 1748 2582 μονῆ
1783 2508 2119 2579 ἐτελεύτησε.

474 2598 605 2674 Περί
635 2599 837 2654 τούτου
867 2593 1058 2673 ἔλεγον
1093 2598 1145 2653 οἱ
1188 2597 1356 2653 αὑτοῦ
1392 2597 1655 2672 μαθηταὶ,
1687 2597 1773 2653 ὅτι
1821 2597 2120 2674 εὐχόμενος

473 2689 661 2764 νεκρὸν
689 2688 878 2758 ἀνέστη
889 2708 966 2744 σε.
981 2686 1258 2757 Τοιαύτης
1279 2687 1380 2763 γὰρ
1407 2688 1436 2742 ὁ
1456 2687 1598 2764 ἆγήρ
1612 2687 2006 2758 ἀκεραιότητος
2028 2687 2116 2742 καὶ

472 2777 804 2847 κατανύξεως
857 2775 1120 2851 ὑπῆρχεν,
1162 2772 1300 2828 ὣστε
1350 2771 1648 2851 δισταγμὸν
1699 2775 1774 2848 μὴ
1829 2774 1985 2844 εἶναι,
2023 2785 2120 2838 τοῦ

472 2863 661 2921 πολλᾶ
693 2862 950 2919 δὺνατθαι
985 2863 1390 2932 ὑπακουσθῆναι
1420 2863 1564 2938 παρὰ
1609 2867 1688 2934 τῷ
1727 2860 2120 2936 παντοδυνάμῳ

471 2959 589 3027 Θεῷ
620 2953 797 3009 ἐκεῖνα
826 2952 891 3008 τὰ
922 2949 1149 3028 δάκρυα,
1180 2953 1247 3007 τὰ
1289 2950 1349 3006 ἐκ
1388 2952 1651 3008 τοσούτου
1689 2952 2118 3031 ταπεινόφρονος

471 3043 562 3098 καὶ
604 3041 803 3098 ἀκάκου
855 3042 1120 3116 λογισμοῦ
1168 3040 1574 3118 προερχόμενα.
1622 3041 1750 3114 Περὶ
1789 3040 1985 3095 τούτου
2026 3040 2120 3096 οὖν

469 3135 650 3206 θαῦμα
675 3154 749 3202 τι,
777 3131 931 3206 κάγὼ
963 3128 1286 3205 διηγοῦμαι,
1310 3130 1442 3205 ὅπερ
1470 3130 1630 3193 αὐτὸς
1657 3131 1787 3204 παρ’
1817 3129 1954 3204 ἐμοῦ
1986 3130 2117 3206 έρωο

2232 543 2346 598 bus
2368 541 2728 600 clamarent:
2757 544 2900 600 Ecce
2929 543 3139 610 videte,
3162 547 3298 616 quia
3317 544 3548 616 linguas
3564 565 3678 603 non
3704 549 3880 606 habe-

2235 647 2371 687 mus
2384 637 2440 687 et
2458 631 2776 704 loquimur.
2797 631 3880 708 Videbaturenimarespicientibus,ut

2232 721 2475 790 ferebat,
2501 723 2636 793 quia
2656 721 2932 778 ahscissis
2954 723 3233 780 radicitus
3257 725 3496 797 linguis,
3517 729 3880 800 quasiquod-

2231 812 2361 867 dam
2388 811 2720 867 barathrum
2749 813 2985 884 patebat
3005 813 3061 867 in
3085 819 3619 886 gutture,ettamen
3653 835 3754 873 ore
3776 835 3879 874 va-

2232 917 2341 956 cuo
2360 900 2528 970 plena
2549 903 2619 956 ad
2644 901 2936 972 integrum
2982 903 3156 957 verba
3179 903 3596 960 formabuntur.
3618 906 3875 970 Quorum

2231 989 2353 1046 illic
2379 1007 2532 1045 unus
2554 989 2613 1046 in
2636 989 2925 1046 luxuriam
2953 989 3175 1062 lapsus,
3191 1009 3319 1047 mox
3342 993 3594 1064 privatus
3612 1001 3698 1050 est
3721 996 3876 1052 dono

2231 1078 2499 1133 miraculi
2526 1096 2540 1146 ;
2575 1087 2730 1136 recto
2761 1079 3028 1135 videlicet
3056 1081 3473 1150 omnipotentis
3511 1081 3876 1153 Deijudicio,

2234 1173 2297 1223 ut
2324 1169 2422 1240 qui
2456 1169 2648 1225 carnis
2680 1169 3096 1225 continentiam
3122 1185 3350 1225 servare
3382 1171 3727 1242 neglexerat,
3747 1175 3877 1230 sine

2232 1256 2432 1329 lingua
2479 1274 2690 1314 carnea
2721 1274 2838 1313 non
2871 1258 3110 1314 haberet
3139 1259 3313 1314 verba
3343 1261 3423 1330 (ρ)
3473 1261 3724 1318 virtutis.
3757 1263 3874 1319 Sed

2234 1345 2354 1401 haec
2384 1363 2490 1402 nos
2521 1363 2624 1418 pro
2673 1347 2898 1402 Arianae
2930 1347 3216 1404 haereseos
3245 1349 3619 1405 damnatione
3655 1351 3878 1408 dixisse

2238 1437 2512 1504 sufﬁciat,
2546 1453 2697 1493 nunc
2729 1439 2797 1493 ad
2832 1455 2900 1494 ea
2930 1455 3062 1510 quae
3091 1439 3353 1510 nuperin
3377 1439 3541 1496 Italia
3561 1449 3720 1514 gesta
3741 1449 3879 1498 sunt

2236 1527 2408 1600 signa
2439 1528 2763 1584 redeamus.

2805 1803 3037 1861 CAPUT
3076 1803 3298 1861 XXXII.

2688 1928 2760 1983 De
2782 1928 3094 1984 Eleutherio
3122 1944 3275 1985 servo
3307 1930 3420 1986 Dei.

2305 2051 2725 2109 Gesaomust
2742 2054 3133 2124 autem,cujus
3148 2054 3419 2125 superius
3441 2058 3783 2114 memoriam
3801 2059 3876 2114 fe-

2234 2139 2456 2213 ci(Cap.
2478 2143 2543 2196 21
2578 2142 2741 2213 hujus
2774 2142 2950 2212 libri),
2976 2143 3432 2211 (h)Eleutherius
3466 2144 3877 2204 Patermouas-

2232 2231 2362 2285 terii
2396 2230 2539 2285 beati
2568 2230 2936 2302 evangelista
2970 2232 3168 2299 Marci,
3201 2234 3354 2304 quod
3377 2235 3441 2304 (ι)
3465 2235 3522 2290 in
3553 2235 3875 2306 Spoletanm

2232 2319 2395 2376 urbis
2427 2319 2702 2390 pomeriis
2729 2325 2903 2376 situm
2936 2326 3044 2388 est,
3077 2321 3172 2376 diu
3207 2338 3429 2378 mecum
3451 2324 3620 2379 estin
3653 2325 3760 2381 hac
3783 2343 3881 2382 ur-

2236 2408 2374 2464 bein
2401 2425 2527 2464 meo
2550 2409 2900 2465 monasterio
2923 2415 3322 2475 conversatus,
3346 2411 3543 2485 ibique
3569 2413 3882 2470 defunctus

2235 2504 2342 2554 est.
2366 2499 2549 2564 Quem
2599 2498 2690 2552 sui
2731 2498 3006 2570 discipuli
3031 2500 3449 2572 referebant(j)
3473 2503 3691 2558 orando
3722 2520 3881 2560 mor-

2232 2590 2400 2641 tuum
2435 2586 2763 2642 suscitasse.
2791 2586 2897 2641 Vir
2925 2596 3118 2642 autem
3142 2592 3320 2644 tantae
3341 2589 3731 2661 simplicitatis
3754 2601 3883 2650 erat

2235 2681 2292 2730 et
2309 2675 2800 2748 compunctionis,
2824 2681 2889 2730 ut
2911 2677 3156 2733 dubium
3183 2695 3299 2734 non
3325 2685 3480 2735 esset
3501 2680 3883 2752 quodillasla-

2233 2779 2443 2836 crymaa
2464 2779 2528 2819 ex
2554 2768 2672 2818 tam
2696 2763 2903 2820 humili
2929 2765 3296 2837 simplicique
3314 2773 3506 2824 mente
3528 2769 3696 2825 edite
3719 2772 3880 2842 apud

2232 2852 2681 2924 omnipotentem
2707 2853 2892 2910 Deum
2917 2855 3380 2911 multaobtinere
3401 2858 3880 2926 potuissent.llu-

2222 2944 2324 3014 jus
2343 2959 2480 3016 ergo
2512 2943 2749 3016 aliquod
2781 2944 3129 3001 miraculum
3163 2963 3353 3014 narro,
3377 2950 3532 3019 quod
3557 2949 3880 3021 inquisitos

2231 3033 2376 3088 mihi
2398 3033 2744 3105 simpliciter
2764 3039 2822 3090 et
2850 3034 2976 3106 ipse
2999 3034 3307 3091 fatebatur.
3335 3037 3593 3101 Quadam
3621 3056 3883 3112 namque

2233 3121 2601 3177 diedumiter
2622 3129 2904 3193 carperet,
2933 3123 3082 3179 facto
3095 3141 3331 3195 vespere
3357 3142 3489 3182 cum
3512 3127 3585 3198 (k)
3618 3128 3691 3184 ad
3717 3145 3888 3186 sece-

465 3221 617 3289 τηθεὶ
630 3243 675 3291 ς,
689 3218 986 3283 ἀπλάστως
998 3240 1090 3293 μοι
1109 3219 1272 3282 αὐτὸς
1287 3218 2013 3294 ὡμολόγησεν.Ἓλεγεγὰρ,
2030 3220 2114 3274 ὅτι

2229 3210 2480 3266 dendum
2505 3210 2664 3267 locus
2683 3212 2928 3280 deesset,
2948 3212 3006 3266 in
3029 3214 3449 3269 monasterium
3474 3217 3764 3287 virginum
3781 3219 3888 3273 de-

467 3304 518 3366 ἔν
543 3331 648 3366 τινι
671 3311 852 3385 ἡμέρᾳ
873 3307 996 3365 ὁδὸν
1017 3309 1167 3380 αὐτῷ
1191 3305 1487 3374 διανύοντι,
1511 3310 1538 3364 ὁ
1559 3315 1658 3379 τῆς
1691 3309 1915 3385 έσπέρας
1953 3307 2112 3364 αὑτὸν

463 3401 653 3475 καιρὸς
675 3393 960 3455 κατέλαϐε.
983 3397 1167 3454 Τόπου
1194 3395 1249 3452 3‘s
1283 3399 1360 3471 μὴ
1386 3398 1754 3473 ὑπάρχοντος,
1778 3396 1829 3452 ἐν
1854 3400 1899 3471 ᾦ
1923 3398 2113 3452 ἑαυτὸν

464 3489 780 3545 κατακλῖναι
813 3486 1028 3565 ὀφείλῃ,
1051 3487 1102 3542 ἐν
1140 3486 1491 3562 μοναστηρίῳ
1522 3486 1800 3561 παρθένων
1830 3487 1907 3549 εἷς
1943 3490 2114 3561 μονῆν

469 3577 708 3647 εῗσῆλθε.
743 3575 968 3633 Παιδίον
1003 3574 1060 3631 δὶ
1097 3577 1292 3650 μικρὸν
1318 3577 1505 3640 αὐτόθι
1534 3577 1800 3652 ὑπῆρχεν,
1832 3578 1963 3652 ’ὀπερ
1994 3580 2114 3642 καθ’

379 3676 385 3681 ’
469 3667 699 3736 ἑκάστην
730 3665 899 3721 νύκτα
946 3664 1050 3719 ὑπὸ
1080 3663 1388 3738 πνεύματος
1416 3669 1658 3739 πονηροῦ
1707 3664 2010 3740 ὲρῥίπτετο.
2044 3667 2114 3723 Αἱ

469 3755 609 3831 ἱεραὶ
638 3755 856 3826 θήλειαι
881 3752 1103 3825 ἐκεῖναι,
1126 3755 1200 3815 ὡς
1222 3759 1356 3809 Θεοῦ
1378 3753 1666 3828 ἇὶοθρωπον
1689 3753 2101 3829 ὑποδεξάμεναι,

469 3845 842 3920 παρεκάλεσαν
893 3843 1053 3899 αὑτὸν
1104 3842 1376 3919 λέγουσαν
1430 3844 1602 3918 Πάτερ
1651 3843 1818 3918 τίμιε,
1854 3845 1988 3918 μετᾶ
2016 3849 2112 3899 σοῦ

467 3934 637 4008 ταύτῃ
671 3939 738 4002 τῆ
786 3933 937 3987 νυκτὶ
985 3937 1048 3987 τὸ
1095 3930 1311 3987 παιδίον
1360 3931 1734 3996 ἀναπαυέσθω.
1767 3931 1938 3994 Αὐτὸς
1970 3930 2026 3988 δὲ
2058 3932 2109 3987 ἐν

471 4021 758 4096 ἱλαρότητι
779 4025 939 4076 τοῦτο
972 4018 1282 4094 δεξάμενος,
1318 4023 1435 4095 μεθ’
1456 4021 1652 4076 ἑαυτοῦ
1671 4029 1737 4091 τῆ
1762 4022 1913 4077 νυκτὶ
1937 4021 2112 4096 ἐκείνῃ

472 4111 877 4180 ἆναπαυσθῆναι
889 4109 1400 4185 πεποίηκε.υρωῒας
1411 4107 1468 4165 δὲ
1479 4112 1780 4186 γενομένης
1799 4109 2033 4186 ἤρξαντο
2054 4113 2110 4166 αἱ

474 4200 790 4274 μονάστριαι
821 4197 1098 4272 ἐπιμελῶς
1127 4200 1218 4254 τὸν
1253 4200 1414 4256 αὑτὸν
1447 4202 1651 4276 πατέρα
1680 4199 1908 4274 ἐρωτᾷν,
1941 4199 2026 4255 ἐάν
2057 4221 2110 4255 τι

469 4283 661 4360 συνέϐη
695 4295 763 4358 τῆ
795 4289 946 4343 νυκτὶ
988 4289 1067 4359 τῷ
1111 4285 1334 4360 παιδίῷ.
1384 4290 1572 4350 ’Ὁστις
1623 4289 1899 4362 Θαυμάσας
1942 4287 2032 4344 διὰ
2058 4289 2108 4343 τί

469 4383 600 4453 παρ’
629 4379 806 4434 αὑτῶν
839 4379 1112 4452 ἡρωτᾶτο,
1137 4378 1426 4452 ἀπεκρίθη,
1456 4375 1625 4450 μηδὲν
1659 4379 1806 4450 αὑτῷ
1837 4373 2112 4451 συμϐεϐη-

467 4467 639 4527 γέναι.
664 4469 804 4525 Τότε
825 4464 882 4522 δὲ
913 4466 1059 4539 αὑτῷ
1083 4467 1282 4521 ἐκεῖναι
1302 4467 1426 4542 περὶ
1447 4470 1544 4521 τοῦ
1565 4464 1758 4529 παιδὸς
1788 4467 2107 4542 ἐγνώρισαν,

2223 3301 2402 3364 venit,
2422 3299 2480 3355 in
2506 3317 2621 3372 quo
2643 3301 2882 3372 quidam
2909 3318 3053 3371 puer
3080 3302 3357 3373 parvulus
3380 3311 3520 3373 erat,
3545 3321 3721 3376 quem
3752 3323 3886 3363 ma-

2225 3389 2418 3459 lignus
2448 3389 2694 3460 spiritus
2708 3389 2865 3446 omni
2902 3396 3068 3446 nocte
3096 3407 3301 3449 vexare
3332 3400 3736 3451 consueverat.
3766 3397 3886 3453 Sed

2222 3477 2697 3534 sanctimoniales
2730 3479 2957 3534 feminis
3008 3489 3069 3534 ut
3098 3481 3290 3536 virum
3333 3483 3429 3537 Dei
3493 3490 3889 3555 susceperunt

2219 3582 2353 3624 eum
2387 3572 2755 3639 rogaverunt,
2786 3568 3085 3624 dicentes:
3122 3571 3365 3636 Tecum,
3401 3572 3584 3641 Pater,
3611 3574 3715 3629 hac
3739 3591 3879 3632 noc-

2223 3662 2279 3714 te
2311 3675 2450 3729 puer
2479 3660 2588 3716 iste
2631 3666 2887 3717 maneat.
2922 3663 3103 3728 Quem
3153 3663 3280 3734 ipse
3313 3665 3562 3737 benigne
3593 3669 3880 3740 suscepit,

2223 3765 2544 3821 secumque
2571 3765 2700 3805 eum
2733 3756 2903 3807 nocte
2934 3752 3132 3807 eadem
3159 3753 3354 3823 jacere
3378 3755 3663 3825 permisit.
3697 3757 3879 3815 Facto

2221 3842 2418 3893 autem
2445 3854 2611 3894 mane
2635 3849 2933 3910 cceperunt
2963 3840 3440 3899 sanctimoniales
3460 3844 3688 3901 feminae
3711 3863 3878 3902 eum-

2221 3927 2355 3982 dem
2406 3931 2628 3982 Patrem
2677 3927 2988 3997 vigilanter
3018 3929 3334 4002 inquirere,
3386 3934 3435 3988 si
3469 3935 3607 4004 quid
3642 3936 3691 3991 ei
3731 3953 3884 4004 puer

2220 4033 2394 4089 quem
2425 4019 2706 4076 dederant
2735 4025 2904 4076 nocte
2926 4021 3129 4077 eadem
3164 4023 3414 4079 fecisset.
3465 4025 3576 4091 Qui
3621 4026 3878 4084 miratus

2220 4122 2327 4164 cur
2356 4106 2437 4162 ita
2493 4110 2872 4180 requirerent,
2923 4111 3269 4181 respondit:
3332 4112 3508 4169 Nihil.
3551 4116 3707 4170 Tunc
3754 4115 3875 4173 illas

2220 4195 2487 4265 ejusdem
2521 4197 2688 4267 pueri
2719 4197 3100 4254 innotuerunt
3130 4216 3393 4266 causam,
3416 4206 3474 4257 et
3494 4203 3647 4274 quod
3668 4203 3882 4277 malig-

2219 4299 2333 4339 nus
2365 4282 2604 4353 spiritus
2636 4285 2798 4341 nulla
2829 4287 2900 4342 ab
2932 4303 2998 4344 eo
3038 4296 3205 4344 nocle
3237 4290 3530 4346 recederet
3571 4291 3874 4348 indicave-

2220 4375 2380 4440 runt,
2412 4376 3157 4448 summoperepostulantes
3183 4379 3414 4434 uthunc
3429 4396 3628 4436 secum
3645 4381 3715 4436 ad
3746 4398 3884 4438 ωο-

2220 4463 2542 4517 nasterium
2575 4463 2822 4534 tolleret,
2847 4465 3116 4538 quiajam
3133 4468 3497 4524 vexationem
3518 4471 3673 4527 852
3705 4470 3884 4528 illius

469 4557 553 4615 ὅτι
585 4555 708 4614 οὔδε
741 4559 868 4631 μίαν
903 4558 1071 4612 νύκτα
1099 4558 1161 4613 τὸ
1192 4557 1431 4634 πονηρὸν
1456 4561 1670 4630 πνεῦμα
1693 4558 1784 4612 ἀπ’
1805 4556 1968 4613 αὑτοῦ
1992 4558 2116 4627 ἀφί-

2229 4551 2416 4605 videre
2441 4551 2707 4623 ipseinon
2727 4558 2983 4624 possent.
3009 4553 3302 4612 Consentit
3320 4573 3767 4630 senex,puerum
3801 4562 3885 4617 ad

470 4647 978 4726 στατο.Συμφώνως
1023 4647 1116 4701 οὖν
1149 4647 1347 4701 ἅπασαι
1381 4646 1545 4702 αὑτὸν
1591 4643 1925 4717 ἐδυσώπουν,
1965 4648 2115 4708 ὅπως

466 4737 557 4792 τὸν
588 4737 749 4793 αὑτὸν
782 4735 947 4791 παῖδα
982 4737 1099 4809 μεθ’
1128 4735 1320 4791 ἑαυτοῦ
1353 4733 1403 4790 έν
1435 4741 1514 4808 τῷ
1566 4736 1915 4812 μοναστηρίῳ
1946 4736 2112 4791 αὑτοῦ

468 4821 632 4900 λάϐῃ.
662 4826 775 4882 Θὺκ
802 4823 1072 4894 ἠδύναντο
1127 4824 1230 4900 γὰρ
1280 4827 1426 4883 851
1466 4822 1662 4879 λοιπὸν
1693 4831 1916 4902 θεωρεῖν
1949 4825 2110 4880 αὑτὸν

472 4914 574 4970 ὑπὸ
594 4919 692 4968 τοῦ
714 4912 977 4987 δαίμονος
1000 4914 1142 4970 οὓτω
1159 4916 1228 4988 (Γ)
1251 4914 1598 4988 ῥιπτόμενον.
1627 4915 1776 4984 Εἴξεν
1797 4914 2113 4990 οὖνὸγέρων

468 5002 555 5059 ἐπὶ
586 5003 788 5075 τούτῳ,
819 5003 910 5058 καὶ
941 5003 1033 5058 τὸν
1056 4999 1225 5058 παῖδα
1254 5002 1306 5056 ἐν
1329 5024 1410 5076 τῳ
1433 5003 1783 5076 μοναστηρίῳ
1806 5004 1974 5059 αὐτοῦ
2001 5007 2114 5078 μεθ’

470 5094 660 5150 ἑαυτοῦ
689 5089 1150 5168 ἀπήγαγε.Πολὺν
1177 5089 1234 5147 δὶ
1255 5093 1443 5167 καιρὸν
1471 5091 1524 5148 ὲν
1546 5112 1625 5166 τῳ
1650 5092 1995 5168 μοναστηρίῳ
2013 5097 2113 5148 τοῦ

525 5219 580 5294 α)
613 5221 739 5294 M3"
773 5217 1039 5294 ὑπῆρχενε
1190 5289 1199 5294 -
1356 5271 1358 5273 >

525 5237 558 5274 a
613 5221 739 5287 Ms.,
773 5221 1038 5294 ὑπῆρχεν.
1356 5271 1358 5273 .

505 5221 584 5367 Et);
612 5291 752 5367 Ms,
773 5291 984 5367 *φάρυγξ
1015 5289 1439 5367 ἀνοιγόμενος...
1474 5285 1720 5367 διακένου
1751 5288 1864 5367 οῦν.

508 5359 578 5434 (υ)
611 5364 736 5431 Ms.,
769 5359 956 5434 δίκαία
985 5364 1083 5434 τοῦ
1118 5359 1241 5424 θεοῦ
1271 5362 1306 5428 ἡ
1339 5361 1662 5434 κρίσιςχῖνᾳ
1747 5363 1872 5432 τήν.

570 5437 589 5506 )
620 5435 752 5501 Ms.,
784 5431 837 5506 έν
869 5432 1024 5503 τόπῳ
1054 5431 1304 5506 ἀρειμανιῖ).
1344 5431 1493 5492 Fort.
1545 5431 1598 5487 ἐν
1642 5431 1728 5506 in;
1774 5431 2077 5506 πωμηριφ.

530 5436 589 5506 d)
620 5436 752 5501 Ms.,
784 5436 837 5487 ἐν
869 5436 1024 5503 τόπῳ
1054 5436 1304 5557 ἀὲρειανῶ.
1344 5436 1416 5490 F0

503 5436 1046 5579 ἕθπαρεγένετορη.
1106 5501 1416 5579 τελεύτησε.

603 5570 738 5649 .,
757 5570 1111 5649 ’ῥησσὸμενον
1132 5572 1299 5649 εἶξεν.

533 5619 1299 5770 ξξ”ἰῑίἰίε¹ζίῖ,’ἶ›⁸ἷὶίιὶιὶίὲζ“”
1467 5717 1478 5729 _
1631 5719 1642 5730 _
2047 5719 2057 5732 ο

599 5716 660 5770 In
674 5733 859 5770 sacns
872 5717 1128 5770 tab.sius
1139 5733 1353 5770 nomen
1366 5715 1726 5770 lemturdisB
1737 5721 2057 5770 Sentemhri

599 5716 660 5772 In
674 5715 859 5775 sacris
870 5715 2114 5794 tab.sjusnomenlegiturdisGSeptembris.

2227 4641 2645 4696 monasterium
2677 4643 2861 4696 duxit.
2891 4643 2999 4708 Qui
3031 4659 3165 4699 cum
3200 4643 3731 4716 multotemporein
3752 4664 3884 4705 mo-

2223 4729 2473 4784 nasterio
2499 4729 2720 4796 fuisset,
2742 4736 2915 4802 atque
2929 4732 3000 4787 ad
3027 4732 3181 4788 hunc
3203 4734 3480 4806 antiquus
3506 4735 3690 4791 hostis
3704 4754 3877 4794 acce-

2222 4816 2358 4872 dere
2381 4817 2622 4874 minime
2645 4819 3138 4891 prrssumpsisset,
3163 4823 3428 4891 ejusdem
3453 4823 3612 4879 senis
3634 4826 3878 4882 animus

2223 4907 2292 4962 de
2321 4907 2506 4964 salute
2537 4910 2699 4980 pueri
2732 4909 3174 4965 immoderatius
3195 4927 3296 4981 per
3317 4912 3379 4983 (ἰ)
3400 4912 3661 4970 laetitiam
3683 4921 3882 4972 tactus

2223 5000 2332 5053 est.
2361 4997 2506 5053 Nam
2530 5014 2724 5054 coram
2750 4999 2958 5071 positis
2983 4999 3260 5055 fratribus
3281 4999 3454 5057 dixit:
3475 5002 3726 5070 Fratres,
3746 5005 3874 5060 dia-

2223 5085 2507 5158 bolus(m)
2527 5087 2608 5143 ibi
2647 5103 2781 5143 cum
2813 5087 2927 5142 illis
2956 5089 3254 5144 sororibus
3273 5089 3588 5159 jocahatur
3609 5111 3624 5160 ;
3648 5097 3708 5147 at
3735 5109 3879 5152 vero

2391 5209 2628 5335 IErimus
2655 5210 2900 5338 Τιιέοοάᾱ,
2931 5212 2992 5266 in
3022 5212 3316 5282 Spolitana
3348 5216 3486 5270 urbe
3509 5231 3628 5287 pos.

2434 5298 2618 5350 xcusi,
2645 5299 2681 5350 ρ
2742 5299 2844 5338 ran
2885 5299 2934 5339 ο.

2334 5281 2363 5354 ξ)
2391 5283 2618 5354 Excusi,
2645 5283 2934 5354 plorando.

2299 5351 2377 5431 (k)
2408 5351 2721 5431 Gemetfet
2751 5355 3047 5431 secundus
3079 5354 3323 5431 Theod.,
3351 5357 3422 5431 ad
3451 5357 3888 5431 succedendum,

2226 5424 2379 5491 quod
2413 5427 2627 5496 optime
2650 5425 2867 5482 dicitur
2905 5425 3064 5498 Virg.
3097 5425 3135 5481 l.
3164 5444 3217 5482 IV
3247 5430 3470 5485 Eneld.
3500 5446 3514 5485 :

2319 5529 2446 5588 Quis
2476 5544 2652 5580 novus
2685 5531 2774 5582 hic
2801 5533 2997 5582 nostris
3030 5533 3289 5584 successit
3315 5535 3536 5587 sedibus
3562 5536 3782 5600 hospes.

2301 5645 2366 5788 Et)
2389 5645 2489 5702 Val
2519 5647 2630 5714 CL,
2657 5663 2756 5720 per
2779 5648 2895 5707 laet.
2929 5648 3132 5706 hilaris
3159 5653 3361 5721 factus.

2323 5716 2400 5787 ιη)
2430 5717 2550 5774 Vel.
2583 5719 2694 5775 sibi
2720 5739 2740 5788 ;
2771 5725 3087 5788 utrumque
3107 5725 3267 5780 enim
3297 5723 3361 5788 lsi

2323 5716 2400 5787 si)
2430 5717 2550 5774 Vel.
2583 5716 2694 5775 sibi
2720 5739 2740 5788 ;
2771 5725 3087 5792 utrumque
3107 5716 3267 5780 enim
3297 5723 3506 5797 legitur
3533 5723 3596 5782 in
3626 5723 3772 5785 Mss.
