4210 6160
221 226 325 286 Ξ97

1436 227 1952 294 DIALOGORUM
2000 231 2235 293 LIBER
2278 231 2382 292 III.

3476 233 3593 294 298

216 358 299 414 ubi
328 359 394 414 ad
432 374 631 415 servos
657 358 760 415 Dei
788 362 1029 416 ventum
1060 361 1250 430 est,ad
1281 360 1443 419 hunc
1474 379 1717 436 puerum
1739 381 1831 421 ao-
1862 432 1864 440 ι

1971 360 2136 426 παιδὸς
2170 363 2570 432 πεποιηκότος,
2595 362 2688 417 καὶ
2708 367 2807 418 τοῦ
2829 361 3064 439 ἀρχαίου
3084 363 3288 442 ἐχθροῦ
3322 362 3597 438 μηδαμῶς

213 448 391 503 cedere
420 464 539 503 non
589 449 987 521 praeumpsit.
1041 449 1388 523 Postquam
1436 467 1660 523 vocem,
1688 453 1835 509 hora

209 537 387 593 eadem
420 551 489 593 ac
520 543 843 605 momento,
877 538 1034 595 idem
1068 555 1212 611 puer
1241 556 1439 597 coram
1470 542 1697 598 cunctis
1729 544 1836 599 fra-

203 626 368 682 tribus
399 626 637 683 diabolo
681 644 743 683 se
775 628 1087 686 invadente
1136 633 1379 686 vexatus
1407 634 1532 699 est;
1566 648 1682 703 quo
1711 634 1835 688 viso

206 730 379 783 senex,
414 731 476 772 se
507 716 779 787 protinus
811 716 870 773 in
920 716 1239 775 lamentum
1269 719 1449 776 dedit.
1480 719 1661 783 Quem
1692 720 1832 776 dum

206 801 484 873 lugentem
512 803 613 859 diu
638 804 845 860 fratres
862 805 1151 862 consolari
1166 805 1832 880 voluissent,respondit,

203 892 376 947 dicens
409 909 426 947 :
458 894 688 950 Credite
727 893 897 963 mihi,
930 895 1071 967 quia
1102 896 1161 951 in
1194 896 1420 953 nullius
1449 902 1707 953 vestrum
1737 914 1836 954 ore

204 977 352 1035 hodie
365 980 556 1050 panis
571 981 1041 1053 ingreditur,nisi
1056 998 1200 1054 puer
1217 982 1330 1039 iste
1359 1001 1391 1039 a
1412 984 1697 1041 daemonio
1720 985 1838 1040 fue-

202 1069 267 1123 rit
290 1074 556 1142 ereptus.
580 1070 744 1128 Tunc
774 1087 838 1127 se
866 1070 927 1127 in
958 1073 1277 1129 orationem
1303 1088 1438 1130 cum
1470 1074 1693 1130 cunctis
1721 1075 1835 1130 fra-

202 1157 369 1212 tribus
427 1159 653 1227 stravit,
686 1165 743 1215 et
789 1177 856 1217 eo
888 1176 1074 1233 usque
1116 1166 1345 1218 oratum
1375 1165 1483 1229 est,
1533 1178 1838 1235 quousque

200 1263 321 1318 puer
347 1264 391 1303 a
427 1248 733 1305 vexatione
762 1254 1090 1307 sanaretur.
1104 1250 1212 1315 Qui
1241 1255 1363 1306 tam
1396 1250 1646 1322 perfecte
1675 1269 1838 1307 sana-

1948 451 2339 527 τολμήσαντος
2369 450 2522 523 αὐτῷ
2552 452 2933 527 προσεγγίσαι,
2962 452 3076 525 μετ’
3103 453 3485 530 εὐφροςύνηςὴ
3506 456 3603 507 τοῦ

1940 540 2193 617 γέροντος
2225 541 2381 615 ψυχὴ
2429 537 2782 614 ἀναρμοδὶωι·
2829 539 3183 613 ηὐτομόλησε
3221 542 3344 618 περὶ
3372 545 3472 609 τῆς
3500 545 3599 597 τοῦ

1946 626 2143 690 παιδὸς
2173 627 2473 703 σωτηρίας,
2504 629 2578 691 ὡς
2601 628 2687 683 ὅτι
2716 625 2786 683 δι’
2809 628 2976 684 αὐτοῦ
3002 629 3184 700 ἰάσθη.
3208 631 3474 687 Ένώπιον
3499 630 3602 705 γὰρ

1945 722 2053 772 τῶν
2073 716 2356 791 παρόντων
2369 713 2643 794 ἀδελφῶν,
2659 716 2823 772 εἶπεν·
2844 713 3122 795 Ἀδελφοί,
3137 718 3166 772 6
3180 713 3441 781 διάϐολος
3466 718 3601 790 μετὰ

1942 810 2052 861 τῶν
2078 804 2412 878 μοναστρίῶν
2445 804 2629 860 ἐκείων
2674 799 2907 874 ἔπαιζεν.
2944 804 3129 863 Ἠνίκα
3150 804 3208 861 δὶ
3228 805 3444 870 εἰςτοὺς
3467 803 3593 861 δού-

1946 893 2080 958 λους
2107 899 2204 950 τοῦ
2226 898 2361 950 Θεοῦ
2387 895 2415 948 6
2437 899 2567 956 παῖς
2591 893 2747 957 οὗτος
2773 893 2933 965 ἦλθε,
2954 895 3307 971 προσεγγίσαι
3329 895 3477 969 αὐτῴ
3499 894 3599 951 οὐκ

1946 981 2243 1056 ἐτόλμησε.
2274 983 2424 1039 Μετὰ
2456 979 2515 1037 6‘s
2546 983 2753 1053 ταύτην
2786 983 2885 1052 τὴν
2910 984 3092 1059 φωνὴν
3125 982 3178 1039 ἒν
3206 983 3343 1058 αὐτῇ
3373 989 3443 1058 τῇ
3484 982 3603 1058 ὣρᾳ

1952 1071 1979 1125 6
2012 1066 2272 1134 διάϐολος
2292 1075 2371 1143 τῷ
2396 1067 2551 1125 παιδὶ
2575 1066 2791 1138 ἐπιϐὰς,
2815 1070 3048 1127 ἐνώπιον
3068 1072 3278 1128 πάντων
3309 1077 3418 1128 τῶν
3441 1068 3600 1127 ἀδελ-

1948 1164 2062 1238 φῶν
2092 1165 2285 1216 τοῦτον
2320 1157 2530 1237 ἔρῥηξε.
2564 1163 2738 1216 Τοῦτο
2761 1157 2820 1215 δὲ
2842 1162 2870 1216 ὁ
2890 1161 3061 1236 γέρων
3095 1162 3441 1235 θεασάμενος,
3462 1182 3601 1235 παρ-

1946 1251 2082 1305 αυτᾶι
2129 1251 2205 1312 εἷς
2254 1252 2453 1327 θρῆνον
2496 1250 2684 1305 ἑαυτόν
2732 1248 2955 1308 δέδωκε.
2995 1252 3204 1309 Τούτου
3239 1249 3295 1307 6‘s
3327 1251 3413 1307 ἐπὶ
3453 1250 3598 1308 πό)ιύ

198 1339 274 1390 tus
306 1345 426 1405 est,
463 1341 534 1392 ut
562 1337 634 1392 ad
684 1337 846 1395 hunc
887 1337 1183 1411 malignus
1229 1338 1471 1410 spiritus
1520 1341 1836 1398 accedendi

192 1439 381 1481 susum
425 1424 680 1481 ulterius
713 1441 828 1481 non
864 1426 1122 1485 haberet.

1948 1344 2297 1413 θρηνοῦντος.
2330 1339 2421 1393 καὶ
2451 1343 2560 1394 τῶν
2584 1336 2839 1415 ἀδελφῶν
2859 1338 3319 1414 παρακαλούντων
3340 1341 3422 1413 ((1)
3440 1339 3597 1396 αὐτὸν

1944 1432 2042 1483 τοῦ
2067 1428 2262 1504 μικρὸν
2280 1425 2822 1503 ἐνδοῦναι,ἀπεκρίθη
2847 1428 3039 1491 αὐτοῖς
3049 1427 3604 1504 ,λέγων’Πιστεύσατὲ

195 1532 288 1583 μοι,
318 1514 414 1568 ὅτι
451 1511 505 1566 ἐν
541 1509 718 1568 οὐδενὶ
750 1516 823 1587 (e)
853 1511 904 1587 ἐξ
939 1514 1090 1587 ὑμῶν
1141 1516 1381 1591 σήμερον
1411 1514 1463 1570 ἐν
1504 1519 1587 1588 τῷ
1642 1516 1873 1590 στόματι
1930 1513 2095 1591 ἄρτος
2153 1516 2481 1592 εἰσέρχεται,
2515 1515 2563 1570 εἴ
2597 1517 2672 1588 μή
2707 1516 2736 1570 6
2766 1522 2893 1580 παῖς
2928 1518 3087 1580 οὗτος
3118 1517 3179 1572 ἐκ
3204 1522 3305 1572 τοῦ
3342 1515 3603 1582 δαιμονος

190 1598 551 1677 ἰλευθερωθῆ.
585 1603 724 1660 Τότε
753 1602 848 1658 οὖν
876 1604 1064 1660 ἑαυτὸν
1093 1605 1170 1661 είς
1206 1605 1377 1680 εὐχὴν
1440 1606 1577 1676 μᾶτὰ
1631 1607 1848 1660 πάντων
1905 1611 2012 1660 τῶν
2068 1602 2320 1681 ἀδελφῶν
2386 1606 2714 1681 ὑπέστρωσε,
2761 1606 2852 1662 καὶ
2908 1611 3169 1662 τοσοῦτον
3202 1609 3271 1679 (Ῑ)
3297 1613 3398 1676 τῆς
3429 1607 3604 1681 εὐχῆς

190 1690 719 1767 τροσεκαρτέρησαν,
747 1688 856 1755 ἕως
885 1693 947 1748 οὗ
978 1695 1006 1747 6
1037 1699 1165 1755 παῖς
1197 1691 1305 1749 ἀπὸ
1350 1698 1449 1749 τοῦ
1497 1692 1759 1767 δαίμονος
1804 1692 2166 1768 ἐλευθερώθη.
2199 1693 2354 1750 Οὕτω
2387 1691 2444 1749 6‘s
2474 1695 2759 1755 παντελῶς
2790 1695 2818 1749 6
2852 1699 2979 1756 παῖς
3013 1696 3097 1769 (g)
3127 1693 3309 1766 ἴάσθη,
3340 1692 3482 1750 ὥστε
3508 1697 3607 1750 τοῦ

195 1778 381 1836 λοιποῦ
413 1780 481 1835 τὸ
512 1781 756 1857 πονηρὸν
780 1786 1000 1857 πνεῦμα
1027 1781 1210 1856 τούτῳ
1240 1782 1598 1858 προσεγγίσαι
1629 1782 1726 1839 οὐκ
1746 1781 1996 1858 ἲσχυσεν.

256 1872 432 1928 Pera.
464 1873 647 1928 Credo
677 1873 838 1944 quod
867 1873 920 1929 ei
947 1873 1120 1931 elatio
1153 1890 1328 1944 parva
1358 1876 1752 1946 subrepserat,
1783 1880 1842 1930 et
1873 1880 1918 1943 Β

197 1958 312 2017 ideo
342 1961 485 2031 ejus
521 1960 852 2033 discipulos
905 1962 1278 2035 omnipotens
1327 1962 1483 2019 Deus
1514 1962 1649 2020 facti
1680 1961 1840 2019 illius

199 2064 310 2107 esse
340 2049 540 2108 voluit
560 2051 881 2123 adjutores.

2021 1872 2228 1929 IIETP.
2263 1873 2591 1947 Λογίζομαι,
2640 1872 2725 1928 ὅτι
2776 1872 3205 1951 ὑψηλοφροσύνη
3255 1873 3424 1950 μικρᾶ
3453 1874 3609 1947 αὐτῷ

1955 1960 2272 2030 ὑπεισῆλθε,
2300 1961 2391 2015 καὶ
2418 1961 2616 2018 τούτου
2633 1960 2789 2017 ’ἑνεκα
2809 1962 2936 2023 τοὺς
2961 1963 3210 2037 μαθητὰς
3232 1964 3401 2019 αὐτοῦ
3422 1963 3452 2019 6
3472 1983 3606 2017 πανο

1952 2047 2260 2123 τοδύναμος
2293 2050 2422 2112 Θεὸς
2478 2051 2717 2126 βοηθοὺς
2768 2051 2933 2107 αὐτοῦ
2963 2051 3016 2107 ἐν
3045 2056 3124 2123 τῷ
3158 2052 3392 2125 θαύματι
3425 2050 3607 2123 τούτῳ

1956 2145 2186 2207 ποιῆσαι
2216 2136 2386 2209 ἠθέλη
2396 2158 2504 2198 σεν.

255 2234 519 2287 Gnaeos.
544 2231 626 2287 lta
646 2238 767 2300 est;
792 2247 930 2288 nam
960 2231 1100 2302 quia
1126 2232 1358 2304 pondus
1389 2231 1656 2290 miraculi
1686 2232 1848 2289 solus

2026 2231 2316 2288 I‘PHl‘OP.
2335 2230 2701 2293 061wc‘entv.
2717 2229 2936 2303 Ἐπειδή
2961 2232 3067 2308 γάρ
3083 2232 3147 2287 τὸ
3172 2232 3340 2309 βάρος
3360 2236 3460 2288 τοῦ
3479 2230 3604 2297 θαύ-

198 2324 428 2390 portare
451 2336 570 2375 non
602 2320 1016 2392 potuit,divisit
1038 2321 1146 2377 hoc
1166 2337 1304 2377 eum
1333 2320 1637 2392 fratribus,
1650 2327 1705 2378 et
1723 2338 1851 2394 por-

1971 2339 2128 2390 αατος
2179 2318 2341 2392 μόνος
2378 2319 2638 2394 βαστάσαι
2690 2320 2790 2376 οὐκ
2832 2321 3049 2396 ἲσχυσε,
3099 2320 3443 2396 διεμερίσατο
3472 2323 3604 2376 αὐτό

194 2410 556 2481 tavitJIujus
583 2409 690 2466 viri
722 2409 912 2466 oratio
943 2416 1175 2481 quantm
1203 2409 1437 2466 virtutis
1466 2410 1706 2480 esset,in
1740 2426 1853 2467 me-

1971 2406 2099 2477 μετὰ
2117 2410 2223 2460 τῶν
2245 2402 2517 2485 ἀδελφῶν.
2541 2406 2751 2464 Τούτου
2769 2412 2866 2462 τοῦ
2886 2405 3083 2483 ἀνδρὸς
3102 2410 3136 2477 ἡ
3155 2406 3295 2483 εὐχή
3317 2408 3493 2478 πόσης
3515 2404 3608 2463 δυ·

201 2498 450 2571 metipso
477 2503 749 2571 expertus
781 2515 938 2556 sum.
968 2498 1116 2555 Nam
1146 2515 1283 2556 cum
1309 2500 1563 2571 quodam
1593 2503 1853 2569 tempore

1971 2496 2175 2567 νάμεως
2203 2495 2473 2570 ὑπῆρχεν,
2497 2493 2608 2571 ἐγὼ
2634 2495 2688 2550 ἐν
2718 2496 2940 2570 ἐμαυτῷ
2969 2493 3059 2551 διὰ
3084 2496 3273 2572 πείρας
3306 2494 3499 2572 ἔγνων.
3522 2498 3612 2553 Ἐν

198 2587 253 2643 in
285 2590 650 2645 monasterio
682 2590 907 2662 positus
929 2589 1278 2646 ineisionem
1309 2589 1571 2646 vitalium
1603 2593 1851 2661 paterer,

1971 2582 2077 2655 Βσῳ
2104 2583 2204 2660 γὰρ
2234 2583 2287 2638 ἐν
2317 2588 2397 2656 τῷ
2429 2585 2784 2659 μοναστηρίῳ
2815 2586 3095 2661 ὑπῆρχον,
3119 2580 3171 2640 ἔν
3191 2607 3300 2641 τινι
3320 2590 3494 2662 καιρῷ
3516 2586 3614 2642 ὀισ-

201 2678 541 2748 crebrisque
558 2679 843 2751 angustiis
859 2693 962 2750 per
973 2678 1241 2736 horarum
1253 2682 1535 2736 momenta
1547 2678 1619 2735 ad
1640 2679 1855 2735 exitum

1971 2671 2171 2737 θενείας
2201 2674 2483 2748 ωγκοπὴν
2511 2678 2610 2729 τοῦ
2642 2674 2915 2746 ξωοποιοῦ
2956 2675 3267 2749 πνεύματος
3300 2676 3613 2749 ὑπομένων,

206 2769 661 2840 propinquarem
681 2767 883 2839 (quam
916 2768 1130 2825 medici
1161 2768 1494 2826 molestiam
1517 2767 1712 2825 Graeco
1734 2767 1859 2823 elo-

1971 2762 2056 2817 καὶ
2116 2766 2328 2838 συχνῶς
2386 2763 2900 2840 στενοχωρούμενος
2955 2764 3093 2820 κατᾶ
3149 2766 3384 2839 στιγμὴν
3443 2762 3613 2839 ὥρας,

211 2856 353 2927 quio
372 2855 661 2928 syncopin
691 2857 1007 2930 vocant),et
1036 2856 1153 2914 nisi
1176 2873 1270 2915 me
1300 2858 1631 2929 frequenter
1652 2856 1859 2912 fratres

1971 2854 2105 2928 πρὸς
2125 2856 2226 2923 τήν
2246 2858 2344 2909 τοῦ
2366 2855 2593 2912 θανέτου
2615 2850 2797 2927 ἔξοδον
2819 2855 3175 2926 ὂπλησίαζον.
3197 2855 3414 2928 Ταύτην
3437 2853 3494 2911 δὲ
3513 2857 3613 2925 τήν

208 2947 335 3002 cibo
349 2945 885 3011 reﬁcerent,vitalis
900 2946 1043 3003 mihi
1056 2946 1296 3019 spiritus
1310 2947 1574 3003 funditus
1593 2947 1664 3016 (α)
1679 2947 1859 3002 inter-

1971 2939 2237 2997 ἀσθένειαν
2259 2944 2315 2997 οἱ
2338 2943 2516 3019 ἰατροὶ
2536 2949 2630 3018 τῇ.
2648 2942 2941 3015 Ἑλληνίδι
2963 2943 3233 3018 διαλέκτῳ
3256 2946 3504 3019 συγκοπῆ
3526 2965 3619 3000 κα-

214 3034 321 3090 cidi
336 3035 602 3091 videretu
611 3035 1032 3113 r,pasehs_1issu
1038 3036 1452 3109 pervenitdies.
1463 3036 1532 3091 Et
1544 3051 1666 3092 cum
1676 3050 1861 3091 sacra-

1972 3029 2087 3086 λεῖν
2112 3031 2452 3088 είώθασιν.Εἰ
2477 3032 2554 3104 μὴ
2577 3029 2635 3087 δὲ
2657 3034 3001 3108 ωχνοτὲρως
3023 3034 3076 3087 οἱ
3098 3031 3331 3111 ἀδελφοὶ
3348 3039 3417 3108 τῇ
3436 3037 3615 3111 τροφῇ

210 3122 442 3179 tissime
458 3122 809 3195 Sabbato,in
840 3138 952 3196 quo
967 3140 1173 3181 omnes
1195 3132 1252 3181 et
1278 3122 1505 3196 parvuli
1533 3122 1695 3197 pueri
1704 3125 1860 3194 jeju-

1978 3141 2045 3194 με
2072 3124 2508 3195 παρεμυθοῦντο,
2540 3120 2603 3176 τὸ
2635 3122 2864 3190 ζωτικόν
2919 3142 3015 3193 μοι
3066 3126 3279 3194 πνεῦμα
3308 3120 3368 3177 ἐκ
3402 3122 3618 3197 βάθρων

206 3212 754 3305 nant,egojejunare
765 3228 880 3270 non
895 3215 1288 3285 possem,cmpi
1305 3212 1436 3284 plus
1447 3227 1688 3269 maerore
1701 3226 1864 3284 quam

1975 3208 2055 3283 (h)
2077 3206 2471 3305 ἁνασπάσξσθαι
2491 3207 2729 3283 ἤμελλε.
2754 3212 2870 3279 Τῆς
2892 3205 2951 3264 6‘s
2968 3214 3066 3264 106
3089 3209 3243 3284 ἁγίου
3266 3209 3449 3285 πάσχα
3479 3208 3623 3281 ἠμὲ-

208 3300 410 3356 infirmi
420 3306 540 3357 tate
551 3301 931 3359 deﬁcere.Sed
946 3302 1361 3359 tristisanimus
1372 3301 1679 3359 consilium
1691 3302 1863 3358 citius

1972 3319 2068 3375 ρας
2095 3292 2479 3369 καταλαϐούση
2493 3320 2538 3364 ς,
2569 3303 2649 3371 τῷ
2678 3300 2815 3375 ἁγίῳ
2846 3294 3105 3372 σαϐϐάτῳ
3133 3298 3187 3355 ἂν
3216 3301 3263 3372 ᾧ
3292 3300 3486 3363 πάντες
3517 3297 3624 3360 ἕως

216 3390 457 3455 invenit,
481 3394 549 3446 ut
567 3392 837 3448 eumdem
860 3392 1046 3448 virum
1080 3391 1177 3447 Dei
1210 3396 1435 3448 secreto
1457 3390 1518 3446 in
1542 3390 1861 3447 oratorium

1971 3388 2062 3444 καὶ
2090 3388 2159 3443 τὰ
2189 3390 2253 3462 (2')
2281 3387 2450 3462 σεμνὰ
2472 3385 2663 3443 παιδία
2681 3388 3053 3460 νηστεύουσιν,
3079 3388 3190 3463 ἐγὼ
3214 3392 3500 3459 νηστεῦσαι
3521 3388 3626 3443 οὐκ

221 3480 786 3554 dueerem,eumque
808 3486 1061 3554 peterem
1091 3485 1374 3550 quatenus
1396 3477 1540 3536 mihi
1568 3484 1634 3536 ut
1655 3478 1864 3536 dieillo

1972 3474 2280 3552 ἠδυνάμην.
2295 3477 2575 3550 Ἦρξάμην
2587 3476 2769 3533 τοίνυν
2786 3481 2857 3551 τῇ
2873 3476 3019 3552 λύπῃ
3030 3474 3460 3552 πλειοτέρως,(])
3474 3475 3625 3552 ε’ἰπερ

222 3569 395 3626 virtus
418 3570 489 3625 ad
506 3569 901 3641 ieiunandum
923 3570 1181 3639 daretur,
1197 3569 1486 3640 suisapud
1510 3569 1864 3641 omnipoten-

1974 3568 2074 3635 τῆς
2094 3563 2368 3629 ἀσθενείας
2396 3564 2774 3639 ἐκλιμπάνειν.
2798 3564 3025 3640 Ταχέως
3054 3563 3111 3622 δὶ
3139 3568 3175 3635 ἡ
3205 3562 3498 3628 λατόδυνός
3521 3586 3629 3639 μου

232 3665 329 3713 lem
372 3658 694 3714 Dominum
732 3657 1003 3731 precibus
1025 3657 1346 3725 obtineret;
1391 3658 1544 3729 quod
1566 3661 1624 3712 et
1653 3658 1864 3713 factum

1977 3654 2157 3732 ψυχὴ,
2192 3650 2413 3728 ἀρίστην
2450 3653 2666 3729 βουλήν
2700 3655 2843 3729 εὗρε.
2874 3655 2973 3710 Τὸν
3020 3654 3320 3732 γὰρᾼαύτὸν
3349 3657 3448 3709 τοῦ
3494 3657 3628 3709 Θεοῦ

238 3752 327 3804 εει.
344 3747 494 3803 Nam
520 3762 656 3803 mox
676 3718 751 3802 ut
774 3748 1091 3804 oratorium
1112 3718 1364 3819 ingressi
1383 3718 1611 3813 siimue,
1628 3744 1704 3818 (ὺ)
1725 3762 1757 3801 a
1785 3759 1864 3801 me

1978 3718 2264 3817 ἀνθρῶπον
2282 3718 2689 3818 Ἐλευθέριον-ἒν
2708 3718 2996 3816 μύστηρίῳ
3013 3718 3164 3804 ε’ίςτηὸ
3184 3743 3470 3818 εύκτήριον
3490 3742 3631 3813 ἀπή-

243 3834 529 3892 bumiliter
543 3834 1033 3908 postulatus,sese
1046 3851 1180 3892 eum
1195 3834 1537 3905 lacrymisin
1550 3835 1864 3891 orationem

1981 3853 2173 3910 γαγον,
2203 3830 2294 3887 καὶ
2322 3834 2484 3887 τοῦτο
2514 3830 2835 3905 ᾐτησάμην,
2867 3831 3018 3892 ὅπως
3068 3829 3159 3886 διὰ
3206 3838 3308 3903 τῆς
3339 3830 3506 3887 αὐτοῦ
3540 3829 3628 3887 δε·

241 3923 401 3993 dedit,
433 3929 488 3981 et
506 3929 640 3997 post
652 3922 953 3997 paululum
975 3922 1267 3995 completa
1289 3924 1552 3981 oratione
1571 3922 1730 3980 exiit.
1764 3922 1864 3979 Sed

1985 3924 2181 3994 ήσεως,
2212 3922 2360 3997 παρὰ
2383 3925 2463 3993 τῷ
2494 3918 2894 3995 παντοδυνάμῳ
2921 3921 3096 3995 κυρίῳ
3117 3918 3344 3995 δύναμίς
3376 3942 3471 3994 μοι
3492 3921 3630 3996 πρὸς

245 4015 303 4071 ad
315 4029 515 4072 vocem
531 4012 956 4070 benedictionis
979 4012 1440 4081 illius,virtutem
1463 4016 1686 4069 tantam
1710 4027 1864 4067 meu:

1983 4011 2049 4067 16
2077 4012 2340 4068 νεστεύειν
2373 4009 2660 4084 δοθήσεται
2688 4013 2858 4086 Ὅπερ
2889 4010 2982 4066 καὶ
3021 4012 3266 4087 γέγονεν.
3314 4011 3502 4067 ἸΙνίκα
3529 4011 3632 4085 γὰρ

247 4103 573 4160 stomachus
594 4104 914 4175 accepit,ut
939 4102 1086 4158 mihi
1114 4102 1384 4159 funditus
1415 4119 1449 4158 a
1466 4100 1864 4158 memoriatol-

1989 4100 2065 4163 εἷς
2085 4100 2149 4155 τὸ
2170 4100 2446 4173 εὐκτόριον
2469 4102 2821 4175 εἰσήλθομεν,
2851 4100 2944 4155 καὶ
2973 4100 3107 4175 μετὰ
3128 4098 3341 4169 πολλῆς
3361 4099 3632 4155 ταπεινώ-

246 4190 442 4251 leretur
480 4193 647 4249 cibus
666 4197 723 4248 et
762 4193 1063 4263 aegritudo.
1097 4191 1257 4264 Cmpi
1289 4191 1492 4247 mirari
1513 4191 1650 4263 quis
1670 4205 1879 4259 essem,

247 4282 365 4353 quis
386 4280 766 4352 fuerim,quia
786 4286 999 4338 etcum
1023 4281 1095 4337 ad
1118 4281 1382 4337 animum
1398 4280 1622 4336 redibat
1642 4278 1883 4335 inﬁrmi-

248 4370 496 4439 tss,nihil
518 4370 578 4425 in
605 4386 701 4427 me
721 4386 792 4426 ex
810 4371 905 4426 his
933 4385 1059 4441 quae
1090 4368 1473 4426 memineram
1506 4383 1882 4440 recognosce-

252 4458 666 4531 bsm.Cumque
688 4460 762 4532 (ε)
778 4459 839 4515 in
859 4457 1249 4530 dispositione
1263 4457 1600 4514 monasterii
1614 4465 1888 4528 occupata

255 4564 410 4607 mens
438 4549 1006 4618 esset,obliviscebar
1036 4549 1302 4605 funditus
1330 4547 1691 4620 aegritudinis
1724 4563 1886 4604 meae.

253 4635 312 4690 Si
334 4654 487 4708 vero,
504 4645 572 4694 ut
593 4638 854 4711 praedixi,
878 4638 1095 4695 rediret
1123 4637 1406 4711 aegritudo
1430 4638 1500 4693 ad
1519 4637 1889 4708 memoriam,

256 4740 384 4782 eum
409 4731 529 4784 tam
561 4728 768 4785 fortem
799 4743 894 4784 me
924 4743 1055 4784 esse
1088 4728 1369 4784 sentirem
1382 4725 1662 4797 ,mirabar
1690 4726 1742 4782 si
1772 4742 1891 4783 non

263 4816 653 4875 comedissem.
686 4816 797 4885 Qui
846 4816 923 4874 ad
969 4831 1272 4888 vesperam
1305 4816 1565 4888 veniens,
1595 4820 1769 4873 tanta)
1800 4831 1894 4872 me

269 4902 607 4964 lorh‘tudinis
636 4905 928 4971 inveni,nt
955 4904 1007 4962 si
1034 4903 1371 4974 voluissem,
1386 4904 1680 4977 jejunium
1705 4921 1896 4979 usque

274 4993 334 5047 ad
361 4993 505 5052 diem
527 4998 776 5053 alterum
804 4995 1124 5053 transferre
1143 4994 1486 5066 potuissem.
1510 4995 1666 5054 858
1688 4995 1897 5067 Sicque

346 5238 420 5318 (3)
444 5234 710 5318 “bengip”
734 5232 1333 5318 interdicigonsentit
1351 5233 1650 5318 secundus
1680 5233 1899 5292 Theod.

350 5303 528 5389 (b).Sic
566 5303 1116 5389 legendum-suadet
1141 5303 1451 5389 .unanimis
1479 5303 1623 5389 Mss.
1656 5322 1904 5389 consen-

288 5386 393 5429 sus.
423 5375 479 5433 ln
507 5375 754 5452 vulg'atis
785 5382 1018 5435 tantum
1058 5375 1262 5450 habes,
1294 5378 1535 5447 ingressi
1563 5392 1775 5447 sumus,
1801 5375 1907 5433 hu-

289 5446 482 5502 militer
506 5467 641 5506 sese.

289 5457 482 5502 muter
506 5467 641 5506 sese.

440 5521 561 5608 Σίρι.
588 5520 669 5608 Cl:
701 5528 754 5608 et
784 5522 900 5579 duo
931 5519 1273 5608 Theod.,jit
1300 5517 1725 5592 dispensatione.

352 5590 419 5659 Η)
452 5590 578 5657 Min,
608 5593 769 5649 αὑτὸν
803 5593 1003 5671 μικρόν
1033 5614 1086 5648 τι
1117 5588 1390 5647 ἐκδοῦναι,

581 5694 846 5761 Panos.
896 5694 1190 5759 LXXVII.

1989 4209 2125 4252 σεως
2153 4193 2346 4244 τοῦτον
2369 4187 2689 4264 ᾐτησάμην,
2716 4190 2908 4245 ἑαυτὸν
2934 4189 3071 4263 μετὰ
3091 4185 3337 4264 δακρύων
3365 4188 3443 4253 είς
3468 4187 3640 4261 εὐχὴν

1991 4275 2214 4334 δέδωκε.
2246 4279 2379 4335 Μετ’
2411 4278 2599 4354 ὀλίγον
2629 4277 2687 4333 δὲ
2714 4286 2818 4349 τῆς
2849 4278 3024 4353 εὐχῆς
3054 4275 3472 4352 πληρωθείσης,
3494 4275 3547 4331 ἐν
3567 4278 3636 4348 τῇ

1989 4374 2091 4437 τῆς
2121 4364 2377 4444 εὐλογίας
2399 4366 2564 4423 αὐτοῦ
2590 4372 2742 4447 φωνῇ
2769 4365 2997 4441 δύναμιν
3017 4366 3283 4437 τοσαύτην
3309 4367 3339 4421 6
3361 4363 3645 4439 στόμαχός

1997 4468 2103 4531 μου
2124 4451 2335 4526 ἔλαϐεν,
2359 4454 2498 4512 ὥστε
2518 4454 2802 4517 παντελῶς
2825 4455 2886 4511 ἐκ
2902 4463 3003 4526 τῆς
3026 4457 3252 4529 μνήμης
3277 4475 3383 4527 μου
3405 4455 3504 4524 τῆν
3526 4470 3649 4526 τρο-

1997 4549 2102 4627 φήν
2128 4546 2220 4602 καὶ
2239 4546 2337 4615 τὴν
2363 4545 2636 4602 ὰσθὲνειαν
2660 4546 2909 4621 ἀρθῆναι.
2930 4546 3208 4618 Ἠρξάμην
3232 4546 3415 4600 τοίνυν
3436 4543 3650 4614 θαυμά-

2004 4642 2110 4707 ζειν
2142 4636 2224 4697 τίς
2253 4635 2432 4710 ἢμην,
2463 4636 2554 4691 καὶ
2573 4636 2653 4699 τίς
2677 4634 2970 4712 ἐγενόμην.
2997 4636 3121 4689 Ὅτε
3142 4631 3199 4688 δὲ
3218 4634 3308 4688 καὶ
3328 4631 3643 4706 ἐπέστρεφεν

2002 4727 2056 4783 ἰν
2087 4726 2216 4800 ἐμοί
2246 4728 2282 4796 ἡ
2307 4722 2573 4796 ἀσθένεια,
2604 4721 2761 4780 οὐδὲν
2789 4723 2842 4795 ἐξ
2873 4721 3091 4779 ἐκείνων
3125 4719 3444 4797 ἔγνώριζον,
3475 4719 3651 4795 ὧνπερ

2008 4814 2255 4894 ἔπασχον
2286 4816 2501 4892 πρώην.
2533 4814 2719 4873 Ἦνίκα
2748 4810 2806 4870 δὶ
2834 4811 2889 4870 ἂν
2910 4816 2981 4888 τῇ
2999 4816 3097 4868 τοῦ
3124 4811 3493 4888 μοναστηρίου
3517 4806 3655 4866 διοι-

2008 4911 2165 4971 κήσει
2186 4905 2499 4981 ἐπάσχολος
2519 4904 2548 4959 6
2571 4902 2840 4980 λογισμός
2865 4923 2971 4977 μου
2996 4899 3521 4978 ὑπῆρχε,παντελῶς
3541 4896 3656 4955 ἔκε-

2013 4997 2361 5071 λανθανόμην
2379 5000 2479 5064 τῆς
2500 4992 2774 5059 ἀσθενείας
2798 4993 3054 5067 μου.Ἐὰν
3071 4989 3148 5063 δὲ,
3167 4992 3349 5055 καθὼς
3367 4994 3657 5068 προεῖπον,

2083 5239 2149 5313 (ελ)
2185 5237 2289 5313 bis.
2301 5280 2314 5306 ,
2346 5232 2613 5313 tagax.

2081 5303 2159 5378 (Γ)
2188 5303 2329 5377 Μεθ’,
2359 5303 2429 5378 τῆ
2460 5303 2620 5378 έῦχῆο

2196 5371 2327 5451 Me,
2359 5371 2691 5451 {riam-66011
2718 5372 2998 5437 παντελῶς
3027 5377 3126 5429 τοῦ
3159 5371 3381 5431 λοιποῦ.

2089 5449 2170 5523 (λ’)
2192 5450 2338 5523 Ms"
2373 5449 2730 5523 ἀνασπάσθαι.

2112 5516 2165 5596 ἱ)’
2187 5516 2325 5596 ιιι,
2356 5520 2525 5596 μικρὰ
2554 5516 2766 5577 παιδία.

2091 5526 2159 5666 ῧζ
2187 5526 2326 5664 iit:
2356 5526 2514 5670 ξὲτῗέξέῗ

3293 5686 3365 5748 10
