4210 6160
508 339 620 398 311

1732 335 2011 397 SANCTI
2057 332 2421 395 GltEGORll
2467 329 2718 392 MAGNI

3792 331 3909 390 312

511 476 628 532 τοῖς
660 469 806 526 οὖσιν
841 468 1012 526 ἒκεῖσε
1035 464 1444 546 Λογγοϐἀρδοις
1465 467 1838 542 ἤρεσεν,5πως
1868 468 2032 523 αὐτοῦ
2060 469 2162 537 τήν

2276 465 2575 523 ctaculum
2598 463 2823 520 mortis.
2860 463 3382 521 Circumsteterunt
3402 460 3598 536 itaque
3619 464 3796 523 acies.
3816 465 3914 521 Vir

513 559 759 634 κεφαλήν
788 560 1155 632 ἀποτέμωσιν,
1178 557 1320 612 ὥστε
1345 557 1468 612 ἄνευ
1489 560 1564 632 (ιι)
1591 558 1904 633 βαρυτάτης
1932 557 2162 632 κρίσεως

518 649 920 720 συμπαθηεικῷ
939 646 1152 718 θανάτῳ
1171 648 1269 714 τὴν
1294 647 1442 715 ζωὴν
1464 645 1627 700 αὐτοῦ
1650 642 2163 714 ἀπαλλάξωσι.Δια-

516 738 723 797 ινόντες
743 735 923 790 τοίνυν
940 735 992 790 οἱ
1006 733 1055 788 ἐν
1067 734 1310 806 τῷτόπῳ
1324 734 1514 806 ἐκείνῳ
1526 733 1823 808 εύρεθέντες
1840 729 2165 810 Λογγοόάρ-

515 823 622 894 δοι,
640 824 724 878 ὃτι
743 821 1098 898 Σάγκτουλος
1116 823 1144 877 6
1167 823 1363 896 μεταξὺ
1388 822 1562 877 αὐτῶν
1579 819 1647 876 δι’
1670 821 1982 896 ἁγιωσύνης
2005 817 2164 884 σέϐας

513 911 564 967 έν
602 911 828 986 μεγίστῃ
859 915 997 985 τιμῇ
1031 912 1318 989 ὑπάρχων,
1341 911 1666 989 φονευθῆναι
1690 909 2160 982 ἢμελλεν,πάντες

516 998 878 1074 συνῆλθον,τῇ
894 1001 1109 1070 συνήθει
1121 998 1298 1053 αὐτῶν
1315 999 1566 1071 ὠμότητι
1580 999 1865 1074 χρώμενοι
1884 998 2164 1077 εὐφραινό-

517 1107 691 1161 μενοι,
716 1090 790 1161 (b)
820 1089 910 1142 καὶ
932 1087 984 1142 ἐν
1010 1084 1210 1161 όρδίνῳ
1232 1086 1466 1157 στάντες,
1489 1088 1580 1142 τὸν
1610 1088 1836 1150 θάνατου
1862 1087 2026 1142 αὐτοῦ
2048 1086 2162 1157 ἑξε-

517 1174 768 1251 δὲχοντο.
801 1179 914 1232 Τοῦ
938 1173 994 1231 δὲ
1016 1176 1301 1248 ανθρώπου
1332 1180 1428 1230 τοῦ
1453 1180 1588 1231 Θεοῦ
1616 1175 1668 1230 ἐν
1697 1180 1778 1248 τῷ
1812 1175 1963 1250 μέσῳ
1985 1176 2162 1231 αὐτῶν

517 1263 879 1340 εἰσαχθέντος,
911 1263 971 1319 ἐκ
998 1265 1212 1320 πάντων
1253 1270 1360 1319 τῶν
1413 1262 1620 1340 ἀνδρῶν
1653 1269 1761 1320 τῶν
1796 1264 1847 1320 ἐν
1878 1263 2161 1335 δυναστείᾳ

512 1355 769 1426 σώματος
802 1353 1078 1432 έπελέχθη
1113 1355 1209 1421 εἷς,
1240 1355 1362 1427 περὶ
1394 1354 1457 1408 οὗ
1481 1351 1726 1408 διστάσαι
1758 1354 1860 1408 οὐκ
1889 1355 1980 1424 ἦν,
2003 1356 2088 1408 ὃτι
2109 1353 2161 1409 ἐν

514 1444 592 1497 ἐνὶ
622 1444 928 1518 κρούσματι
956 1445 1054 1510 τῆν
1087 1440 1332 1521 κεφαλὴν
1356 1442 1522 1497 αὐτοῦ
1552 1443 1869 1515 ἀποτέμνοι.
1903 1444 1964 1499 Ὁ
1989 1440 2046 1496 δὲ
2077 1442 2162 1497 εύο

520 1527 854 1593 λαϐἑστατος
888 1532 1044 1594 οὗτος
1092 1531 1254 1606 ἀνὴρ,
1301 1531 1462 1603 μέσον
1508 1530 1680 1586 αὐτῶν
1713 1529 1960 1586 ἔνόπλων
1993 1529 2160 1586 ὄντων

515 1621 863 1695 προενεχθεὶς
885 1619 960 1681 εἰς
980 1621 1042 1674 τὸ
1065 1620 1256 1674 ἑαυτοῦ
1274 1619 1444 1675 ὅπλον
1471 1619 1668 1681 εὐθέως
1687 1617 2003 1694 ἀνέδραμενο
2023 1619 2162 1694 ᾐτήο

518 1730 649 1765 σατο
669 1710 770 1784 γὰρ
792 1709 942 1769 ’ὁπως
965 1710 1114 1779 αὑτῷ
1133 1711 1199 1782 (c)
1217 1706 1383 1782 ὀλίγη
1404 1706 1555 1764 ἄδεια
1573 1713 1666 1763 τοῦ
1688 1707 1934 1780 εὔξασθαι
1955 1729 2162 1783 παρασ-

515 1799 676 1873 χεθῇ.
690 1795 902 1854 Τούτου
921 1795 977 1852 δὲ
997 1795 1369 1872 γεγονότος,ἐν
1391 1800 1460 1870 τῇ
1477 1803 1546 1870 γῆ
1572 1797 1760 1852 ἑαυτὸν
1786 1797 2161 1870 ὑποστρώσας,

516 1885 772 1961 εὔχεσθαι
802 1883 1024 1959 ἤρξατο.
1058 1887 1266 1960 Μικρὸν
1301 1883 1359 1940 δὲ
1387 1885 1742 1960 χρονίσαντος
1774 1886 1938 1941 αὐτοῦ
1987 1884 2038 1941 ἐν
2093 1889 2162 1959 τῇ

512 1974 676 2051 εὐχῇ,
709 1977 737 2030 6
767 1973 1078 2050 ἐπιλεχθεὶς
1108 1975 1242 2047 πρὸς
1267 1975 1330 2029 τὸ
1357 1980 1612 2052 φονεῦσαι
1634 1975 1818 2041 αὐτὸν,
1841 1977 1910 2046 τῇ
1929 1979 2026 2030 τοῦ
2056 1996 2164 2029 πο-

515 2062 606 2126 δὸς
626 2062 795 2120 αὑτοῦ
819 2061 1046 2134 λακταίᾳ
1067 2069 1256 2119 τοῦτον
1274 2059 1439 2133 ἕνυξε,
1461 2062 1659 2139 λέγων·
1684 2063 2030 2131 ’Δνάστα,καὶ
2048 2063 2166 2120 κλί-

511 2174 607 2214 νας
636 2152 768 2227 γόνυ
813 2146 1044 2206 ἔκτεινόν
1091 2172 1186 2206 σου
1226 2153 1318 2206 τὸν
1351 2151 1568 2227 αύχένα’
1615 2152 1870 2208 Ἀναστὰς
1921 2149 1979 2207 δὲ
2010 2154 2038 2207 6
2066 2156 2163 2208 τοῦ

511 2245 647 2296 Θεοῦ
670 2240 976 2313 ἄνθρωπος.
1002 2240 1179 2301 καθὼς
1201 2241 1512 2315 προσετάγη
1537 2239 1854 2310 πεποίηκεν.
1880 2241 2160 2298 Ἐκταοὲν-

507 2351 600 2392 τος
633 2327 691 2385 δὲ
723 2327 887 2384 αὺτοῦ
907 2333 1004 2384 τοῦ
1027 2327 1276 2403 αὒχένος,
1300 2327 1389 2382 καὶ
1411 2329 1472 2384 τὸ
1503 2328 1650 2406 ξίφος
1682 2332 1800 2384 καθ’
1829 2329 1992 2385 αὑτοῦ
2013 2351 2160 2405 γυμ-

506 2419 675 2482 νωθὲν
701 2418 1054 2490 θεασάμενος,
1069 2422 1261 2473 τοῦτον
1281 2418 1373 2472 τὸν
1393 2415 1485 2472 ἵνα
1506 2416 1690 2492 λόγον,
1713 2419 1893 2483 καθὼς
1919 2419 2158 2492 λέγουσι,

506 2503 794 2578 ὃημοσίως
816 2507 987 2560 εἶπεν
1014 2507 1178 2580 “Avis
1201 2505 1448 2577 Ἰωάννη,
1476 2503 1619 2579 δέξαι
1647 2508 1803 2562 αὐτό.
1827 2506 1962 2562 Τότε
1985 2508 2013 2562 6
2043 2507 2160 2563 ἐπί-

511 2592 702 2656 λεκτος
731 2594 821 2649 καὶ
854 2589 1188 2667 σαρκοϐόρος
1210 2593 1437 2664 ἐκεῖνος,
1461 2595 1667 2670 γυμνὸν
1689 2597 1752 2650 τὸ
1776 2595 1924 2675 ξίφος
1947 2601 2160 2671 κρατῶν

509 2685 564 2738 ἓν
600 2683 779 2758 ἰσχύει
808 2683 900 2737 τὸν
934 2682 1204 2758 βραχίονα
1236 2683 1310 2744 είς
1345 2680 1478 2757 ὕψος
1501 2683 1696 2759 ἐπῇρεν
1730 2683 1819 2739 ἐπὶ
1842 2684 1904 2740 16
1929 2690 2158 2751 κροῦσαι

513 2771 672 2826 αὐτὸν
685 2771 1030 2848 ,καταγαγεῖν
1045 2768 1102 2826 δὲ
1116 2770 1244 2826 αὐτὸ
1263 2768 1520 2844 οὐδαμῶς
1537 2769 1780 2844 ἠδυνήθη
1792 2775 2157 2848 ,Ὑψώσαντος

514 2860 618 2934 γὰρ
652 2859 816 2916 αὐτοῦ
846 2858 900 2914 ἐν
928 2864 1008 2932 τῷ
1037 2859 1153 2935 ἀέρι
1184 2861 1284 2929 τήν
1329 2861 1630 2939 μάχαιραν,
1663 2861 1814 2940 ἄφνω
1848 2864 1876 2917 6
1911 2864 2158 2938 βραχίων

515 2948 681 3004 αὐτοῦ
709 2946 936 3018 ἀκλινὴς
963 2948 1270 3021 ἀπέμεινεν.
1291 2950 1428 3005 Τότε
1457 2951 1596 3005 ἃπας
1618 2955 1726 3005 τῶν
1759 2948 2156 3028 Λογγοϐἀρδων

517 3038 545 3090 6
565 3033 818 3112 θόρυϐος,
842 3041 950 3091 τῶν
975 3037 1052 3099 είς
1075 3035 1194 3091 θέαν
1218 3042 1314 3092 τοῦ
1337 3038 1566 3102 θανάτου
1593 3037 1757 3094 αὐτοῦ
1777 3036 2158 3118 παραγεγονό-

510 3147 641 3194 των,
675 3125 752 3189 είς
779 3127 925 3181 αἶνον
949 3131 1080 3182 Θεοῦ
1113 3128 1476 3205 μετεστράφη,
1503 3128 1593 3183 καὶ
1616 3127 1907 3203 θαυμᾶζειν
1929 3131 2159 3205 ἀρξάμε-

2272 562 2466 612 autem
2501 553 2728 610 Domini
2761 553 3047 608 deductus
3104 553 3163 608 in
3195 554 3455 609 medium
3489 558 3597 622 est,
3629 559 3804 627 atque
3847 572 3914 612 ex

2273 643 2542 700 omnibus
2559 642 2700 697 viris
2731 641 2973 696 fortibus
3003 640 3218 698 electus
3251 649 3342 698 est
3372 659 3547 710 unus,
3571 644 3643 698 de
3665 659 3777 714 quo
3801 645 3913 700 du-

2271 734 2435 789 bium
2459 749 2574 788 non
2608 735 2764 787 esset
2795 732 2936 802 quin
2967 747 3083 786 uno
3105 731 3218 787 ictu
3241 736 3415 804 caput
3443 733 3570 802 ejus
3600 734 3914 790 abscinde-

2273 827 2376 878 ret.
2419 821 2794 877 Venerandus
2819 820 2998 891 igitur
3026 820 3113 875 vir
3142 820 3292 876 inter
3320 826 3576 877 armatos
3601 821 3909 892 deductus,

2271 914 2342 968 ad
2357 927 2462 966 sua
2482 926 2645 965 arma
2665 908 2859 965 statim
2905 909 3187 977 cucurrit;
3225 925 3359 964 nam
3385 909 3548 980 petiit
3569 917 3631 965 ut
3652 910 3760 966 sibi
3778 928 3916 981 pau-

2269 999 2456 1056 lulum
2489 998 2695 1055 orandi
2720 997 2953 1053 licentia
2981 998 3234 1054 daretur.
3267 997 3370 1054 Cui
3401 995 3540 1054 dum
3561 1015 3910 1056 concessum

2272 1087 2570 1155 fuisset,in
2593 1091 2804 1142 terram
2839 1102 2899 1142 se
2919 1086 3125 1142 stravit
3145 1091 3201 1142 et
3222 1087 3423 1142 oravit.
3448 1087 3556 1152 Qui
3578 1088 3716 1143 dum
3740 1089 3915 1160 paulo

2271 1178 2496 1234 diutius
2517 1181 2728 1244 oraret,
2754 1177 2907 1231 hunc
2929 1176 3244 1247 electus(g)
3263 1176 3596 1232 interfector
3617 1178 3771 1232 calce
3786 1177 3914 1250 pul-

2271 1269 2413 1322 savit
2447 1271 2510 1320 ut
2531 1273 2813 1336 surgeret,
2836 1266 3036 1320 dicens
3059 1281 3072 1320 :
3099 1264 3305 1336 Surge,
3329 1275 3382 1319 et
3405 1264 3548 1320 ﬂexo
3567 1281 3718 1338 genu
3747 1266 3916 1322 tende

2271 1357 2574 1412 cervicem.
2609 1354 2872 1411 Surrexit
2901 1359 3098 1410 autem
3133 1355 3215 1410 vir
3267 1354 3519 1424 Domini,
3579 1355 3915 1428 genuflexit,

2271 1446 2552 1502 cervicem
2574 1445 2845 1512 tetendit,
2864 1445 2961 1500 sed
2987 1449 3156 1499 tenso
3169 1443 3319 1500 collo
3341 1445 3612 1500 eductam
3635 1451 3838 1501 contra
3855 1463 3918 1501 se

2271 1534 2540 1605 spatham
2574 1534 2831 1602 intuens,
2859 1533 2964 1588 hoc
2991 1548 3168 1589 unum
3198 1533 3430 1604 publice
3459 1533 3642 1589 fertur
3663 1533 3878 1590 dixisse
3902 1551 3918 1590 :

2273 1623 2355 1695 (h)
2372 1623 2583 1678 Sancte
2593 1621 3028 1689 Joannes,susci
3038 1637 3107 1692 pe
3126 1621 3402 1678 illam.Tu
3412 1638 3482 1677 nc
3496 1621 3716 1678 electus
3734 1624 3930 1678 carni-

2274 1713 2362 1767 fex
2393 1711 2766 1782 evaginatum
2786 1710 3050 1782 gladium
3083 1715 3310 1778 tenens,
3337 1711 3470 1766 nisu
3496 1711 3627 1766 forti
3649 1711 3707 1766 in
3730 1711 3924 1767 altum

2272 1802 2574 1858 brachium
2609 1815 2993 1872 percussurus
3023 1799 3253 1868 levavit,
3286 1801 3386 1856 sed
3427 1801 3713 1871 deponere
3752 1801 3926 1856 nullo

2274 1892 2446 1948 modo
2465 1890 2678 1963 potuit,
2700 1907 2836 1946 nam
2857 1895 3094 1962 repente
3117 1889 3373 1959 diriguit,
3397 1897 3455 1946 et
3475 1897 3663 1946 erecto
3684 1891 3744 1948 in
3793 1909 3923 1948 cce-

2271 1981 2392 2037 lum
2417 1981 2610 2052 gladio
2629 1977 2929 2035 brachium
2955 1977 3268 2033 inﬂexibile
3287 1977 3588 2033 remansit.
3611 1978 3772 2033 Tunc
3791 1995 3924 2034 om-

2273 2069 2364 2124 nis
2396 2068 2906 2140 Langobardorum
2941 2066 3112 2122 turba
3142 2082 3264 2135 qua:
3291 2065 3362 2120 ad
3385 2065 3529 2120 illud
3554 2067 3757 2122 mortis
3780 2084 3927 2138 spe-

2272 2157 2564 2215 ctaculum
2590 2157 2810 2223 aderat,
2835 2157 2892 2211 in
2917 2156 3104 2210 laudis
3126 2155 3378 2211 favorem
3401 2157 3925 2222 conversa,mirari

2269 2247 2467 2319 capit,
2488 2247 2794 2317 virumque
2814 2244 2908 2300 Dei
2933 2260 3067 2300 cum
3092 2243 3299 2300 timore
3321 2245 3606 2311 venerari,
3623 2247 3760 2316 quia
3784 2262 3928 2314 pro-

2270 2337 2416 2392 fecto
2447 2334 2731 2391 claruerat
2762 2335 2926 2403 cujus
2947 2333 3268 2389 sanctitatis
3296 2341 3468 2401 esset,
3501 2334 3603 2405 qui
3626 2335 3932 2391 carnificis

2269 2423 2359 2478 sui
2387 2422 2694 2478 brachium
2726 2421 2786 2476 in
2812 2437 2944 2476 aere
2975 2420 3237 2492 ligasset.
3273 2422 3477 2493 Itaque
3501 2422 3836 2493 postulatus
3863 2429 3937 2479 ut

2270 2516 2556 2584 surgeret,
2589 2509 2872 2578 surrexit;
2896 2508 3222 2582 postulatus
3247 2514 3311 2565 ut
3333 2510 3636 2567 brachium
3670 2512 3763 2567 sui
3786 2528 3934 2566 car-

2268 2601 2462 2657 nificis
2492 2604 2744 2664 sanaret,
2779 2599 3030 2670 negavit,
3064 2598 3266 2655 dicens
3299 2615 3313 2653 :
3357 2599 3472 2672 Ego
3505 2616 3607 2672 pro
3638 2617 3704 2657 eo
3752 2601 3930 2657 nullo

2270 2690 2443 2746 modo
2475 2689 2673 2756 orabo,
2729 2689 2841 2744 nisi
2877 2688 3024 2743 mihi
3055 2692 3189 2744 ante
3223 2690 3633 2760 juramentum
3692 2689 3933 2745 dederit

2267 2779 2402 2852 quia
2433 2795 2564 2834 cum
2598 2779 2713 2834 ista
2733 2795 2912 2834 manu
2936 2777 3329 2834 Christianum
3362 2778 3657 2836 hominem
3681 2795 3797 2834 non
3821 2796 3933 2835 oc-

2265 2872 2441 2926 cidat.
2477 2871 2586 2925 Sed
2621 2869 3036 2942 Langobardus
3069 2869 3244 2934 idem,
3295 2871 3420 2941 qui,
3456 2875 3520 2925 ut
3572 2871 3650 2924 ita
3698 2869 3931 2934 dicam,

2266 2958 2574 3016 brachium
2605 2969 2807 3016 contra
2836 2965 3017 3016 Deum
3051 2959 3341 3016 tendendo
3373 2958 3718 3032 perdiderat,
3743 2976 3933 3031 pmna

2267 3065 2376 3104 sua
2405 3048 2692 3119 exigente,
2715 3049 3058 3120 compulsus
3081 3049 3388 3117 estjurare
3419 3063 3480 3102 se
3511 3047 3932 3104 Christianum

2265 3137 2567 3194 hominem
2593 3152 2893 3208 nunquam
2917 3136 3196 3191 occidere.
3227 3137 3374 3193 365
3402 3137 3566 3192 Tunc
3581 3137 3934 3194 virDomini

512 3235 620 3284 νοι,
651 3215 742 3269 τὸν
769 3219 867 3270 τοῦ
899 3219 1034 3270 Θεοῦ
1082 3215 1365 3290 ἄνθρωπον
1515 3219 1651 3290 μετὰ
1681 3215 1854 3292 φόϐου
1885 3216 2152 3276 ἐσέϐοντο.

2272 3226 2562 3299 praecepit,
2585 3226 2819 3280 dicens:
2849 3229 3075 3296 Depone
3102 3241 3340 3280 manum
3365 3226 3935 3291 deorsum.Quista-

513 3308 770 3379 Φανερῶς
793 3303 895 3379 γὰρ
917 3302 1218 3379 ἀπεδείχθη
1235 3305 1391 3367 ποίας
1408 3305 1716 3380 ἁγιωσύνης
1731 3308 2156 3383 ύπῆρχεν,ὅστις

513 3391 604 3446 τὸν
633 3397 736 3459 τοῦ
759 3387 1100 3468 σαρκοϐόρου
1123 3390 1316 3468 ἀνδρὸς
1346 3394 1611 3470 βραχίονα
1634 3394 1686 3449 ἐν
1717 3399 1796 3466 τῷ
1827 3396 1941 3472 ἀέρι
1975 3394 2156 3466 ἔδησε.

513 3480 894 3557 Παρακληθεὶς
923 3482 1103 3537 τοίνυν
1147 3482 1362 3554 ἀνέστη,
1393 3485 1482 3538 καὶ
1523 3481 1835 3540 ἐδυσώπουν
1882 3485 2039 3541 αὐτὸν
2068 3485 2159 3542 ’ίνα

513 3573 604 3627 τὸν
632 3571 904 3647 βραχίονα
934 3575 1029 3626 τοῦ
1053 3571 1213 3626 αύνοῦ
1244 3568 1583 3646 σαρκοϐόρου
1605 3571 1800 3647 ἀνδρὸς
1825 3574 2062 3644 ΐάσηται.
2097 3576 2157 3634 Ὁ

517 3657 574 3714 δὲ
597 3660 751 3734 ἅγιος
774 3660 933 3722 οὗτος
951 3656 2003 3736 ἀνὴρδιανεϐάλλετο,λέγωνὈύδαμῶς
2027 3666 2158 3741 ὑπὶρ

515 3745 680 3802 αὐτοῦ
712 3745 973 3822 εὔχομαι,
1006 3747 1049 3802 εί
1103 3749 1178 3819 μὴ
1225 3748 1489 3823 πρότερον
1540 3752 1702 3824 ’ὁρκον
1737 3773 1832 3821 μοι
1867 3750 2040 3827 δώσῃ,
2075 3756 2159 3810 ὅτι

519 3835 652 3908 μετὰ
679 3843 779 3904 τῆς
808 3837 997 3914 χειρὸς
1015 3835 1218 3907 ταύτης
1238 3839 1554 3911 χριστιανὸν
1580 3839 1861 3915 ἄνθρωπον
1887 3841 1948 3896 ού
1973 3843 2160 3920 φονεύ·

514 3945 616 3983 σει.
647 3925 704 3976 Ὀ
749 3921 805 3978 δέ
838 3920 1231 4000 Λογγοϐάρδος
1281 3923 1506 3996 ἐκεῖνος,
1547 3928 1698 3990 ὅστις
1739 3929 1874 3984 κατὰ
1901 3935 1998 3986 τοῦ
2029 3936 2162 3987 Θεοῦ

515 4014 628 4086 (ἳνα
653 4010 827 4073 οὓτως
858 4011 1014 4083 εἷ’πω)
1047 4015 1320 4089 βραχίονα
1361 4013 1617 4084 ἐκτείνας,
1663 4023 1856 4074 τοῦτον
1888 4019 2158 4086 ἀπώλεκε,

516 4104 616 4166 τῆς
653 4101 891 4175 βασάνου
923 4101 1080 4156 αὑτὸν
1130 4105 1574 4180 κατεπειγούσης,
1607 4108 1914 4181 ἠναγκάσθη
1947 4112 2162 4182 ὁμῶσαι

515 4193 613 4245 τοῦ
639 4187 914 4261 μηδέποτε
938 4191 1246 4264 χριστιανὸν
1270 4191 1551 4266 ἄνθρωπον
1572 4199 1838 4271 φονεῦσαι.
1859 4193 1991 4254 Τότε
2008 4203 2161 4258 866

515 4279 543 4332 6
566 4282 664 4334 τοῦ
695 4281 827 4332 Θεοῦ
848 4277 1132 4351 ἄνθρωπος
1153 4278 1425 4336 ἐκέλευσεν
1456 4283 1624 4356 αὑτῷ,
1649 4283 1842 4359 Λέγων·
1871 4289 2165 4364 Κατένεγκε

2267 3317 2377 3373 tim
2411 3315 2701 3388 deposuit.
2762 3317 2944 3386 Atque
2969 3315 3126 3372 illico
3157 3316 3424 3387 adjunxit
3457 3331 3469 3371 :
3500 3315 3747 3372 Remitte
3777 3317 3935 3388 glu-

2268 3406 2431 3462 dium
2466 3406 2523 3460 in
2583 3403 2878 3475 vaginam.
2913 3405 2980 3458 Et
3011 3404 3211 3460 statim
3246 3405 3492 3460 remisit.
3526 3405 3744 3460 Omnes
3777 3421 3939 3478 ergo

2267 3498 2444 3550 tanta
2475 3493 2709 3549 virtutis
2739 3492 3033 3548 hominem
3064 3497 3506 3564 cognoscentes,
3541 3495 3711 3549 boves
3745 3496 3946 3563 etju-

2270 3587 2466 3638 menta
2482 3598 2608 3652 quae
2637 3580 2946 3654 deprmdati
2968 3583 3218 3647 fuerant,
3246 3582 3508 3638 certatim
3544 3582 3593 3637 ei
3618 3582 3824 3638 offerre
3873 3585 3945 3639 in

2269 3687 2513 3728 munere
2541 3670 2842 3727 volebant:
2866 3671 2959 3725 sed
2979 3670 3063 3726 vir
3097 3670 3328 3726 Domini
3354 3670 3468 3727 tale
3491 3687 3709 3726 munus
3729 3673 3949 3729 susci-

2271 3776 2405 3834 pere
2428 3760 2642 3824 renuit,
2669 3775 2877 3815 munus
2903 3766 3094 3814 autem
3121 3759 3288 3814 bonae
3316 3761 3596 3815 mercedis
3628 3762 3946 3832 quaesivit,

2272 3851 2470 3906 dicens
2505 3865 2517 3904 :
2551 3849 2611 3904 Si
2647 3848 2788 3903 mihi
2823 3847 3049 3918 aliquid
3092 3848 3271 3904 vultis
3329 3849 3664 3917 concedere,
3716 3865 3954 3908 omnes

2271 3940 2528 4011 captivos
2550 3952 2694 4008 quos
2719 3936 2943 3992 habetis
2963 3936 3108 3992 mihi
3132 3937 3395 4002 tribuite,
3419 3938 3738 3994 uthabeam
3767 3942 3956 3998 unde

2273 4045 2376 4102 pro
2405 4027 2568 4083 vobis
2597 4026 2836 4082 debeam
2869 4042 3050 4082 orare.
3091 4027 3447 4098 Factumque
3474 4030 3597 4094 est;
3632 4031 3689 4082 et
3718 4044 3958 4087 omnes

2273 4115 2486 4188 captivi
2517 4131 2651 4170 cum
2683 4131 2749 4170 eo
2781 4115 3011 4170 dimissi
3042 4124 3197 4179 sunt,
3223 4119 3418 4186 atque,
3445 4131 3696 4186 superna
3727 4119 3957 4187 gratia

2273 4206 2640 4275 disponente,
2671 4219 2802 4258 cum
2859 4218 2922 4258 se
2958 4220 3110 4258 unus
3141 4219 3243 4273 pro
3278 4220 3392 4259 uno
3458 4205 3628 4259 morti
3686 4205 3964 4277 obtulit,

2275 4291 2495 4348 multos
2517 4306 2551 4345 a
2581 4293 2765 4345 morte
2797 4289 3080 4345 liberavit.

511 4369 612 4434 τήν
643 4367 805 4442 χεῖρά
835 4388 930 4421 σου
960 4368 1127 4423 κάτω.
1162 4371 1349 4431 ’Όστις
1379 4375 1721 4447 παραχρῆμα
1767 4374 1967 4445 ταύτην
2010 4381 2309 4453 κατήγαγε,
2351 4378 2450 4445 τὴν
2495 4373 2552 4431 δὲ
2604 4377 2880 4450 μάχαιραν
2919 4374 3118 4439 εὐθέως
3159 4375 3234 4438 είς
3263 4377 3359 4446 τήν
3395 4378 3565 4447 θήκην
3600 4377 3767 4447 αὑτῆς
3802 4373 3970 4436 ἔδα-

514 4454 625 4510 λεν·
654 4459 911 4516 *Λπαντες
944 4455 1000 4510 δὲ
1030 4455 1080 4510 οἱ
1111 4454 1520 4532 Λογγοόἀρδοι,
1549 4464 1807 4533 τοιαύτης
1850 4461 2130 4538 δυνάμεως
2180 4463 2304 4521 ὄντα
2345 4467 2437 4521 τὸν
2472 4462 2634 4540 ἄνδρα
2683 4463 3063 4541 γνωρίσαντες,
3095 4460 3341 4539 πρόϐατα
3369 4466 3454 4520 καὶ
3494 4465 3623 4540 βόας
3651 4467 3741 4520 καὶ
3769 4463 3977 4544 ἕτερα

513 4545 714 4634 κτήνη,
743 4544 790 4613 ἐξ
826 4546 899 4634 ᾤν
927 4545 1061 4634 ἦσαν
1090 4547 1160 4619 (ε)
1181 4545 1620 4619 πραιδεύσαντες,
1653 4548 1802 4627 δῶρα
1823 4553 1968 4625 αύτῷ
1997 4557 2318 4634 προσφέρειν
2349 4553 2701 4631 ἠγωνίζοντο.
2722 4551 2883 4610 Ἀλλ’
2903 4555 2931 4608 ὁ
2953 4557 3048 4609 τοῦ
3072 4557 3204 4609 Θεοῦ
3225 4553 3511 4627 ἄνθρωπος
3534 4558 3758 4610 τοιαῦτα
3778 4553 3980 4634 δῶρα

516 4628 765 4702 δέξασθαι
800 4633 902 4686 οὐκ
931 4632 1185 4721 ἠθέλησε.
1223 4633 1458 4691 Μᾶλλον
1490 4634 1546 4692 δὲ
1579 4645 1776 4710 μισθοῦ
1805 4641 2005 4716 ἀγαθοῦ
2039 4628 2216 4719 δῶρον
2247 4628 2497 4714 ἐζήτησε,
2532 4641 2731 4716 λέγων·
2757 4642 2882 4698 Ἐάν
2909 4639 3288 4715 μοι([)θὲλετέ
3309 4641 3362 4697 τί
3389 4663 3518 4697 ποτε
3542 4639 3714 4717 δῶρον
3747 4628 3982 4721 δωρῆ-

515 4732 727 4789 σασθαι,
754 4721 880 4781 τοὺς
913 4720 1309 4796 αἰχμαλώτους
1341 4725 1503 4787 ὅλους
1536 4727 1628 4787 οὕς
1669 4723 1823 4804 ἔχετε
1870 4731 2162 4806 χαρίσασθέ
2195 4753 2312 4804 μοι,
2355 4734 2444 4786 ἳνα
2497 4726 2613 4805 ἔχω
2645 4732 2806 4794 πόθεν
2841 4730 2967 4801 ὑμῖν
3001 4729 3206 4806 ὀφείλω
3241 4729 3506 4800 εῧξασθαι.
3539 4731 3731 4808 Γέγονε
3759 4720 3980 4791 τοῦτο

516 4811 722 4879 τοίνυν,
752 4809 841 4864 καὶ
872 4811 1068 4874 πάδτες
1098 4813 1149 4864 οἱ
1182 4811 1539 4885 αἶ’χμάλωτοι
1590 4817 1639 4870 οἱ
1691 4820 1808 4889 μετ’
1859 4819 2023 4874 αὐτοῦ
2067 4819 2432 4891 ἀπελύθησαν.
2487 4821 2646 4877 Οὕτω
2693 4821 2797 4894 γὰρ
2828 4821 2862 4888 ἡ
2897 4817 3094 4883 ἄνωθεν
3118 4819 3438 4894 ᾠκονόμησε
3468 4822 3713 4897 πρόνοια,
3751 4819 3870 4879 ’ίνα
3913 4826 3981 4880 ἐν

519 4899 630 4969 ὅσῳ
655 4898 840 4952 ἑαυτὸν
877 4897 1038 4969 μόνον
1074 4899 1204 4973 ὑπερ
1236 4901 1349 4963 ἰνὸς
1379 4923 1458 4974 τῳ
1490 4905 1700 4978 θανάτῳ
1731 4911 2064 4984 προσήγαγε,
2094 4908 2339 4974 πολλοὺς
2361 4911 2465 4965 ἀπὸ
2498 4911 2725 4964 θανάτου
2757 4906 3128 4979 λυτρώσηται.

688 5041 1136 5129 Με.,βάρυτέτης
1160 5046 1584 5129 βασάνουτητῆς
1604 5055 1749 5119 ζωῆς
1772 5052 1930 5106 αὑτὸν
1957 5052 2162 5129 ᾄπαλλ.
2198 5065 2244 5129 D

594 5113 1592 5194 (bills,6v'098ivwc,'_adverbialiter
1611 5113 1947 5194 (recurrunt,
1972 5126 2029 5181 in
2056 5128 2167 5182 lin-

519 5199 632 5265 gua
655 5184 1122 5267 Graecobgrbara,
1147 5186 1648 5267 ὅρίὸινονλόρδινος,
1682 5191 1915 5267 ὀρδινία,
1932 5184 2036 5267 pro
2059 5198 2163 5253 La-

516 5259 633 5338 t‘in‘e
680 5259 828 5338 ordo.
884 5259 1108 5338 Dicitur
1155 5259 1324 5319 etiam
1379 5259 1724 5338 ὀρ’δινάριος,’
1759 5259 2083 5324 ordihim‘us
2110 5276 2166 5324 et

516 5323 832 5399 ὀρδινεύειν,
858 5331 1135 5387 ordinare.

585 5400 657 5474 (ε)
680 5404 807 5474 bis”
840 5399 1003 5474 ὀλίγα
1027 5399 1199 5474 ἄδεια.

647 5473 664 5610 ζ
697 5471 824 5539 Ms.,
861 5469 995 5542 μετὰ
1024 5469 1197 5564 φόϐου
1229 5473 1528 5546 ἐπίστευον,
1561 5482 1800 5554 φανερῶς
1831 5479 1955 5554 γάρ.

698 5543 825 5606 Ms.,
859 5541 1229 5610 πρεδευοντες.

615 5541 663 5616 ς)
691 5543 825 5616 Ms”
859 5541 1229 5616 πρεδεύοντες.

611 5613 661 5679 f)
691 5613 822 5681 Ms,
854 5613 1048 5682 θέλητέ
1078 5615 1130 5669 τί
1158 5633 1312 5671 ποτε.

585 5683 662 5751 (g)
694 5689 1033 5756 Compend.,
1063 5690 1340 5758 carni/cx.

2348 5057 2423 5122 (hi
2456 5055 2616 5110 Haud
2652 5055 2828 5110 dubie
2846 5059 3116 5110 sanctum
3141 5056 3419 5110 Joannem
3446 5056 3610 5126 Bapt.
3639 5057 3993 5118 invocavit

2279 5126 2622 5222 Sanctulus,
2664 5127 2950 5222 quirap‘ug
2982 5126 3620 5222 Lango'hardosAma‘gna‘
3636 5129 3886 5222 religio
3900 5152 3993 5191 ne

2277 5201 2596 5275 colebatur,
2655 5197 2716 5251 ut
2741 5197 2890 5275 dicit
2916 5198 3124 5275 Paulus
3166 5198 3347 5275 Diac._,
3381 5200 3451 5275 de
3485 5197 3680 5275 Gestis
3711 5197 3999 5275 ξιᾷρεο-

2276 5269 2459 5338 bard.,
2481 5269 2584 5326 lib.
2619 5285 2670 5334 v,
2705 5285 2832 5339 cap.
2862 5270 2916 5322 6.
2947 5269 3002 5322 Id
3027 5268 3087 5323 in
3120 5285 3296 5325 causa
3320 5271 3428 5324 fuit
3452 5268 3998 5334 ntTheodelinvda

2274 5341 2475 5412 regina
2507 5340 2735 5412 magnis
2766 5339 3099 5412 sumptibus
3134 5342 3432 5396 basilicam
3470 5341 3655 5397 sancti
3687 5343 4008 5406 Joannis

2273 5411 2546 5481 Baptistae
2577 5411 2748 5466 titulo
2780 5411 3122 5481 insignitum
3185 5413 3514 5480 aedificaret,
3564 5423 4008 5476 ornamentis

2271 5483 2394 5558 auri
2426 5491 2482 5539 et
2498 5483 2734 5558 argenti
2791 5485 3108 5558 decoraret,
3143 5483 3473 5558 ditaretque
3507 5485 3741 5558 praediis
3783 5493 4008 5558 apud

2269 5553 2620 5622 Modoecz'am,
2654 5569 2752 5608 seu
2809 5553 3115 5621 Modim'am,
3151 5570 3262 5607 non
3298 5553 3466 5624 longe
3499 5553 3531 5610 ιι
3583 5553 3998 5619 Mediolano.

2269 5625 2414 5680 Vide
2447 5624 2605 5681 Paul.
2640 5623 2982 5693 Diaconum,
3016 5624 3115 5680 lib.
3152 5641 3226 5692 IV,
3259 5623 3496 5696 cap.’23
3526 5630 3581 5680 et
3605 5626 3693 5678 ‘23.
