4210 6160
305 254 419 314 313

1546 258 2069 322 DIALOGORUM
2116 261 2350 323 LIBER
2391 260 2499 321 lIl.

3590 261 3712 321 3”

374 388 551 446 Ρετιι.
587 387 731 442 Mira
761 402 872 455 res,
903 390 961 443 et
995 387 1264 458 quamvis
1297 388 1448 445 hanc
1480 388 1552 445 ab
1585 387 1714 445 aliis
1745 393 1802 447 et
1831 391 1942 464 lpst

2139 393 2343 448 ΠΕΤΡ.
2375 390 2694 464 Θαυμαστὸν
2717 386 2886 451 ὅντως
2918 393 3162 465 πρᾶγμα.
3186 394 3370 448 Τοῦτο
3392 388 3450 447 δὶ
3469 393 3561 446 καὶ
3583 394 3711 467 παρ’

303 476 696 549 cognoverim,
735 492 868 531 vere
906 483 1104 533 tamen
1157 478 1338 534 fateor
1380 478 1520 550 quia
1550 479 1692 535 mihi
1724 481 1950 552 quoties

307 570 585 622 narratur
608 566 935 621 innovatur.

370 654 631 710 Gnaooa.
658 652 815 709 Nihil
848 654 906 709 in
940 652 1051 710 hac
1080 671 1141 711 re
1170 654 1228 710 in
1263 655 1536 713 Sanctulo
1559 656 1809 725 mireris,
1850 658 1949 714 sed

301 743 573 816 pensa,si
606 742 1058 815 potes,quisille
1074 744 1317 816 spiritus
1334 745 1530 814 fuerit,
1563 746 1809 818 quiejus
1830 750 1948 803 tam

300 835 636 908 simplicem
670 845 926 892 mentem
957 839 1161 908 lenuit,
1195 843 1372 909 atque
1402 840 1459 895 in
1517 843 1680 895 tanto
1718 840 1948 897 virtutis

298 925 561 981 culmine
590 927 795 983 erexit.
830 926 933 983 Ubi
964 926 1119 983 enim
1149 929 1279 998 ejus
1299 927 1532 984 animus
1551 928 1683 997 fuit,
1708 931 1947 1001 quando

299 1012 452 1068 mori
485 1029 590 1084 pro
608 1014 870 1086 proximo
901 1022 1019 1070 tam
1063 1020 1397 1072 constanter
1443 1016 1718 1087 decrevit,
1752 1023 1811 1074 et
1842 1035 1944 1090 pro

296 1102 607 1174 temporali
636 1103 756 1158 vita
783 1103 983 1160 fratris
1013 1103 1187 1159 unius
1216 1120 1386 1160 suam
1442 1106 1727 1176 despexit,
1769 1110 1945 1177 atque

293 1192 406 1247 sub
433 1191 633 1263 gladio
660 1190 941 1248 cervicem
973 1193 1255 1249 tetendit?
1276 1194 1415 1259 Qua:
1444 1209 1582 1266 ergo
1609 1196 1697 1251 vis
1724 1196 1943 1251 amoris

293 1280 377 1351 (a)
419 1280 567 1336 illud
604 1296 701 1337 cor
730 1280 943 1351 tenuit,
978 1282 1131 1353 quod
1150 1288 1398 1338 mortem
1431 1299 1599 1339 suam
1634 1299 1734 1355 pro
1764 1282 1945 1339 unius

289 1371 483 1425 salute
514 1370 761 1440 proximi
781 1385 897 1426 non
928 1370 1432 1442 expavit?Scimus
1457 1379 1611 1428 certe
1626 1372 1942 1444 quiaidem

285 1458 643 1515 venerabilis
660 1459 749 1515 vir
763 1459 1078 1515 Sanotulus
1099 1460 1222 1532 ipsa
1236 1477 1391 1533 quoq
1402 1476 1470 1517 ue
1483 1461 1770 1518 elementa
1787 1461 1942 1517 litte-

290 1564 490 1604 rarum
524 1549 671 1604 bene
700 1564 818 1605 non
834 1552 1090 1605 noverat.
1116 1549 1285 1623 Legis
1298 1557 1589 1623 praecepta
1610 1552 1937 1622 nesciebat;

286 1638 390 1693 sed
421 1637 567 1710 quia
585 1638 1049 1711 plenitudolegis
1076 1645 1163 1695 est
1191 1639 1445 1696 charitas
1470 1642 1796 1711 (Rom.xm,
1822 1643 1933 1710 10),

287 1726 480 1799 legem
513 1733 696 1828 totum
729 1728 790 1828 in
824 1730 923 1785 Dei
956 1744 1022 1828 ac
1048 1729 1302 1828 proximi
1332 1729 1638 1786 dilectione
1657 1732 1933 1828 servavit;
1968 1762 2014 1828 Β

290 1822 351 1872 et
383 1817 531 1888 quod
570 1816 709 1872 foris
739 1817 798 1872 in
844 1817 1175 1890 cognitione
1209 1834 1322 1874 non
1365 1823 1623 1884 noverat,
1655 1819 1815 1875 intus
1853 1820 1931 1892 (ὁ)

287 1905 518 1961 vivebat
546 1905 609 1961 in
642 1922 861 1962 amore.
892 1906 964 1963 Et
991 1907 1090 1979 qui
1122 1923 1429 1980 nunquam
1456 1908 1701 1965 fortasse
1722 1909 1937 1981 legerat
1968 1928 1970 1931 τ

289 1997 443 2067 quod
475 1996 551 2051 de
564 1995 954 2067 Redemptore
971 1996 1553 2069 JoannesApostolus
1575 1997 1721 2053 dixit
1757 2015 1771 2055 :
1795 1999 1939 2067 Quo-

288 2085 449 2138 niam
477 2083 624 2139 sicut
656 2085 753 2139 ille
781 2100 878 2156 pro
906 2086 1065 2141 nobis
1089 2087 1337 2141 animam
1360 2102 1522 2142 suam
1550 2089 1749 2158 posuit,
1779 2089 1861 2142 sic
1890 2096 1943 2143 et

288 2188 385 2227 nos
414 2173 676 2229 debemus
700 2170 799 2244 pro
825 2173 1097 2243 fratribus
1124 2176 1343 2229 animas
1376 2190 1579 2247 ponere
1609 2174 1656 2246 (ι
1680 2176 1938 2245 Joan.m,

287 2261 400 2332 16),
433 2266 559 2316 tam
592 2260 847 2317 sublime
874 2262 1256 2333 apostolicum
1296 2268 1646 2335 praeceptum
1677 2263 1940 2319 faciendo

284 2349 482 2422 magis
508 2366 687 2422 quam
712 2350 952 2407 sciendo
976 2355 1230 2408 noverat.
1262 2350 1703 2424 Comparemus,
1733 2352 1785 2407 si
1817 2350 1940 2421 pla-

283 2444 399 2505 cet,
434 2455 574 2495 cum
605 2439 715 2495 hac
746 2445 948 2496 nostra
978 2440 1211 2497 indocta
1239 2441 1487 2498 scientia
1518 2439 1679 2496 illius
1708 2440 1941 2497 doctam

280 2527 711 2599 ignorantiam.
744 2528 856 2584 Ubi
887 2528 1011 2585 hac
1043 2534 1244 2585 nostra
1254 2528 1437 2601 jacet,
1469 2529 1549 2585 ibi
1581 2529 1744 2584 illius
1771 2528 1942 2585 disci-

282 2617 451 2689 plina
481 2619 725 2675 eminet.
754 2621 871 2675 Nos
888 2619 960 2675 de
986 2619 1305 2676 virtutibus
1325 2620 1500 2676 vacui“
1518 2620 1838 2692 loquimur,
1879 2622 1942 2676 et

279 2706 628 2779 quasiiuter
641 2707 932 2764 fructifera
945 2709 1188 2765 arbusta
1200 2709 1394 2781 positi,
1410 2709 1730 2765 odoramus
1745 2724 1941 2777 poma,

284 2811 398 2852 nec
447 2796 919 2865 manducamus;
963 2796 1062 2853 ille
1098 2797 1374 2854 virtutum
1433 2797 1662 2854 fructus
1704 2813 1941 2868 carpere

282 2891 554 2957 noverat,
586 2887 852 2958 quamvis
882 2887 1064 2944 hosin
1092 2889 1281 2946 verbis
1310 2889 1383 2960 (c)
1413 2888 1657 2945 odorare
1714 2887 1938 2945 nescie-

285 2977 415 3033 hat.

2061 480 2259 553 ὲτὲρων
2287 480 2497 551 ἀκήκοα
2519 478 2716 550 ἀληθὲς
2742 478 3027 554 ὑπάρχειν.
3055 479 3209 549 Πλὴν
3232 479 3391 554 ὅμως
3413 479 3702 557 ὁμολογῶ,

2059 572 2143 627 ὅτι
2174 570 2362 630 ὁσάκις
2386 592 2482 643 μοι
2513 572 2582 645 (θ)
2614 572 2875 645 ῥίσκεται,
2909 572 3307 642 ἀνακαινίζεται
3338 573 3391 627 ἐν
3425 572 3571 647 ἐμοί.

2129 661 2419 716 ΓΡΙΙΓΟΡ.
2453 660 2549 728 Μὴ
2582 660 2868 733 θαυμάσῃς
2896 658 2950 715 ἐν
2977 665 3056 732 τῷ
3089 659 3425 737 Σαγκτούλῳ
3454 663 3577 737 περὶ
3607 666 3705 717 τοῦ

2056 750 2381 825 πράγματος
2403 749 2621 821 τούτου,
2643 749 2712 805 ἀλ
2722 752 2770 807 λ’
2796 749 2883 805 ἐὰν
2905 747 3398 824 δύνασαι,κατανόη
3408 773 3498 807 σον
3514 754 3704 809 ὁποῖον

2055 834 2264 893 ἐκείνου
2296 840 2358 894 τὸ
2389 842 2598 913 πνεῦμα
2633 839 2904 915 ὑπῆρχεν,
2936 837 3068 913 ὅπερ
3114 839 3279 896 αὐτοῦ
3308 839 3398 895 τὸν
3429 840 3701 915 λογισμὸν

2055 924 2233 989 οὕτως
2263 926 2515 1001 ἀκέραιον
2548 924 2887 1002 διεκράτησε,
2908 926 2998 981 καὶ
3030 927 3083 982 ἐν
3113 927 3358 1000 τοσούτῳ
3386 927 3509 1002 ὕψει
3540 924 3703 982 δυνά-

2058 1036 2200 1089 μεως
2231 1016 2488 1093 ἀνήγαγε.
2522 1020 2635 1071 Ποῦ
2663 1017 2764 1092 γὰρ
2798 1017 2963 1071 αὐτοῦ
2991 1018 3027 1086 ἡ
3060 1017 3213 1090 ψυχὴ
3269 1017 3537 1093 ὑπῆρχεν,
3570 1018 3697 1072 ’ὁταν

2055 1103 2340 1159 ἀποθανεῖν
2366 1101 2455 1158 διὰ
2467 1104 2559 1159 τὸν
2577 1101 2813 1174 πλησίον
2830 1104 2975 1159 οὕτω
2988 1104 3285 1178 προθύμως
3307 1105 3587 1179 ἠπείγετο,
3607 1103 3695 1159 καὶ

2056 1188 2144 1247 διὰ
2172 1193 2273 1261 τὴν
2330 1192 2448 1255 ἑνὸς
2504 1190 2743 1271 ἀδελφοῦ
2799 1188 3131 1268 πρόσκαιρον
3193 1194 3358 1262 ζωὴν,
3415 1195 3516 1263 τήν
3560 1191 3702 1249 ἰδίαν

2057 1278 2322 1355 ὑπερεῖδε,
2355 1281 2446 1336 καὶ
2475 1281 2568 1336 τὸν
2597 1281 2789 1336 ἑαυτοῦ
2817 1278 3102 1355 τραχηλον
3138 1281 3242 1336 ὑπὸ
3291 1281 3390 1350 τὴν
3424 1282 3700 1357 μάχαιραν

2054 1368 2312 1440 ἐξὲτεινες
2344 1370 2473 1425 ποία
2504 1366 2563 1424 δὲ
2599 1368 2840 1431 ἐπίτασις
2871 1369 3041 1425 πόθου
3083 1370 3182 1439 τήν
3225 1368 3427 1425 ἐκείνου
3473 1367 3696 1445 καρδίαν

2052 1464 2327 1535 κατεῖχεν,
2347 1459 2431 1514 δτι
2452 1459 2546 1514 τὸν
2569 1458 2796 1522 θάνατον
2821 1458 2954 1531 ὑπὲρ
2982 1465 3084 1527 τῆς
3116 1461 3214 1513 τοῦ
3235 1457 3472 1529 πλησίον
3506 1479 3693 1530 σωτη-

2055 1547 2171 1622 ρίας
2192 1547 2291 1603 ούκ
2312 1545 2580 1604 ἐδειλίασε
2597 1546 2688 1618 ςτὸ
2710 1544 2767 1602 δὲ
2788 1545 3344 1622 θαυμασιώτερον,δτι
3364 1544 3491 1603 οὐδὲ
3510 1549 3699 1623 γράμο

2052 1657 2196 1710 ματα
2217 1637 2504 1706 ἠπίστατο.
2530 1639 2616 1694 Ἐν
2644 1632 2851 1713 βεϐαίῳ
2870 1636 2971 1711 γὰρ
2992 1636 3440 1711 γινώσκομεν,ὅτι
3471 1638 3500 1691 6
3530 1635 3690 1700 αὑτὸς

2051 1722 2445 1789 εύλαϐἑστατος
2477 1728 2617 1802 ἀνήρ
2650 1725 3019 1801 Σάγκτουλος,
3043 1723 3172 1781 ούδὶ
3200 1725 3337 1782 αύτᾶ
3353 1726 3421 1781 τὰ
3442 1730 3694 1805 στοιχεῖα

2045 1819 2154 1871 τῶν
2172 1815 2514 1890 γραμμάτων
2532 1812 2719 1875 καλῶς
2740 1810 2969 1889 ᾔδει.Τά
2986 1818 3087 1870 τοῦ
3104 1815 3280 1888 οόμου
3300 1816 3696 1890 προστάγματα

2045 1904 2148 1959 ούκ
2159 1904 2451 1973 ἠπίστατο.
2462 1900 2617 1961 Ἀλλ’
2632 1899 2819 1973 ἐπειδὴ
2834 1903 3304 1976 πλήρωμανόμου
3317 1905 3352 1973 ἡ
3367 1902 3547 1980 ἀγάπη
3563 1903 3691 1960 ὅλον

2045 1992 2140 2047 τὸν
2163 1991 2338 2065 νόμον
2361 1990 2413 2046 ἐν
2435 1996 2504 2065 τῇ
2521 1995 2618 2046 τοῦ
2642 1994 2776 2046 Θεοῦ
2797 1990 2887 2045 καὶ
2902 1994 2972 2064 τῇ
2993 1996 3090 2046 τοῦ
3113 1990 3352 2062 πλησίον
3376 1990 3554 2066 ἀγάπῃ
3575 1991 3698 2069 ἐφύ-

2048 2079 2337 2149 λαξεν.Καὶ
2357 2081 2491 2156 ὅπερ
2511 2077 2702 2150 ἔξωθεν
2728 2076 2817 2134 διὰ
2840 2081 3130 2154 μαθήσεως
3153 2079 3252 2135 οὐκ
3273 2078 3418 2155 ᾖδει,
3442 2077 3592 2135 ἔνδον
3613 2085 3693 2153 τῷ

2046 2169 2201 2242 πόθῳ
2231 2168 2282 2225 ἐν
2306 2169 2457 2241 αύτῷ
2476 2165 2709 2240 ἔζη.Καί
2732 2168 2878 2231 ὅστις
2900 2166 3025 2224 ούδὲ
3045 2189 3180 2224 ποτε
3197 2167 3472 2231 πολλάκις
3490 2169 3692 2244 ἀνὲγνω

2049 2261 2182 2334 ὅπερ
2215 2259 2471 2330 Ἰωάννης
2503 2260 2531 2315 6
2562 2256 2870 2320 ἀπόστολος
2917 2257 3041 2332 περὶ
3087 2262 3185 2315 τοῦ
3216 2257 3499 2333 λυτρωτοῦ
3529 2260 3692 2332 ἡμῶν

2050 2347 2227 2405 ἰνσοῦ
2252 2351 2496 2425 Χριστοῦ
2525 2348 2691 2415 εἶπεν,
2725 2345 2807 2402 ὅτι
2838 2345 3022 2421 ὥσπερ
3054 2345 3216 2410 αὑτὸς
3244 2348 3344 2417 τὴν
3374 2347 3560 2421 ψυχὴν
3591 2345 3693 2401 αὑ-

2048 2440 2146 2492 τοῦ
2174 2431 2365 2508 ἔθηκεν
2398 2437 2530 2513 ὑπὶρ
2563 2438 2744 2510 ἡμῶν,
2777 2435 3068 2513 ὀφείλομεν
3100 2434 3190 2490 καὶ
3234 2437 3400 2508 ἡμεῖς
3431 2434 3556 2510 περὶ
3583 2433 3691 2490 τῶν

2047 2522 2301 2601 ἀδελφῶν
2331 2528 2492 2599 ἡμῶν
2514 2525 2611 2588 τὰς
2630 2525 2812 2601 ψυχὰς
2830 2526 3050 2594 τιθέναι,
3073 2523 3217 2581 οὕτω
3239 2525 3303 2581 τὸ
3323 2523 3693 2581 ἀποστολικὸν

2046 2615 2139 2670 καὶ
2173 2613 2390 2690 ὑψηλὸν
2418 2619 2581 2671 τοῦτο
2621 2615 2947 2691 πρόσταγμα
2995 2612 3144 2691 ἔργῳ
3175 2612 3518 2689 ἐπλήρωσεν,
3550 2613 3691 2689 ἤπερ

2050 2704 2268 2780 μᾶλλον
2283 2703 2373 2762 διὰ
2384 2708 2637 2782 γνώσεως
2657 2706 2793 2763 αὐτὸ
2815 2707 3106 2776 ἠπίστατο.
3133 2705 3556 2780 Παριικάσωμεν
3574 2703 3692 2761 τοί-

2047 2818 2167 2866 νυν,
2192 2797 2282 2852 ἐὰν
2313 2795 2527 2873 βούλει,
2549 2796 2685 2869 μετᾶ
2707 2796 2911 2866 ταύτης
2939 2799 3038 2861 τῆς
3060 2795 3330 2872 ἡμετέρας
3353 2795 3594 2869 ἀμαθοῦς
3617 2794 3695 2850 εί-

2049 2882 2262 2956 δήσεως
2290 2886 2390 2954 τὴν
2418 2884 2622 2941 ἐκείνου
2652 2882 3090 2959 πεπαιδευμένην
3120 2883 3528 2959 ἀγνωσίαν,ποῦ
3557 2882 3693 2955 αὕτη

2046 2977 2084 3045 ἡ
2114 2975 2354 3049 ἠμετὲρα
2385 2980 2581 3044 κεῖται,
2610 2973 2703 3029 καὶ
2734 2977 2839 3028 ποῦ
2868 2975 2902 3042 ἢ
2936 2974 3142 3029 ἐκείνου
3170 2974 3497 3034 κατάστασις
3530 2971 3698 3046 ὑπὲρ·

281 3083 482 3122 κειται.
514 3063 709 3137 Ἡμεῖς
732 3063 834 3141 γὰρ
866 3062 919 3119 ἐν
951 3062 1173 3136 δυνάμει
1207 3064 1384 3142 λόγων
1415 3063 1633 3121 διάκενα
1662 3063 2009 3139 ὁμιλοῦντες,
2032 3061 2216 3137 ὥσπερ
2242 3063 2438 3136 μεταξὺ
2462 3062 2755 3137 καρπίμων
2774 3059 3009 3136 δίνδρων
3030 3061 3696 3139 ἔστῶτες,ὀσφραινόμεθα

285 3155 383 3226 μὶν
416 3154 519 3222 τήν
550 3152 797 3229 ὀπώραν,
826 3153 875 3224 ἐξ
906 3155 1077 3225 αὐτῆς
1109 3152 1167 3211 δί
1194 3160 1379 3234 φαγεῖν
1424 3153 1486 3210 ού
1518 3152 1812 3229 δυνάμεθα.
1848 3156 2088 3216 Ἐκεῖνος
2134 3150 2191 3208 δὲ
2217 3146 2362 3228 ἔργῳ
2388 3156 2487 3208 τοῦ
2528 3154 2739 3225 καρποῦ
2765 3147 3058 3225 δράξασθαι
3088 3148 3391 3226 ἐγίνωσκεν,
3424 3152 3575 3213 ὅστις
3608 3147 3697 3205 διὰ

282 3243 555 3317 ῥηματων
588 3242 966 3320 ὀσιρραίνισθαι
995 3243 1100 3299 οὑκ
1126 3244 1419 3315 ἠπίστατο.

354 3333 531 3389 Ρετιι.
564 3332 877 3403 Quidnam,
901 3350 1096 3406 quaso
1124 3340 1203 3403 te,
1238 3351 1367 3392 esse
1406 3335 1729 3403 existimas,
1779 3334 1935 3405 quod

2119 3333 2323 3389 HETP.
2337 3330 2406 3388 Τί
2426 3333 2589 3387 τοῦτο
2610 3329 2743 3385 εἶναι
2768 3323 3197 3402 ὑπολαμϐάνεις,
3217 3328 3464 3399 αἰτῶ,ὅτι
3484 3349 3536 3383 οι
3556 3348 3694 3405 αγα-

282 3423 424 3477 boni
457 3422 678 3494 quique
706 3422 1172 3493 subtrahuntur;
1224 3429 1284 3480 et
1326 3425 1426 3495 qui
1474 3424 1663 3480 vivere
1708 3425 1777 3479 ad
1808 3424 1939 3479 tedi-

284 3512 624 3569 ﬁcationem
659 3511 980 3568 multorum
1013 3517 1298 3584 poterant,
1344 3518 1448 3569 aut
1495 3513 1731 3585 penitus
1781 3513 1937 3569 inve-

286 3602 402 3659 niri
465 3608 769 3673 nequeunt
804 3605 906 3657 aut
960 3607 1114 3684 certe
1161 3603 1281 3674 iam
1349 3602 1690 3659 omnimodo
1746 3618 1941 3659 rares-

286 3691 493 3748 cunt?

355 3778 617 3835 Gamoa.
651 3777 873 3835 Malitia
902 3780 1334 3836 remanentium
1356 3783 1629 3848 meretur,
1659 3782 1727 3834 ut
1755 3777 1814 3834 hi
1837 3776 1939 3850 qui

286 3868 567 3936 prodesse
611 3871 878 3935 poterant
920 3868 1127 3924 festiue
1184 3869 1649 3924 subtrahantur:
1698 3872 1757 3924 et
1803 3882 1938 3922 cum

286 3953 496 4010 mundi
525 3955 663 4010 ﬂuis
682 3954 1133 4029 appropinquat,
1152 3956 1316 4014 electi
1341 3956 1648 4024 tolluntur,
1680 3971 1752 4011 ne
1781 3956 1939 4012 dete-

292 4045 442 4099 riora
468 4044 724 4100 videant.
760 4045 904 4102 Hinc
933 4046 1091 4102 enim
1112 4050 1394 4119 propnata
1410 4046 1494 4102 ait
1525 4062 1540 4101 :
1569 4046 1756 4101 Justus
1769 4048 1937 4117 peril,

292 4138 340 4187 et
370 4147 533 4187 nmo
563 4137 643 4188 est
671 4135 771 4205 qui
795 4137 1053 4203 recogitet
1075 4135 1138 4190 in
1158 4134 1317 4191 corde
1334 4150 1463 4203 suo;
1498 4140 1552 4190 et
1574 4136 1686 4190 viri
1715 4133 1940 4188 miseri-

294 4221 488 4277 cordia
515 4221 885 4294 colliguntur,
915 4225 1046 4295 quia
1075 4240 1183 4279 non
1213 4229 1297 4279 est
1339 4227 1434 4296 qui
1463 4222 1744 4293 intelligat
1774 4224 1934 4290 (lsai.

296 4323 463 4377 sum,
526 4310 603 4380 t).
665 4311 811 4367 llinc
855 4328 1061 4368 rursus
1117 4313 1404 4385 scriptum
1435 4316 1569 4368 est:
1610 4312 1846 4381 Aperite,
1878 4319 1940 4366 ut

297 4410 491 4457 ment
531 4400 635 4472 qui
671 4402 989 4458 conculcenl
1036 4417 1182 4471 eam,
1247 4401 1440 4459 tollite
1487 4402 1553 4457 de
1598 4402 1689 4457 via
1727 4400 1940 4472 lapides

298 4490 512 4555 (lerant.
547 4506 600 4548 ι..
622 4492 739 4561 26].
771 4491 916 4547 Hinc
945 4490 1216 4548 Salomon
1249 4493 1331 4549 ait
1361 4510 1376 4550 :
1410 4494 1638 4563 Tempus
1675 4489 1941 4547 mittendi

296 4577 531 4650 lapides,
561 4584 617 4635 et
646 4584 858 4651 tempus
886 4581 1187 4653 colligendi
1214 4582 1408 4654 (Eccle.
1442 4598 1529 4645 ιιι.
1562 4581 1671 4651 15).
1700 4582 1783 4651 (d)
1815 4579 1939 4644 Quo

298 4665 473 4738 igitur
502 4667 658 4724 808
710 4668 845 4725 linis
904 4670 1107 4725 mundi
1151 4675 1338 4741 urget,
1370 4686 1435 4726 eo
1486 4685 1721 4725 necesse
1760 4675 1848 4724 est
1875 4671 1941 4723 ut

294 4758 401 4811 vivi
433 4757 661 4830 lapides
692 4760 762 4814 ad
793 4758 1106 4815 editicium
1138 4763 1369 4817 cmlesle
1384 4759 1754 4831 colligantur,
1788 4773 1937 4828 qua-

301 4848 471 4901 tenus
490 4846 813 4902 Jerusalem
843 4851 1038 4903 nostra
1065 4846 1124 4903 in
1148 4863 1484 4905 mensuram
1505 4863 1628 4904 811$
1643 4854 1941 4903 OODSU’UO-

299 4930 471 4992 tionis
501 4946 815 4991 excrescat.
858 4935 976 4993 Nec
1007 4942 1201 4993 tamen
1232 4936 1313 4992 ita
1333 4953 1537 4993 omnes
1560 4935 1773 4993 electos
1805 4934 1941 4991 sub-

295 5024 447 5079 trahi
478 5023 791 5090 credimus,
827 5029 893 5081 ut
921 5023 1029 5082 soli
1058 5025 1114 5080 in
1175 5028 1392 5098 mundo
1441 5025 1695 5099 perversi
1749 5041 1940 5081 rema-

296 5117 494 5176 neant,
527 5112 666 5184 quia
697 5129 997 5185 nunquam
1022 5118 1353 5185 peccatores
1380 5116 1452 5171 ad
1477 5114 1795 5170 lamentum
1830 5130 1942 5185 pm.

299 5200 554 5256 nitentia
576 5201 851 5267 redirent,
872 5204 919 5259 si
934 5202 1095 5259 nulta
1116 5209 1315 5260 essent
1340 5203 1626 5260 bonorum
1651 5204 1940 5276 exempla,

300 5304 429 5359 qua
457 5305 660 5346 eorum
686 5295 941 5348 mentem
970 5292 1288 5349 traherent.

368 5412 448 5483 (a)
488 5411 743 5482 Carnot.,
778 5417 943 5473 illum
973 5418 1265 5476 continuit.

326 5483 605 5563 ,μη-μῆ,
636 5489 873 5560 vigebat,
906 5492 1060 5562 quod
1094 5491 1317 5563 legitur
1362 5490 1422 5547 in
1453 5492 1687 5548 Carnot.
1717 5493 1777 5546 et
1807 5490 1938 5562 plu-

292 5554 408 5609 rib.
441 5554 640 5611 Norm.

369 5628 443 5693 (c)
473 5624 742 5689 German.
778 5648 847 5690 ac
874 5631 1025 5707 plur.
1060 5633 1339 5692 Norman.
1374 5631 1626 5691 odorari.

2052 3421 2134 3485 θοὶ
2157 3419 2345 3495 ἄνδρες
2363 3418 2647 3493 συντόμως
2671 3418 3042 3491 μεθίστανται,
3057 3414 3252 3479 οτίτινες
3276 3417 3433 3487 ζῆσαι
3453 3414 3529 3477 είς
3547 3414 3697 3471 οίκο-

2050 3506 2231 3583 δομὴν
2262 3506 2492 3565 πολλῶν
2522 3506 2809 3578 ἠδύναντω
2841 3507 2932 3562 καὶ
2964 3506 3011 3562 εί
3037 3506 3102 3561 τὸ
3126 3505 3362 3561 καθόλου
3413 3506 3695 3580 εὑρεθῆναι

2050 3598 2113 3654 ὸύ
2144 3595 2417 3665 δύνανται,
2464 3596 2510 3651 εί
2561 3594 2620 3652 δὶ
2647 3595 2740 3652 καὶ
2770 3596 3086 3669 εὑρεθῶσιν,
3116 3594 3297 3669 ἀραιοὶ
3330 3594 3694 3669 εὑρίσκονται.

2122 3689 2253 3743 ΓΡΗ
2264 3688 2409 3744 ΓΟΡ.
2432 3686 2494 3743 Ἥ
2512 3684 2674 3741 κακία
2693 3689 2813 3747 τοῖς
2831 3682 3195 3757 ἁπομένουσιν
3214 3682 3567 3757 ἁρμόζει.Διᾶ
3588 3681 3692 3758 γὰρ

2048 3777 2211 3831 τοῦτο
2247 3774 2382 3847 μετά
2404 3770 2648 3842 σπουδῆς
2671 3771 2914 3847 αἴρονται
2953 3770 3178 3839 ἐκεῖνοι,
3209 3768 3404 3833 οῖτινες
3427 3768 3693 3841 ἠδύναντο

2049 3864 2125 3925 εἰς
2145 3864 2414 3937 ὠφέλειαν
2439 3863 2633 3938 ἑτέρων
2659 3860 2917 3930 εἶναι,⁷ίνα
2940 3861 3018 3932 μὴ
3036 3864 3133 3915 τοῦ
3154 3858 3346 3922 τέλους
3363 3863 3460 3915 τοῦ
3482 3857 3692 3932 κόσμου

2048 3949 2867 4025 πλησιάζοντος,δυσκολώτερα
2888 3952 3208 4006 θεάσωνται.
3228 3949 3356 4025 Περὶ
3373 3949 3478 4025 γὰρ
3498 3946 3697 4004 τούτου

2047 4044 2138 4098 καὶ
2160 4044 2189 4099 6
2211 4045 2502 4122 προφήτης
2521 4040 2688 4117 λέγει·
2707 4038 3308 4109 Δίκαιοςάπώλετο,καὶ
3330 4036 3512 4103 οὐδεὶς
3528 4040 3556 4094 6
3575 4035 3695 4094 διαο

2048 4128 2405 4205 λογιζόμενος
2428 4128 2480 4184 ἐν
2496 4132 2566 4203 τῇ
2588 4126 2787 4200 καρδίᾳ
2809 4128 3102 4194 αύτοῦ,καί
3126 4126 3177 4182 οἱ
3197 4129 3296 4197 τῆς
3316 4126 3697 4200 ὲλεημοσύνης

2049 4216 2238 4294 ἄνδρες
2269 4219 2613 4292 συνάγονται,
2647 4218 2731 4272 ὅτι.
2763 4215 2863 4272 οὑκ
2882 4210 3024 4272 ἔστιν
3052 4217 3080 4271 6
3106 4217 3325 4273 συνιών.
3349 4218 3506 4275 ’Ὀθεν
3528 4214 3694 4272 πάλιν

2044 4308 2361 4385 γέγραπται·
2377 4306 2769 4378 Ἀνοίξατε,’ἰνα
2785 4305 3067 4376 ἐξελθωσιν
3087 4306 3138 4359 οἱ
3155 4305 3692 4379 καταστρωννύοντες

2048 4400 2234 4471 αὑτήν.
2250 4400 2450 4472 ’Δρατὲ
2469 4396 2529 4453 ἐκ
2546 4399 2645 4466 τῆς
2665 4394 2794 4453 ὁδοῦ
2815 4395 2940 4459 τοὺς
2964 4394 3281 4458 λίθουςΔιά
3297 4395 3398 4469 γὰρ
3420 4399 3583 4451 τοῦτο
3604 4395 3697 4450 καὶ

2047 4489 2076 4542 6
2101 4486 2371 4561 Σολομὼν
2405 4486 2575 4561 λέγει·
2602 4485 2801 4559 Καιρὸς
2824 4488 2919 4539 τοῦ
2944 4483 3131 4559 βαλεῖν
3152 4482 3358 4549 λίθους,
3385 4483 3475 4537 καὶ
3507 4482 3695 4556 καιρὸς

2047 4581 2145 4633 τοῦ
2170 4578 2494 4651 συναγαγεῖν
2516 4572 2727 4636 λίθους.
2749 4574 2906 4627 Ὥστε
2928 4570 3020 4626 οῦν
3045 4568 3367 4632 σπεύδοντος
3395 4572 3545 4627 367
3573 4568 3699 4624 λοι-

2047 4666 2147 4721 πὸν
2173 4668 2270 4721 τοῦ
2292 4662 2484 4724 τέλους
2507 4665 2603 4718 τοῦ
2619 4660 3153 4736 κόσμου,ἀναγκαῖον
3179 4659 3415 4733 ὑπάρχει
3434 4659 3522 4712 ἳνα
3543 4656 3695 4713 λίθοι

2045 4759 2243 4825 ζῶντες
2272 4755 2349 4816 εἰς
2377 4754 2477 4822 τήν
2511 4753 2763 4827 οὐράνιον
2797 4747 3103 4822 οίκοδομήν
3139 4752 3510 4824 σωρευθῶσιν,
3543 4747 3694 4812 ὅπως

2047 4846 2082 4914 ἡ
2152 4840 2674 4917 μετέραἹερουσαλὴ
2685 4862 2725 4913 μ
2738 4839 2790 4893 ἐν
2808 4840 2996 4911 τῷτῆς
3012 4834 3316 4910 οίκοδομῆς
3329 4836 3496 4907 αὐτῆς
3512 4836 3692 4913 μέτρῳ

2054 4933 2420 5008 ὑπεραυξήσῃ.
2454 4930 2533 4988 Ού
2564 4928 2770 4990 πάντας
2802 4924 2859 4982 δὲ
2887 4929 3015 4989 τοὺς
3046 4923 3334 4989 ἐκλεκτοὺς
3370 4934 3696 5000 μεταστῆναι

2048 5020 2398 5094 πιστεύομεν,
2417 5017 2556 5074 ὣστε
2579 5016 2777 5092 μόνους
2798 5017 2926 5078 τοὺς
2949 5013 3310 5095 διαστρόφους
3328 5015 3379 5072 ὲν
3402 5020 3483 5089 τῷ
3500 5014 3695 5089 κόσμῳ

2049 5112 2359 5183 ἀπομεῖναι,
2391 5105 2582 5177 ἒπειδή
2614 5105 2874 5162 οὐδέποτε
2918 5106 2995 5169 εἰς
3036 5104 3276 5183 ὀδυρμὸν
3328 5105 3611 5180 μετανοίας
3643 5106 3695 5160 οἱ

2049 5197 2372 5275 ἁμαρτωλοὶ
2397 5198 2750 5273 ὑπέστρεφον,
2768 5194 2860 5250 ἐὰν
2880 5191 3139 5268 οὐδαμῶς
3164 5195 3416 5270 ὑπῆρχον
3439 5199 3545 5249 τῶν
3567 5194 3698 5269 ἀγα-

2051 5293 2159 5354 θῶν
2183 5288 2251 5343 τά
2282 5283 2671 5359 ὑποδείγματα,
2693 5283 2762 5339 τά
2789 5284 2881 5338 τὸν
2911 5288 3038 5339 νοῦν
3066 5283 3284 5339 ἐκείνων
3318 5282 3690 5356 ἐπισπώμενα.

2121 5416 2201 5488 (d)
2234 5412 2461 5469 Primus
2488 5412 2753 5488 Carnot.,
2778 5412 2906 5488 quia
2928 5410 3110 5488 igitur
3132 5412 3326 5488 mundi
3344 5412 3471 5482 finis
3490 5407 3690 5485 surgit.

2122 5480 2194 5559 (a)
2225 5489 2506 5551 Fortasse,
2534 5480 2769 5559 enormi
2783 5480 3101 5559 ςρἐσκεσθαι,
3119 5484 3188 5559 _i_n
3209 5480 3694 5559 _vulgus_spe}'gt,

2049 5550 2264 5706 galina
2292 5571 2430 5611 voce
2460 5550 2699 5611 censule
2727 5550 2920 5610 Gloss.
2953 5554 3175 5626 Cangii.
3209 5555 3270 5610 ln
3304 5553 3407 5609 Ms.
3456 5550 3694 5619 legitur.

2151 5646 2285 5683 εται.
