4210 6160
449 247 561 306 319

1645 242 1922 305 SANCTI
1969 240 2346 304 GREGORII
2394 238 2645 302 MAGNI

3731 237 3850 296 390

445 378 538 432 καὶ
571 375 659 433 διὰ
683 384 781 448 τῆς
813 378 1060 452 ἀπειρίας
1092 376 1167 440 είς
1199 374 1405 431 δειλίαν
1438 373 1889 444 καταπίπτοντες,
1910 375 1965 429 ἓν
2001 372 2083 430 δυ·

2202 373 2470 430 dubietas
2502 371 2556 426 in
2601 369 2789 442 primo
2836 374 3073 442 parente
3104 372 3302 426 nostro
3332 383 3462 424 esse
3493 383 3610 424 non
3642 366 3848 440 potuit,

447 467 666 537 σπιστίᾳ
683 467 810 537 εἰσὶ,
835 469 910 538 μή
934 465 1248 538 νομίζοντες
1281 465 1548 539 ὑπάρχειν
1582 463 1782 533 ἐκεῖνα,
1805 463 1942 538 ἅπερ
1973 469 2090 527 τοῖς

446 560 784 627 σωματικοῖς
808 553 1114 627 ὀφθαλμοῖς
1137 560 1409 627 θεωρῆσαι
1429 551 1490 607 οὗ
1510 551 1785 612 δύνανται.
1802 553 1951 622 Αὕτη
1979 549 2035 606 δῖε
2051 554 2086 620 ἡ

445 638 620 696 δειλία
652 641 702 695 ἐν
733 645 814 712 τῷ
843 642 1150 715 προπάτορι
1181 641 1342 714 ἡμῶν
1375 640 1486 714 οὐχ
1510 639 1747 718 ὑπῆρχε.
1782 635 1894 696 Κάν
1918 639 1963 694 εἰ
1985 638 2087 713 γὰρ

442 723 709 799 ἐξεϐλήθη
744 727 803 782 ἐκ
830 735 931 797 τῆς
955 733 1052 783 τοῦ
1073 726 1405 803 παραδείσου
1428 733 1627 806 χαρᾶς,
1651 728 1779 783 ἀλλ’
1810 726 1902 782 οὖν
1935 729 2087 800 ὅμως

444 818 904 890 ὑπεμιμνήσκετο,
933 817 1063 892 ὅπερ
1090 819 1154 887 ἦν
1185 817 1533 890 θεασάμενος,
1557 817 1606 872 ei“
1625 818 1715 872 καὶ
1741 812 2090 888 ἀποϐαλόμε-

440 926 530 967 νος
552 905 616 974 ἦν
643 910 826 962 τοῦτο.
850 907 1016 964 Οὗτοι
1040 905 1097 963 δὲ
1117 914 1333 976 νοῆσαι,
1357 907 1390 975 ἢ
1417 907 1816 980 ἀναμνησθῆναι
1839 906 1904 960 τὰ
1925 905 2087 960 ἀκου-

443 995 628 1050 σθὲντα
659 994 719 1049 οὐ
753 992 1026 1063 δύνανται,
1061 994 1154 1051 διά
1189 996 1251 1050 τὸ
1296 993 1438 1067 μηδὲ
1472 995 1595 1066 μίαν
1627 995 1816 1066 πείραν
1855 991 2087 1068 βεϐαίως

440 1089 654 1156 κρατεῖν
686 1083 903 1154 αὐτοὺς,
935 1084 1116 1149 καθὼς
1155 1084 1378 1152 ἐκεῖνος,
1426 1081 1483 1138 ἐκ
1526 1089 1633 1138 τῶν
1678 1082 2084 1158 παρελθόντων.

438 1173 641 1247 ’Ὠσπερ
671 1173 772 1248 γὰρ
803 1171 994 1249 ἔγκυος
1026 1173 1182 1250 γυνὴ,
1200 1172 1252 1228 ἐν
1277 1171 1496 1250 φυλακῇ
1523 1169 1810 1246 βληθεῖσα,
1833 1170 2002 1226 ἐκεῖσε
2025 1170 2087 1225 τὸ

439 1258 654 1316 παιδίον
670 1264 932 1338 γεννήσει.
953 1262 1022 1316 Td
1047 1259 1103 1316 δὲ
1125 1262 1344 1336 γενηθὲν
1368 1259 1584 1316 παιδίον
1607 1261 1660 1316 ἐν
1682 1261 1817 1334 αὐτῇ
1837 1265 1904 1334 τῇ
1924 1257 2091 1338 φυλα-

439 1354 510 1424 κῇ
543 1350 821 1426 ἀνατραφῇ
871 1351 961 1406 καὶ
991 1348 1233 1421 αὒξήσει.
1265 1351 1326 1406 Ἢ
1361 1347 1416 1405 δὲ
1444 1355 1606 1405 τοῦτο
1637 1353 1867 1405 τεκοῦσα
1903 1351 2086 1424 μήτηρ

439 1435 714 1501 πολλάκις
730 1438 876 1507 αότῷ
897 1439 988 1492 τὸν
1011 1438 1173 1506 ἣλιον
1188 1438 1277 1492 καὶ
1299 1440 1398 1508 τήν
1425 1436 1662 1509 σελήνην
1683 1437 1919 1498 καὶτοὺς
1941 1436 2092 1491 ἀστέ-

442 1543 559 1597 ρας,
589 1520 690 1597 ὄρη
723 1525 813 1578 καὶ
861 1520 1144 1595 πεδιάδας,
1179 1524 1394 1579 πετεινά
1440 1524 1734 1596 πετόμενα,
1764 1523 1854 1578 καὶ
1882 1521 2090 1587 ’ίππους

439 1611 736 1690 τρέχοντας
765 1611 1045 1686 ὀνομάσει,
1078 1611 1282 1674 ἐκεῖνος
1305 1609 1362 1667 δὶ
1383 1612 1436 1667 ἐν
1457 1617 1525 1687 τῇ
1558 1610 1776 1689 φυλακῇ
1807 1610 2086 1687 γεννηθείς

437 1700 527 1754 καὶ
560 1701 907 1780 ἀνατραφεὶς,
939 1699 1092 1756 οὐδὲν
1114 1699 1294 1775 ἕτερον
1320 1701 1364 1755 εί
1391 1703 1466 1774 μή
1489 1702 1550 1756 τὸ
1570 1707 1670 1770 τῆς
1692 1699 1940 1780 φυλακῆς
1962 1699 2090 1754 σκό-

436 1808 530 1850 τος
559 1789 837 1862 γινώσκει.
876 1790 972 1846 Kal
1001 1795 1167 1845 ταῦτα
1193 1791 1287 1862 μὶν
1317 1791 1582 1864 ὑπάρχειν
1607 1790 1813 1858 ἀκούει,
1838 1787 1926 1844 διὰ
1948 1786 2004 1844 δὲ
2026 1789 2088 1844 τὸ

439 1878 491 1932 ἐν
518 1878 680 1952 πείρᾳ
704 1878 839 1933 αὐτὰ
865 1880 940 1951 μὴ
961 1877 1422 1954 γινώκειν,ἀληθῆ
1457 1879 1593 1934 αὐτά
1621 1880 1749 1934 εἶναι
1779 1879 2084 1948 ἀπιστήσει.

438 1968 628 2026 Οὕτως
642 1974 715 2038 (a)
733 1967 786 2022 ἐν
803 1966 971 2038 ταύτῃ
985 1971 1054 2041 τῇ
1068 1975 1131 2037 τῆ
1143 1990 1166 2030 ς
1182 1967 1389 2041 ἐξορίας
1404 1967 1577 2024 αὐτῶν
1595 1967 1872 2046 τυφλώσει
1894 1988 2083 2042 γεννηο

438 2054 612 2118 θὲντες
639 2057 688 2111 οἱ
713 2052 1013 2130 ἄνθρωποι,
1041 2056 1228 2130 ὀψηλά
1259 2057 1346 2111 καὶ
1380 2057 1574 2112 ἀθέατα
1594 2057 1880 2119 ἀκούοντες
1911 2057 2084 2130 ὑπάρ-

436 2163 579 2220 χειν,
610 2149 776 2199 ταῦτα
799 2142 1178 2200 δυσπιστοῦσιν
1205 2145 1250 2200 εἷ
1274 2146 1357 2200 ἐπ’
1379 2145 1638 2216 ἀληθείας
1657 2146 1780 2203 εἶσί.
1807 2147 1959 2203 Movet
1979 2145 2084 2221 γὰρ

433 2237 602 2288 ταῦτα
621 2235 950 2308 γινώσκουσι
979 2234 1046 2290 τὰ
1076 2236 1268 2310 οἰκτρά
1287 2236 1376 2289 καὶ
1401 2236 1672 2310 ὁρώμενα,
1694 2235 1746 2290 ἐν
1766 2237 1848 2295 οἷς
1870 2234 2082 2308 ἐγεννή-

436 2323 624 2390 θησαν.
644 2325 803 2386 Ὅθεν
830 2326 982 2379 374
1006 2321 1200 2378 λοιπὸν
1221 2321 1441 2398 γὲγονεν
1459 2322 1552 2378 ’ίνα
1575 2325 1739 2386 αὐτὸς
1755 2325 1781 2377 6
1798 2328 1905 2377 τῶν
1921 2322 2082 2398 ἀορά-

431 2431 540 2464 των
563 2411 652 2464 καὶ
678 2410 972 2484 ὁρωμένων
989 2412 1239 2483 κτίστης,
1257 2413 1284 2466 6
1302 2415 1604 2488 μονογενὴς
1623 2417 1718 2467 τοῦ
1733 2413 1945 2486 Ιῖατρὸς
1959 2412 2084 2476 Υἱὸς

436 2497 511 2560 εἰς
536 2499 637 2566 τὴν
672 2503 767 2553 τοῦ
799 2500 1136 2573 ἀνθρωπίνου
1185 2500 1374 2576 γὲνους
1409 2499 1682 2575 λύτρωσιν
1716 2498 1868 2573 ἔλθῃ,
1898 2500 1989 2554 καὶ
2018 2501 2080 2554 τὸ

435 2590 642 2659 πνεῦμα
663 2587 828 2642 αὐτοῦ
848 2588 910 2642 τὸ
934 2588 1087 2665 ἅγιον
1116 2586 1167 2643 ἓν
1196 2594 1314 2650 ταῖς
1335 2586 1584 2663 καρδίαις
1607 2591 1767 2662 ἡμων
1788 2589 2078 2663 εἷσοικίσῃ,

436 2675 585 2738 ’ὁπως
618 2673 690 2730 δι’
733 2675 896 2731 αὐτοῦ
947 2679 1396 2746 ζωοποιηθέντες,
1427 2677 1829 2752 πιστεύσωμεν,
1852 2677 1975 2751 περὶ
2006 2678 2078 2731 ὢν

431 2765 612 2836 ἀκμὴν
638 2762 727 2819 8ιά
741 2763 929 2835 πείρας
953 2764 1005 2819 ἐν
1029 2767 1226 2840 γνώσει
1251 2763 1493 2839 γενέσθαι
1518 2766 1578 2821 οὐ
1603 2765 1894 2839 δυνάμεθα.
1918 2770 2079 2824 Ὅσοι

433 2852 524 2908 οὖν
554 2853 616 2908 τὸ
647 2857 860 2924 πνεῦμα
887 2858 1050 2910 τοῦτο
1079 2862 1180 2924 τῆς
1211 2853 1593 2929 κληρονομίας
1630 2859 1793 2930 ἡμῶν
1824 2856 2077 2932 ἐνέχυρον

431 2936 723 3014 ἐλάϐομεν,
755 2942 878 3017 περὶ
906 2949 1005 3012 τῆς
1034 2949 1142 2998 τῶν
1177 2945 1420 3018 ἀοράτων
1463 2951 1608 3014 ζωῆς
1641 2945 1703 3000 οὗ
1736 2942 2078 3018 διστάζομεν.

2206 464 2340 536 quia
2373 462 2689 518 exclususa
2711 461 2965 533 paradisi
2992 459 3524 533 gaudiis,bocquod
3549 459 3847 522 amiserat,

2200 552 2337 623 quia
2357 551 2582 607 viderat
2598 550 2909 606 recolebat.
2934 550 3003 605 Hi
3035 553 3228 605 autem
3253 549 3464 604 sentire
3479 547 3565 603 vel
3599 546 3847 602 recolere

2197 641 2391 697 audita
2406 655 2519 695 non
2551 638 2961 710 possunt,quia
2982 653 3182 693 eorum
3199 638 3271 707 (ε)
3295 635 3848 703 nullum,sicutille,

2199 728 2405 785 saltem
2455 727 2526 782 de
2575 728 2882 797 praeterito.
2927 727 3384 797 experimentum
3429 729 3648 780 tenent.
3680 726 3759 778 Ac
3799 723 3851 780 si

2198 819 2352 874 enim
2385 832 2690 889 prmgnans
2713 815 2926 871 mulier
2949 816 3220 872 mittatur
3243 817 3301 871 in
3333 815 3850 886 carcerem,ibique

2199 907 2384 979 pariat
2418 921 2684 978 puerum,
2711 905 2812 975 qui
2838 913 3010 960 natus
3031 921 3176 976 puer
3203 903 3263 959 in
3295 919 3526 960 carcere
3557 904 3853 958 nutriatur

2198 997 2255 1048 et
2288 996 2546 1060 crescat;
2577 991 2672 1046 cui
2705 991 2751 1045 si
2784 990 3027 1046 fortasse
3058 994 3246 1046 mater
3275 1005 3402 1060 qua:
3433 988 3592 1044 hunc
3623 988 3850 1059 genuit,

2199 1081 2400 1146 solem,
2425 1080 2650 1149 lunam,
2692 1079 2915 1149 stellas,
2949 1085 3176 1135 montes
3208 1090 3265 1134 et
3294 1095 3556 1150 campos,
3586 1077 3852 1134 volantes

2199 1174 2659 1240 aves,currentes
2689 1185 2868 1241 equos
2913 1169 3193 1234 nominet,
3233 1168 3331 1223 ille
3360 1185 3490 1224 vero
3521 1168 3622 1240 qui
3667 1175 3757 1223 est
3788 1168 3848 1223 in

2199 1275 2429 1316 carcere
2453 1264 2628 1315 natus
2661 1258 2985 1314 etnutrilus
3011 1258 3154 1313 nihil
3187 1257 3343 1313 aliud
3378 1274 3554 1329 quam
3578 1257 3849 1313 tenebras

2199 1349 2448 1406 carceris
2466 1348 2633 1414 sciat,
2654 1353 2712 1403 et
2749 1348 2866 1403 haec
2898 1347 3135 1418 quidem
3167 1363 3294 1403 esse
3324 1347 3546 1417 audiat,
3579 1348 3676 1402 sed
3709 1347 3848 1418 quia

2199 1454 2267 1494 ea
2306 1453 2409 1510 per
2437 1436 2896 1507 experimentum
2930 1453 3044 1492 non
3063 1436 3532 1503 novit,veraciter
3547 1451 3672 1492 esse
3692 1436 3846 1491 diffi-

2200 1526 2330 1594 dat;
2358 1526 2434 1581 ita
2454 1527 2512 1580 in
2537 1525 2645 1582 hae
2667 1525 2856 1580 exsilii
2880 1525 2970 1581 sui
2988 1525 3241 1580 caecitate
3266 1525 3383 1580 nati
3406 1523 3847 1589 homines,dum

2199 1630 2324 1670 esse
2355 1630 2585 1669 summa
2613 1618 2669 1669 et
2689 1613 3009 1670 invisibilia
3035 1614 3300 1679 audiunt,
3324 1612 3596 1668 diffidunt
3617 1629 3689 1667 an
3712 1629 3852 1668 vera

2199 1703 2478 1774 sint,quia
2500 1702 2714 1774 so|a(d)
2741 1701 2863 1758 haec
2883 1703 3162 1757 infimain
3187 1702 3398 1773 quibus
3421 1702 3537 1758 nati
3561 1705 3696 1757 sunt
3714 1702 3849 1756 visi-

2121 1753 2166 1818 Β
2198 1753 3257 1847 aii';:.;;.;;.;itsimagna;
3270 1753 3842 1863 ξεῖὶιῖίρζέίῖένιέὲζ

2198 1880 2402 1935 bilium
2436 1885 2491 1935 et
2517 1881 2836 1936 visibilium
2871 1881 3183 1935 Creatorad
3216 1881 3454 1935 humani
3479 1880 3711 1952 generis
3745 1896 3844 1935 re-

2192 1970 2583 2040 demptionem
2619 1969 2964 2042 Unigenitus
2995 1971 3179 2026 Patris
3213 1972 3451 2038 veniret,
3485 1975 3542 2026 et
3564 1975 3842 2026 sanctum

2191 2059 2473 2130 Spiritum
2496 2061 2564 2114 ad
2589 2061 2764 2115 corda
2786 2064 2983 2115 nostra
3004 2059 3571 2129 mitteret,quatenus
3594 2073 3842 2130 pereum

2194 2147 2461 2204 viviﬁcati
2494 2149 2880 2215 crederemus,
2916 2165 3041 2219 quae
3083 2149 3273 2203 adhuc
3305 2148 3453 2203 scire
3488 2164 3586 2218 per
3615 2147 3841 2218 experi-

2195 2242 2452 2292 mentum
2471 2253 2584 2292 non
2602 2237 3235 2309 possumus.Quotquot
3248 2253 3382 2309 ergo
3396 2237 3552 2292 hunc
3567 2237 3774 2309 spiritu
3787 2253 3844 2291 m

2192 2325 2552 2382 hereditatis
2583 2332 2792 2382 nostras
2824 2327 3038 2399 pignus
3068 2326 3398 2398 accepimus
3421 2327 3638 2397 (Ephes.
3664 2327 3842 2396 1,14),

2192 2414 2264 2469 de
2292 2413 2411 2468 vita
2441 2413 2820 2470 invisibilium
2846 2432 2961 2470 non
2988 2415 3631 2486 dubitamus.0uisquis
3647 2426 3845 2470 autem

2191 2500 2250 2555 in
2283 2500 2390 2556 hac
2413 2501 2757 2558 credulitate
2777 2502 2969 2558 adhuc
3003 2502 3226 2558 solidus
3245 2518 3361 2557 non
3383 2507 3491 2570 est,
3513 2501 3684 2556 debet
3704 2518 3845 2573 pro-

2191 2589 2285 2645 cul
2304 2590 2480 2646 dubio
2504 2592 2793 2661 majorum
2817 2593 2990 2648 dictis
3013 2592 3185 2647 ﬁdem
3215 2591 3698 2663 praebere,eisque
3719 2591 3846 2661 iam

2192 2695 2293 2749 per
2322 2679 2607 2751 Spiritum
2638 2686 2906 2737 sanctum
2949 2681 3333 2737 invisibilium
3375 2681 3843 2751 experimentum

2192 2767 2542 2824 habentibus
2572 2770 2972 2840 credere,quia
3002 2779 3056 2825 et
3096 2770 3312 2826 stultus
3342 2775 3431 2826 est
3461 2785 3606 2841 puer
3633 2770 3681 2824 si
3720 2785 3845 2824 ma-

2190 2860 2336 2912 trem
2369 2857 2498 2913 ideo
2520 2859 2770 2914 aastimet
2798 2859 2869 2914 de
2893 2858 3022 2913 luce
3056 2858 3314 2926 mentiri,
3338 2859 3475 2929 quia
3503 2857 3664 2929 ispse
3693 2855 3844 2911 nihil

2189 2947 2344 3003 aliud
2378 2965 2557 3020 quam
2591 2951 2858 3005 tenebras
2889 2950 3132 3005 carceris
3153 2950 3407 3021 agnovit.

430 3031 615 3088 Ὅστις
649 3027 704 3084 δὶ
735 3030 998 3103 ἀκμήν,ἐν
1030 3036 1098 3106 τῇ
1131 3032 1488 3112 πληροφορίᾳ
1508 3033 1678 3109 ταύτῃ
1703 3032 2070 3108 ὲδραιώμενος
2097 3033 2195 3089 οὐκ
2215 3033 2380 3105 ἔστιν,
2405 3034 2612 3114 ὀφείλει
2637 3037 2823 3092 ἑαυτὸν
2847 3033 2970 3091 ἄνευ
2995 3034 3296 3112 δισταγμοῦ
3321 3040 3440 3097 τοῖς
3471 3038 3577 3089 τῶν
3607 3033 3842 3088 τελείων

430 3115 639 3193 ἀνδρῶν
669 3115 858 3194 λόγοις
886 3121 1024 3190 πρὸς
1053 3120 1234 3176 πίστιν
1268 3118 1572 3191 ἐπιδοῦναι,
1615 3127 1733 3186 τοῖς
1779 3119 1888 3192 ἤδη
1948 3121 2139 3177 λοιπὸν
2190 3119 2278 3176 διὰ
2324 3127 2421 3178 τοῦ
2454 3125 2613 3200 ἁγίου
2657 3125 2962 3198 πνεύματος
3001 3130 3110 3179 τῶν
3145 3123 3388 3198 ἀοράτων
3422 3125 3494 3196 (ιν)
3525 3124 3623 3191 τὴν
3653 3127 3846 3194 πεῖραν

429 3203 643 3281 ἔχουσι,
675 3208 761 3260 καὶ
797 3207 986 3272 αὐτοῖς
1014 3213 1318 3267 πιστεῦσαι.
1354 3211 1601 3272 Μάταιος
1633 3212 1736 3286 γὰρ
1769 3210 1962 3266 λοιπὸν
2015 3210 2220 3274 ἐκεῖνος
2268 3213 2295 3265 6
2347 3218 2496 3281 παῖς,
2552 3213 2641 3268 ἐὰν
2691 3211 2779 3268 διὰ
2805 3218 2967 3269 τοῦτο
2997 3215 3121 3289 περὶ
3151 3218 3249 3268 τοῦ
3278 3213 3460 3292 φωτὸς
3491 3210 3703 3284 νομίζει
3735 3213 3843 3280 τὴν

430 3296 620 3350 ἑαυτοῦ
646 3294 853 3370 μητέρα
880 3295 1190 3370 ψεύδεσθαι,
1225 3297 1313 3354 διὰ
1342 3301 1405 3353 τὸ
1436 3299 1640 3354 ἐκεῖνον
1669 3297 1839 3373 μηδὲν
1868 3296 2050 3375 ἕτερον
2081 3299 2386 3376 γινώσκειν,
2410 3303 2456 3356 εἰ
2490 3304 2564 3374 μή
2599 3303 2661 3357 τὸ
2685 3309 2785 3372 τῆς
2815 3303 3063 3379 φυλακῆς
3091 3301 3304 3366 σκότος.

503 3385 703 3441 HETP.
737 3387 982 3459 Ἀρέσκει
1011 3384 1216 3465 σφόδρα
1245 3388 1274 3442 6'
1297 3388 1492 3462 λὲγεις.
1521 3389 1582 3445 Ὁ
1605 3386 1661 3442 δὲ
1681 3389 1748 3443 τὰ
1771 3389 1973 3462 ἀόρατα
2001 3390 2076 3460 μῆ

2261 3394 2432 3448 Pam.
2459 3393 2652 3449 Placet
2680 3394 2846 3450 valde
2876 3395 3028 3464 quod
3061 3394 3228 3449 dicis.
3264 3395 3372 3450 Sed
3398 3392 3497 3464 qui
3529 3407 3658 3447 esse
3689 3391 3843 3447 invi-

429 3471 696 3527 πιστεύων
732 3473 870 3528 εἶναι
903 3476 1182 3554 ἀσφαλῶς,
1216 3477 1298 3531 ὅτι
1339 3478 1564 3538 ἄπιστός
1607 3476 1772 3532 ἐστιν.
1804 3479 1992 3538 "Om:
2023 3475 2080 3531 δὲ

431 3557 655 3614 ἄπιστον
688 3561 944 3636 ὑπάρχει,
991 3562 1044 3617 ἐν
1092 3568 1172 3636 τῷ
1219 3564 1499 3639 πράγματι
1547 3565 1679 3638 ὅπερ
1723 3563 1982 3634 διστάζει,
2015 3564 2077 3619 οὐ

433 3653 587 3718 ζητεῖ
615 3647 815 3720 πίστιν,
850 3648 996 3706 ἀλλὰ
1017 3651 1424 3730 πληροφορίαν.

1069 3742 1328 3797 ΚΕΦΑΛ.
1372 3741 1445 3798 Β’.

679 3829 802 3883 ’Ὁτι
834 3826 954 3883 ἄνευ
984 3829 1220 3892 πίστεως
1252 3827 1378 3885 οὐδὲ
1421 3831 1449 3886 ὁ
1477 3827 1705 3893 ἄπιστος
1737 3830 1827 3904 ζῇ.

508 3916 918 3974 ΓΡΗΓΟΡΙΟΣ.
937 3915 1153 3988 Τολμῶ
1177 3916 1234 3972 δὲ
1255 3916 1431 3994 λέγειν
1455 3917 1536 3973 ὅτι
1556 3917 1681 3974 ἄνευ
1700 3919 1932 3982 πίστεως
1957 3917 2079 3975 οὕτε

433 4003 460 4056 ὁ
493 4001 716 4064 ἄπιστος
751 4008 839 4077 ζῇ.
876 4004 998 4061 Ἐἀν
1031 4006 1134 4082 γὰρ
1165 4008 1258 4061 τὸν
1284 4008 1507 4062 ἄπιστον
1539 4007 1810 4083 ἐρωτῆσαι
1837 4007 2078 4079 θελήσω,

429 4090 549 4145 τίνα
574 4093 799 4164 πατέρα,
823 4094 856 4162 ἢ
880 4113 1002 4148 τινα
1027 4096 1236 4168 μητέρα
1257 4090 1372 4168 ἔχει
1400 4114 1413 4163 ;
1445 4098 1682 4171 παρευθὺ
1706 4097 2076 4171 ἀποκρίνεται,

433 4177 657 4246 ἐκεῖνον,
671 4182 941 4252 κάκεινην.
956 4185 1174 4240 ’Ὁντινα
1195 4183 1360 4239 πάλιν
1377 4184 1463 4239 ἐὰν
1481 4185 1748 4261 ἀνακρίνω
1764 4186 1808 4240 εἷ
1825 4187 2076 4262 γινώσκει

434 4266 566 4322 πότε
587 4271 923 4346 συνελήφθη,
946 4273 979 4340 ἢ
1005 4270 1094 4326 ἐὰν
1125 4271 1398 4346 ἐθεώρησε
1414 4273 1544 4329 πότε
1563 4274 1788 4347 ἐγενήθη
1817 4273 1998 4341 ;ούδὶν
2021 4276 2081 4332 ἐκ

431 4355 638 4412 τούτων
661 4358 846 4413 ἑαυτὸν
861 4365 1078 4434 γνῶναι,
1151 4363 1438 4426 θεάσασθαι
1453 4361 1903 4438 ὁμολογεῖ,πλὴν
1925 4363 2078 4436 ὅμως

430 4446 519 4500 καὶ
551 4447 683 4520 ὅπερ
717 4446 814 4503 οὐκ
847 4447 963 4503 οἶδε
992 4450 1252 4505 πιστεύει·
1287 4450 1491 4507 ἐκεῖνον
1515 4449 1571 4506 δὶ
1599 4451 1803 4526 πατέρα
1829 4452 2078 4524 κάκείνην

434 4535 640 4609 μητέρα
672 4534 963 4615 ἐσχηκέναι
998 4539 1183 4595 ἑαυτὸν
1211 4538 1332 4594 ἄνευ
1359 4537 1662 4615 δισταγμοῦ
1688 4548 1966 4617 μαρτυρεῖ.

2190 3481 2386 3536 sibilia
2425 3498 2539 3538 non
2571 3482 2774 3547 credit,
2818 3483 3071 3552 proiecto
3112 3482 3363 3538 infidelis
3388 3487 3515 3548 est;
3567 3481 3669 3551 qui
3697 3495 3840 3536 vero

2189 3569 2442 3625 infidelis
2472 3573 2582 3637 est,
2611 3568 2669 3624 in
2702 3586 2767 3625 eo
2799 3573 2950 3640 quod
2981 3571 3418 3642 dubitat,fidem
3452 3585 3568 3624 non
3602 3570 3836 3640 quaerit,

2190 3659 2292 3714 sed
2326 3652 2637 3716 rationem.

2846 3747 3078 3805 CAPUT
3117 3750 3188 3805 Il.

2457 3837 2608 3904 Quod
2634 3836 2755 3893 sine
2780 3837 2886 3908 ﬁde
2918 3854 3090 3908 neque
3119 3837 3364 3908 inﬁdelis
3393 3838 3562 3893 vivat.

2261 3927 2701 3998 Gsscoams.(e)
2721 3930 3009 3984 Audenter
3027 3928 3318 3999 dico,quia
3342 3927 3469 3983 sine
3501 3927 3614 3983 {ide
3643 3941 3840 3997 neque

2189 4015 2762 4074 inﬁdelisvivit.Nam
2777 4017 2824 4072 si
2855 4018 3126 4073 eumdem
3150 4016 3446 4073 infidelem
3469 4019 3841 4088 percunctari

2189 4105 2444 4170 voluero,
2477 4121 2651 4176 quem
2685 4110 2906 4176 patrem
2942 4105 3030 4159 vel
3058 4121 3231 4173 quam
3258 4110 3500 4160 matrem
3535 4104 3838 4174 habuerit,

2190 4196 2455 4265 protinus
2479 4193 3041 4266 respondebit,illum
3066 4200 3236 4265 atque
3256 4195 3617 4259 illam.0uem
3639 4195 3688 4250 si
3713 4201 3839 4253 sta-

2187 4284 2294 4337 tim
2327 4284 2620 4353 requiram
2664 4289 2943 4338 utrumne
2985 4283 3211 4339 noverit
3242 4284 3476 4354 quando
3518 4290 3840 4355 conceptus

2189 4373 2286 4435 sit,
2321 4371 2404 4426 vel
2457 4371 2663 4427 viderit
2693 4373 2929 4442 quando
2961 4380 3152 4438 natus,
3191 4371 3335 4426 nihil
3392 4372 3604 4428 horum
3653 4389 3718 4428 se
3748 4375 3836 4430 vel

2189 4475 2382 4526 nosse,
2415 4461 2499 4516 vel
2533 4461 2749 4516 vidisse
2783 4461 3078 4529 fatebitur,
3109 4465 3167 4516 et
3198 4465 3391 4515 tamen
3417 4463 3563 4532 quod
3601 4478 3715 4517 non
3749 4464 3840 4518 vi-

2187 4547 2292 4613 dit,
2326 4548 2523 4604 credil.
2549 4548 2694 4603 Nam
2729 4548 2888 4604 illum
2916 4558 3133 4619 patrem
3161 4549 3441 4619 illamque
3463 4567 3524 4606 se
3554 4550 3838 4608 habuisse

2191 4642 2432 4691 matrem
2466 4635 2684 4707 absque
2715 4637 3074 4692 dubitatione
3107 4643 3369 4692 testatur.

504 4716 703 4772 ΠΕΤΡ.
727 4715 1024 4792 Ὀμολογῶ
1051 4719 1127 4790 μὴ
1151 4717 1436 4793 γινώσκειν
1454 4714 1636 4791 μεὲως
1656 4723 1856 4774 τοῦνῦν
1881 4718 1963 4775 ὅτι
1984 4723 2075 4777 καὶ

2260 4727 2425 4781 Ps'rs.
2455 4726 2660 4781 Fateor
2691 4725 2826 4796 quia
2859 4743 3014 4781 nunc
3047 4743 3233 4799 usque
3266 4727 3477 4782 nescivi
3513 4729 3665 4799 quod
3700 4729 3838 4785 inti-

431 4801 458 4854 6
491 4799 719 4864 ὂίπιστος
751 4804 930 4860 πίστιδ
964 4803 1103 4881 ἔχει.

502 4891 792 4948 ΓΡΗΓΟΡ.
817 4893 1047 4967 Ἔχουσι
1075 4894 1169 4966 μὶν
1191 4892 1282 4948 οὖν
1306 4895 1398 4950 καὶ
1421 4897 1473 4950 οἱ
1497 4894 1714 4951 ἄπιστοι
1731 4897 1936 4968 πίστιν,
1954 4898 2082 4955 ἀλλ’

429 4974 538 5039 εἷ’θε
561 4975 639 5038 εἷς
665 4978 758 5034 τὸν
780 4981 934 5052 Θεὸν,
955 4983 1118 5056 ἥνπερ
1145 4983 1232 5038 ἐὰν
1254 4983 1510 5060 ἀσφαλῶς
1532 4983 1842 5057 ἐκέκτηντο,
1867 4985 2082 5044 ἄπιστοι

430 5063 561 5119 εἶναι
585 5066 686 5121 οὐκ
708 5067 882 5144 εἶχον.
909 5071 1001 5128 Ἐκ
1019 5071 1217 5128 τούτου
1244 5069 1300 5127 δὲ
1323 5072 1398 5135 εἰς
1418 5073 1518 5142 τήν
1541 5079 1640 5142 τῆς
1663 5073 1897 5139 πίστεως
1917 5077 2078 5152 χάριν

602 5304 730 5383 ἔξω,
760 5300 1014 5383 ἐνιτούτς)
1037 5307 1115 5372 τῷ
1135 5302 1328 5375 κόσμῳ
1351 5308 1684 5378 γεννηθέντες
1708 5309 1758 5362 οἳ
1780 5305 2072 5383 ἅνθρωποι.

492 5373 570 5439 (ὁ)
603 5372 735 5435 Ms.,
766 5374 866 5440 τὴν
901 5376 1124 5440 γνῶσιν.

493 5394 570 5439 ιο)
603 5394 735 5435 Μεη
766 5394 866 5440 την
942 5394 1124 5430 νωσιν.

493 5444 568 5522 (ε).
594 5444 864 5514 Plerique
891 5394 1087 5499 gorm.
1133 5449 1190 5499 et
1229 5445 1354 5502 Val.
1406 5447 1510 5518 CL,
1556 5453 1814 5509 nullus...
1849 5456 2078 5522 experi—

418 5517 665 5566 mentum
689 5522 861 5568 tenet.

489 5582 567 5652 (d)
603 5583 726 5638 Duo
759 5585 1004 5654 Theod.,
1033 5585 1150 5643 haec
1177 5589 1425 5658 inﬁrma.

2188 4814 2333 4870 delis
2365 4813 2602 4869 haberet
2635 4814 2830 4869 fidem.

2263 4903 2518 4958 Gnaeos.
2543 4905 2608 4975 (Γ)
2641 4903 2856 4958 Habent
2873 4902 3045 4958 etiam
3073 4904 3339 4960 infideles
3373 4906 3568 4973 fidem,
3594 4907 3689 4962 sed
3725 4908 3838 4962 uti-

2193 5008 2318 5046 nam
2367 4991 2423 5045 in
2461 4992 2654 5046 Deum.
2693 4992 2872 5056 Quam
2919 4992 2966 5044 si
3003 4994 3200 5062 utique
3232 4994 3530 5062 baberent,
3565 4995 3840 5052 inﬁdeles

2192 5096 2306 5135 non
2322 5080 2648 5136 essent.Sed
2666 5079 2802 5135 hinc
2824 5082 2879 5134 in
2902 5097 3002 5135 sua
3020 5083 3259 5153 perﬁdia
3273 5083 3658 5156 redarguendi
3674 5091 3838 5154 sunt,

2261 5313 2328 5383 (ε)
2360 5312 2538 5366 Iidem
2573 5311 2836 5380 Codices,
2868 5311 3171 5369 evidenter.
3212 5314 3346 5376 Quae
3375 5331 3508 5370 vero
3538 5315 3633 5372 hic
3666 5317 3844 5375 docet

2187 5389 2431 5458 sanctus
2461 5384 2934 5458 Gregorius_,jam
2966 5385 3038 5438 ab
3072 5387 3325 5440 Arnobio
3347 5402 3553 5458 magna
3574 5405 3642 5442 ex
3675 5397 3844 5458 parte

2185 5456 2338 5509 dicta
2368 5459 2425 5508 et
2454 5460 2737 5524 occupata
2769 5455 2917 5508 libro
2951 5459 3209 5511 secundo
3241 5458 3369 5512 adv.
3405 5455 3640 5512 Gentes.

2258 5526 2326 5596 (Γ)
2352 5532 2483 5600 Duo
2516 5523 2742 5600 Gemet.
2778 5542 2843 5580 ac
2883 5526 3062 5596 Prat.,
3097 5526 3294 5583 habent
3331 5529 3499 5584 etiam
3545 5529 3703 5600 inﬁgi.
3737 5548 3838 5588 ne-

2182 5613 2324 5652 cesse
2348 5603 2426 5652 est
2450 5597 2637 5664 ﬁdem.
