4210 6160
283 245 403 306 321

1535 238 2058 303 DIALOGORUM
2101 240 2337 304 LIBER
2380 241 2428 303 Ι.

3582 248 3703 308 323

283 374 426 430 hinc
456 373 530 430 ad
564 371 697 429 fidei
746 370 993 444 gratiam
1026 369 1400 443 provocandi,
1434 369 1571 442 quia
1609 371 1658 427 si
1706 371 1778 428 de
1807 372 1926 445 ipso

2048 371 2419 447 προσκλητέοι
2452 371 2607 443 εἰσὶν,
2629 371 2713 429 ὅτι
2745 371 2802 428 ἐκ
2824 379 2924 444 τῆς
2948 371 3091 437 ίδίας
3112 374 3290 431 αὐτῶν
3318 373 3700 454 διελέγχονται

283 479 394 519 suo
426 461 644 518 visibili
677 475 919 532 corpore
939 458 1361 531 creduntquod
1387 457 1630 515 minime
1645 460 1939 531 viderunt,

293 567 400 607 cur
459 548 780 606 invisibilia
822 564 939 604 non
968 548 1237 614 credunt,
1286 563 1414 619 quas
1444 546 1824 620 corporaliter
1854 549 1939 604 vi-

282 640 406 696 deri
439 656 558 696 non
592 642 841 711 possunt
873 636 903 692 ?

931 818 1166 876 CAPUT
1207 818 1305 874 IIl.

535 908 685 979 Quod
714 913 829 964 ire:
850 907 1047 963 vitales
1073 906 1304 980 spiritu:
1331 915 1464 962 sunt
1494 907 1692 963 creati.

349 1000 501 1056 Nam
535 1001 677 1071 quia
708 1002 841 1070 post
873 1006 1113 1054 mortem
1145 996 1338 1054 carnis
1357 997 1746 1067 vivatanima,
1782 1002 1938 1069 patet

279 1088 453 1154 ratio,
471 1088 571 1143 sed
590 1086 725 1142 fidei
758 1084 1030 1140 admista.
1054 1085 1195 1141 Tres
1214 1084 1432 1155 quippe
1459 1083 1663 1140 vitales
1694 1085 1936 1157 spiritus

286 1177 511 1232 creavit
530 1174 906 1246 omnipotens
926 1172 1082 1229 Deus
1104 1188 1119 1229 :
1146 1188 1328 1228 unum
1354 1172 1453 1244 qui
1476 1187 1646 1229 carne
1668 1189 1782 1229 non
1805 1173 1941 1245 tegi-

279 1271 379 1320 tur
401 1282 418 1333 ;
438 1264 623 1321 alium
645 1262 744 1335 qui
768 1278 944 1319 carne
963 1261 1198 1334 tegitur,
1220 1263 1317 1318 sed
1334 1278 1449 1317 non
1472 1277 1606 1317 cum
1629 1277 1800 1318 carne
1814 1278 1934 1317 mo-

285 1358 439 1410 ritur
465 1371 481 1422 ;
507 1355 741 1409 tertium
774 1353 873 1424 qui
905 1367 1078 1408 carne
1108 1350 1344 1423 tegitur,
1376 1354 1433 1407 et
1460 1366 1593 1408 cum
1616 1367 1789 1407 carne
1813 1367 1934 1407 mo-

284 1443 455 1499 ritur.
480 1440 733 1513 Spiritus
755 1455 1010 1511 namque
1030 1444 1120 1496 est
1139 1439 1236 1510 qui
1259 1455 1434 1496 carne
1453 1455 1569 1495 non
1592 1441 1934 1513 tegitur,an-

277 1531 581 1604 gelorum;
611 1530 856 1602 spiritus
887 1527 987 1601 qui
1017 1544 1192 1584 carne
1220 1529 1462 1599 tegitur,
1482 1528 1584 1584 sed
1609 1544 1740 1583 cum
1762 1545 1935 1585 carne

276 1639 396 1677 non
432 1621 707 1690 moritur,
731 1619 1042 1675 hominum
1074 1636 1088 1687 ;
1113 1617 1357 1691 spiritus
1379 1618 1480 1689 qui
1503 1633 1675 1675 carne
1694 1620 1934 1691 tegitur,

276 1718 336 1768 et
356 1708 495 1769 cum
516 1726 693 1767 carne
707 1708 1383 1779 moriturjumentorum
1399 1706 1784 1778 omniumque
1802 1708 1936 1763 bru-

284 1805 478 1857 torum
496 1797 867 1855 animalium.
892 1802 1077 1854 Homo
1092 1796 1291 1868 itaque
1311 1796 1467 1853 sicut
1484 1796 1545 1851 in
1570 1795 1761 1852 medio
1773 1812 1933 1852 crea-

285 1894 383 1945 tus
413 1894 527 1955 est,
560 1896 621 1943 ut
649 1891 806 1944 esset
835 1886 1074 1943 inferior
1100 1887 1330 1958 angelo,
1353 1885 1619 1959 superior
1639 1886 1931 1956 jumento,

277 1978 364 2035 ita
379 1977 605 2050 aliquid
620 1977 800 2033 habet
815 1991 1123 2033 commune
1134 1991 1264 2031 cum
1278 1973 1764 2047 summo,aliquid
1779 1991 1934 2032 com-

278 2085 462 2125 mune
492 2083 627 2124 cum
659 2067 867 2122 infimo
891 2082 905 2122 :
929 2064 1432 2122 immortalitatem
1452 2063 1676 2121 scilicet
1695 2063 1933 2137 spiritus

276 2174 415 2214 cum
450 2154 678 2225 angelo,
709 2153 1120 2212 mortalitatem
1156 2169 1291 2210 vero
1321 2153 1517 2210 carnis
1545 2166 1677 2210 cum
1702 2153 1935 2223 jumen-

273 2252 335 2303 to
366 2263 382 2315 ;
415 2245 575 2302 816
633 2259 939 2315 quousque
965 2246 1024 2298 et
1052 2242 1241 2315 ipsam
1274 2241 1691 2298 mortalitatem
1740 2241 1933 2297 carnis

277 2335 472 2410 gloria
494 2331 942 2390 resurrectionis
965 2331 1291 2399 absorbent,
1306 2336 1365 2387 et
1394 2330 1733 2386 inhmrendo
1762 2330 1932 2402 spiri-

273 2423 368 2481 tui
392 2439 530 2481 caro
559 2428 823 2478 servetur
849 2419 909 2476 in
934 2424 1297 2492 perpetuum,
1323 2420 1460 2490 quia
1479 2423 1537 2475 et
1557 2418 1639 2491 (a)
1667 2417 1793 2489 ipse
1813 2418 1933 2490 spi-

276 2513 432 2569 ritus
465 2510 802 2567 inbaerendo
842 2509 1003 2565 carni
1046 2512 1308 2565 servatur
1337 2508 1395 2563 in
1427 2511 1628 2564 Deum.
1659 2506 1794 2570 Qum
1843 2510 1932 2562 ta-

276 2619 417 2659 men
449 2617 586 2658 caro
616 2616 721 2657 nec
766 2599 827 2655 in
878 2598 1135 2671 reprobis
1167 2597 1322 2654 inter
1366 2596 1654 2670 supplicia
1684 2598 1933 2669 perfecte

279 2690 502 2761 deﬁcit,
533 2689 673 2764 quia
701 2704 933 2760 semper
970 2687 1294 2745 deiicienda
1343 2687 1659 2754 subsistit;
1708 2691 1774 2742 ut
1828 2685 1930 2758 qui

276 2781 495 2853 spiritu
525 2788 581 2837 et
619 2794 793 2836 carne
822 2780 1232 2850 peccaverunt,
1264 2791 1496 2848 semper
1541 2775 1933 2833 essentialiter

276 2871 565 2937 viventes,
592 2874 648 2926 et
676 2883 848 2925 carne
876 2874 931 2923 et
960 2865 1170 2939 spiritu
1203 2865 1330 2923 sine
1366 2865 1480 2922 ﬁne
1512 2864 1855 2922 moriantur.

344 3232 526 3285 Pera.
562 3225 790 3283 Hationi
815 3224 1073 3283 ﬁdelium
1103 3223 1331 3295 placent
1358 3228 1572 3281 cuncta
1602 3241 1730 3297 qua
1761 3222 1928 3280 dicis.

274 3319 389 3375 Sed
419 3332 623 3390 quaeso
643 3319 719 3383 te,
741 3317 875 3370 dum
907 3312 1152 3386 spiritus
1173 3312 1482 3369 hominum
1503 3317 1679 3384 atque
1690 3314 1930 3384 jumen-

274 3413 478 3465 torum
501 3406 580 3476 (ιι)
605 3408 766 3460 tanta
785 3401 1161 3459 distinctione
1173 3401 1494 3470 discernes,
1517 3401 1650 3473 quid
1674 3405 1763 3457 est
1777 3401 1930 3472 quod

271 3495 555 3551 Salomon
587 3493 669 3549 ait
692 3508 705 3547 :
726 3492 858 3548 Dixi
888 3494 947 3547 in
967 3490 1128 3547 corde
1153 3506 1273 3547 meo
1299 3490 1365 3545 de
1376 3491 1512 3561 ﬁlii:
1541 3490 1849 3559 hominum,
1871 3498 1932 3547 ut

276 3584 545 3657 probaret
576 3597 666 3637 eo:
692 3582 857 3650 Deus,
882 3587 937 3636 et
964 3581 1269 3637 ostenderet
1296 3579 1510 3635 simile:
1540 3595 1655 3635 esse
1702 3579 1881 3635 bestiis
1908 3594 1930 3641 ;

280 3672 497 3729 idcirco
525 3686 668 3726 unus
705 3669 964 3726 interitus
998 3671 1074 3725 est
1119 3669 1359 3725 hominis
1386 3676 1436 3724 et
1464 3668 1856 3737 iumentorum,
1881 3675 1933 3724 et

280 3778 448 3836 aequa
479 3761 767 3831 utriusque
815 3758 1056 3815 conditio
1085 3758 1278 3827 (Eccle.
1311 3774 1398 3825 ιιι,
1432 3757 1517 3829 18)
1546 3757 1574 3812 ‘?
1603 3757 1708 3823 Qui
1740 3757 1930 3813 adhuc

275 3851 713 3908 eamdemsuam
723 3846 1066 3904 sententiam
1078 3846 1814 3917 subtiliterexsequens,adj
1825 3862 1931 3902 un-

272 3942 349 4013 git
377 3957 392 3996 :
419 3940 581 3996 Sicut
612 3938 851 3993 moritur
878 3936 1055 4005 homo,
1078 3935 1161 3993 sic
1181 3940 1234 3992 et
1252 3934 1698 4005 ittamoriuntur,
1720 3934 1930 3991 simili-

276 4036 363 4085 ter
389 4030 613 4100 spirant
641 4027 850 4091 omnia,
873 4031 924 4082 et
947 4025 1100 4082 nihil
1128 4025 1293 4082 habet
1318 4025 1477 4081 homo
1507 4026 1776 4098 jumentir
1804 4040 1927 4081 am-

279 4121 427 4192 plius
458 4117 650 4189 (Πάρι,
684 4116 795 4188 19).
830 4115 1052 4182 Quibus
1066 4114 1257 4172 adhuc
1276 4115 1467 4172 verbis
1487 4115 1814 4188 generalem
1834 4116 1928 4173 de-

275 4209 605 4265 ﬁnitionem
656 4206 950 4263 subinfert
994 4205 1195 4262 dicens
1225 4222 1241 4262 :
1272 4206 1479 4263 Cuncta
1513 4205 1802 4277 subjacent
1830 4221 1923 4261 va-

273 4298 471 4364 nitati,
500 4302 554 4353 et
584 4297 778 4352 omnia
830 4302 1069 4367 pergunt
1097 4297 1167 4351 ad
1194 4310 1368 4351 unum
1397 4294 1617 4363 locum;
1666 4293 1734 4350 de
1773 4300 1926 4352 terra

273 4394 416 4460 facta
445 4393 599 4454 sunt,
631 4391 682 4445 et
712 4389 775 4443 in
806 4393 1015 4442 terram
1068 4387 1279 4458 pariter
1326 4390 1683 4442 revertuntur
1713 4385 1923 4459 (lbid.).

2049 457 2389 524 δυσπιστίας.
2418 463 2543 518 Ἐὰν
2570 461 2676 540 γὰρ
2698 462 2820 536 περὶ
2841 467 2939 519 τοῦ
2964 459 3104 518 ίδίου
3128 464 3382 538 σώματος
3403 470 3696 524 πιστεύου-

2048 571 2149 621 σιν,
2177 550 2309 626 ’ὀπερ
2334 547 2589 624 οὐδαμῶς
2620 550 2933 621 ἐθεάσαντο,
2958 549 3101 607 διατί
3120 553 3212 608 καὶ
3234 554 3358 629 περὶ
3391 559 3502 612 τῶν
3526 556 3697 631 ἀορά-

2044 660 2155 693 των
2186 638 2251 693 οὐ
2283 639 2647 708 πιστεύουσιν,
2681 640 3176 715 ἅπερέσωματικῶς
3213 644 3489 718 θεωρῆσαι
3516 643 3577 699 οὐ
3601 642 3703 700 δύ-

2046 748 2230 783 νανται
2260 747 2273 798 ;

2678 821 2942 877 ΚΕΦΑΛ.
2986 820 3058 877 Γ’.

2213 908 2331 964 Ὀτι
2361 905 2486 981 τρία
2510 904 2713 962 ἔκτισεν
2754 908 2782 962 6
2822 909 2953 970 Θεὸς
2986 910 3192 977 ζωτικά
3219 909 3518 983 πνεύματα,

2117 998 2237 1054 Ὅτι
2260 993 2351 1051 οὖν
2378 996 2512 1070 μετὰ
2530 996 2621 1050 τὸν
2645 997 2869 1051 θᾶινατον
2888 1003 2987 1067 τῆς
3011 998 3207 1073 σαρκὸς
3231 1001 3448 1070 ζήσεται
3471 1003 3506 1070 ἡ
3532 1004 3684 1078 ψυχὴ

2047 1081 2135 1139 διὰ
2165 1091 2267 1154 τῆς
2297 1082 2600 1160 ἀπολογίας
2627 1081 2904 1155 ἀποδεῖξαι
2927 1086 3260 1160 πειράσομαι
3292 1089 3692 1165 συντρεχούσης

2046 1170 2306 1245 δηλονότι
2335 1181 2434 1244 τῆς
2467 1174 2720 1235 πίστεως.
2774 1174 2909 1248 Τρία
2954 1174 3131 1230 τοίνυν
3182 1178 3384 1246 ζωτικᾶ
3408 1179 3689 1253 πνεύματα

2042 1260 2247 1318 ἔιτισεν
2276 1264 2304 1318 6
2331 1260 2742 1337 παντοδύναμος
2771 1264 2982 1339 κύριος·
3004 1260 3080 1334 ἓν,
3102 1263 3235 1341 ὅπερ
3255 1267 3410 1342 σαρκὶ
3433 1268 3497 1322 οὐ
3518 1267 3692 1324 καλό-

2042 1370 2253 1407 πτεται’
2274 1353 2498 1424 Ἕτερον
2528 1349 2606 1422 δὲ,
2638 1353 2792 1426 σαρκὶ
2823 1353 2918 1426 μὲν
2938 1355 3005 1425 (ο)
3026 1352 3459 1427 καλυπτόμενον,
3485 1355 3613 1433 οὐχὶ
3633 1355 3692 1413 δὶ

2045 1441 2156 1513 ἅμα
2174 1444 2242 1515 τῇ
2267 1441 2423 1514 σαρκὶ
2445 1440 2810 1511 ἀποθνῆσκον.
2832 1442 2905 1497 Τὸ
2928 1439 2985 1497 δὲ
3003 1441 3210 1517 τρίτον,
3229 1445 3386 1516 σαρκὶ
3409 1444 3689 1501 καλυπτό-

2047 1549 2224 1602 μενον,
2256 1530 2346 1584 acati
2381 1530 2514 1603 μετᾶ
2559 1535 2660 1599 τῆς
2708 1531 2906 1603 σαρκὸς
2952 1528 3314 1601 ἀποθνῆσκον.
3347 1537 3562 1606 Πνεῦμα
3593 1534 3688 1589 οὖν

2043 1618 2198 1692 σαρκὶ
2234 1624 2311 1691 μὴ
2341 1616 2749 1692 καλυπτόμενόν
2772 1617 2882 1675 ἐστι
2912 1619 2975 1674 τὸ
3004 1623 3112 1674 τῶν
3134 1618 3403 1696 ἀγγέλων.
3433 1623 3506 1679 Τὸ
3528 1618 3586 1677 δὲ
3615 1627 3687 1698 τῇ

2042 1707 2199 1783 σαρκὶ
2218 1706 2634 1779 καλυπτόμενον
2656 1710 2888 1781 πνεῦμα,
2907 1706 2968 1763 οὗ
2986 1707 3119 1781 μετᾶ
3139 1711 3239 1778 τῆς
3258 1710 3453 1785 σαρκὸς
3478 1707 3535 1765 δε
3556 1709 3691 1766 ἀπο-

2042 1797 2294 1868 θνῆσκον,
2324 1797 2386 1851 τὸ
2413 1800 2521 1851 τῶν
2543 1795 2863 1870 ἀνθρώπων.
2887 1797 2965 1853 Τὸ
2989 1794 3046 1852 δὶ
3064 1800 3132 1871 τῇ
3156 1797 3312 1872 σαρκὶ
3332 1796 3686 1873 καλυπτόμε-

2041 1905 2134 1939 νον
2164 1888 2398 1957 πνεῦμα,
2430 1883 2520 1939 καὶ
2555 1884 2691 1958 μετὰ
2716 1891 2816 1954 τῆς
2849 1885 3046 1961 σαρκὸς
3088 1884 3452 1958 ἀποθνῆσκον,
3483 1886 3545 1942 τδ
3574 1892 3684 1944 τῶν

2038 1979 2275 2045 κτηνῶν.
2307 1975 2368 2032 Ὀ
2398 1972 2682 2051 ἅνθρωπος
2704 1976 2781 2049 (d)
2799 1974 2980 2031 τοίνυν
3011 1974 3159 2041 ὅστις
3179 1975 3231 2031 ἐν
3260 1977 3407 2051 μέσῳ
3439 1976 3683 2049 ἐκτίσθη,

2039 2064 2344 2137 κατώτερος
2370 2062 2444 2117 ὢν
2473 2066 2572 2118 τοῦ
2601 2061 2859 2139 ἀγγέλου,
2891 2064 2982 2119 καὶ
3012 2064 3284 2139 ἀνώτερος
3311 2069 3409 2121 τοῦ
3448 2068 3682 2136 κτήνους

2040 2152 2234 2209 λοιπὸν
2269 2152 2538 2208 ἐπίκοινόν
2566 2173 2621 2209 τι
2650 2147 2767 2230 ἕχει
2800 2155 2936 2227 μετᾶ
2965 2157 3061 2208 τοῦ
3095 2153 3335 2227 ὑψηλοῦ,
3359 2155 3570 2228 ὁμοίιος
3594 2155 3684 2211 καὶ

2043 2243 2177 2316 μετὰ
2207 2246 2304 2298 τοῦ
2334 2240 2645 2310 ἐλάττονος,
2674 2244 2774 2312 τὴν
2804 2246 2901 2297 τοῦ
2943 2242 3253 2316 πνεύματος
3283 2239 3454 2311 δῆλον
3484 2245 3683 2308 ἅθαναο

2040 2331 2155 2386 σίαν
2190 2332 2324 2404 μετά
2351 2336 2450 2386 τοῦ
2482 2328 2742 2408 ὰγγέλου,
2770 2332 2864 2386 τὸν
2890 2327 2947 2385 δὲ
2965 2337 3068 2400 τῆς
3099 2331 3296 2406 σαρκὸς
3316 2332 3559 2401 θάνατον,
3585 2352 3685 2405 με-

2037 2422 2105 2476 τὰ
2135 2424 2233 2475 τοῦ
2262 2421 2522 2491 κτήνους⁸
2552 2421 2705 2478 876
2734 2415 2936 2484 ἕωςοῦ
2965 2421 3055 2475 καὶ
3089 2419 3220 2475 αὐτὸ
3248 2418 3312 2475 τὸ
3358 2419 3552 2491 θνητὸν
3584 2422 3682 2490 τῆς

2041 2511 2238 2585 σαρκὸς
2270 2512 2305 2579 ἡ
2339 2507 2467 2579 δόξα
2493 2516 2594 2579 τῆς
2632 2508 2970 2570 ἀναστάσεως
3016 2507 3363 2579 ἀθανατήσει.
3399 2508 3683 2585 Προσκολ-

2041 2598 2265 2672 λωμένη
2296 2598 2395 2673 γάρ
2424 2602 2505 2671 τῷ
2533 2598 2799 2672 πνεύματι
2846 2598 2882 2667 ἡ
2928 2597 3077 2674 σὰρξ,
3124 2597 3454 2676 συλάττεται
3486 2597 3560 2661 εἰς
3589 2599 3680 2655 τὸν

2040 2687 2232 2756 αἰῶνα,
2265 2684 2453 2755 ἐπειδὴ
2483 2686 2573 2741 καὶ
2603 2686 2735 2743 αὐτὸ
2763 2686 2826 2742 τὸ
2846 2690 3060 2760 πνεῦμα
3079 2683 3581 2761 προσκολλώμενον
3604 2692 3684 2761 τῷ

2040 2781 2155 2850 Θεῷ
2183 2774 2234 2832 ἒν
2264 2776 2413 2849 αὐτῷ
2434 2774 2783 2851 φυλάττεται.
2805 2776 2964 2839 Ὅθεν
2990 2771 3113 2830 οὐδὲ
3145 2773 3196 2830 ἰν
3219 2779 3336 2836 τοῖς
3362 2771 3686 2832 ἀποδεδοκι-

2045 2862 2340 2941 μασμένοις
2360 2867 2395 2936 ἡ
2416 2862 2551 2934 αἶ)τή
2579 2865 2705 2938 σὰρξ
2728 2864 2780 2919 ἐν
2796 2869 2915 2927 ταῖς
2938 2865 3194 2941 βασάνοις
3212 2863 3494 2928 παντελῶς
3512 2862 3688 2923 ἐκλεί-

2040 2956 2395 3012 πει.[ἰάντοτε
2415 2953 2518 3031 γὰρ
2537 2948 2819 3026 τηκομένη
2844 2950 3106 3025 διαμένει·
3125 2951 3219 3007 *ίνα
3241 2953 3294 3008 οἱ
3313 2957 3393 3026 τῷ
3416 2954 3681 3030 πνεύματι

2038 3047 2130 3101 καὶ
2154 3048 2223 3120 τῇ
2248 3045 2405 3119 σαρκὶ
2428 3045 2857 3120 ἀμαρτήσαντες,
2880 3043 3107 3100 πάντοτε
3125 3042 3178 3099 ἒν
3203 3041 3441 3119 διαμονῇ
3462 3050 3683 3116 ζῶντες,

1965 3124 2009 3191 (ἶ
2038 3138 2193 3212 σαρκὶ
2217 3136 2309 3192 καὶ
2341 3137 2612 3209 πνεύματι
2643 3136 2765 3190 ἄνευ
2796 3134 2990 3198 τέλους
3021 3133 3387 3201 ἀποθάνωσιν.

2112 3232 2154 3282 Π
2166 3229 2320 3285 ΕΤΡ.
2334 3228 2417 3300 Τῇ
2429 3229 2537 3280 τῶν
2552 3229 2758 3281 πιστῶν
2778 3224 3131 3302 πληροφορίᾳ
3149 3223 3437 3301 ἀρέσκουσι
3460 3229 3631 3284 πάντα
3653 3227 3687 3282 ἄ

2042 3314 2243 3393 λὲγεις,
2266 3313 2394 3371 ἀλλ’
2416 3312 2553 3371 αἷτῶ
2576 3334 2654 3386 σε,
2677 3313 2732 3370 ἰν
2753 3314 2865 3388 ’ὀσῳ
2883 3318 2993 3370 τῶν
3015 3315 3312 3391 ἀνθρώπων
3344 3320 3558 3388 πνεῦμα
3578 3314 3684 3370 ἀπὸ

2039 3410 2149 3460 τῶν
2178 3410 2389 3476 κτηνῶν
2418 3402 2653 3478 τοσαύτῃ
2686 3401 2961 3459 διαστάσει
2991 3400 3283 3480 διὲκρινας,
3305 3403 3357 3460 τί
3380 3403 3524 3460 ἐστιν
3553 3404 3684 3478 ὅπερ

2043 3495 2071 3549 6
2103 3492 2373 3569 Σολομὼν
2406 3492 2576 3569 λέγει’
2610 3492 2774 3551 Εἶπον
2806 3491 2858 3547 ἰν
2887 3497 2957 3567 τῇ
2988 3489 3183 3568 καρδίᾳ
3208 3514 3314 3567 μου
3332 3493 3457 3568 περί
3482 3490 3683 3556 λαλιᾶς

2039 3585 2172 3639 υἱῶν
2204 3583 2513 3659 ἀνθρώπου,
2565 3583 2649 3638 ὅτι
2703 3578 2967 3657 διακρινεῖ
2996 3580 3192 3644 αὐτοὺς
3222 3583 3251 3638 6
3284 3583 3436 3652 Θεὸς,
3462 3582 3553 3638 καὶ
3582 3585 3681 3638 τοῦ

2041 3669 2207 3743 δεῖξαι
2255 3671 2336 3726 ὅτι
2370 3670 2526 3727 αὐτοὶ
2556 3672 2729 3743 κτήνη
2781 3669 2909 3726 εἷ’σίο
2956 3670 3114 3749 καὶγε
3151 3670 3336 3735 αὐτοῖς
3369 3673 3683 3745 συνάντημα

2040 3763 2170 3817 υἱῶν
2201 3766 2299 3817 τοῦ
2331 3759 2638 3836 ἀνθρώπου,
2655 3759 2746 3815 καὶ
2770 3760 2991 3831 συνάντη
3003 3780 3078 3835 μα
3096 3764 3193 3816 τοῦ
3213 3762 3461 3831 κτήνους,
3486 3760 3680 3815 συνάν-

2036 3871 2102 3921 τη
2116 3870 2190 3922 μα
2220 3848 2273 3904 ἒν
2294 3855 2410 3911 τοῖς
2432 3853 2592 3904 πᾶσιν
2612 3847 2795 3911 αὐτοῖς
2813 3868 2828 3919 ;
2849 3849 3033 3911 Ὂστις
3056 3848 3238 3922 ἀκμὴν
3262 3854 3331 3923 τῇ
3355 3847 3492 3923 αὐτῇ
3514 3849 3682 3926 ψήφῳ

2038 3937 2125 3994 ἐπὶ
2158 3937 2363 3994 λεπτοῦ
2394 3936 2789 4009 ἐξακολουθων,
2821 3936 3168 4012 προτίθησιν*
3222 3937 3312 4001 Ὠς
3366 3938 3394 3993 6
3454 3937 3684 3999 θάνατος

2036 4027 2254 4100 τούτου,
2287 4027 2462 4089 οὕτως
2495 4027 2522 4081 6
2554 4026 2781 4089 θάνατος
2832 4026 3050 4094 τούτου,
3092 4027 3182 4082 καὶ
3230 4030 3443 4100 πνεῦμα
3482 4025 3534 4082 ἰν
3565 4032 3683 4090 τοῖς

2037 4123 2188 4172 πᾶσι*
2220 4117 2309 4172 καὶ
2336 4116 2391 4172 τὶ
2421 4135 2760 4191 περισσευσεν
2789 4116 2818 4170 6
2850 4116 3138 4191 ἄνθρωπος
3167 4118 3240 4189 (e)
3283 4115 3429 4190 παρὰ
3455 4117 3518 4171 τὸ
3548 4123 3684 4187 κτῆο

2034 4226 2126 4262 νος
2152 4225 2166 4276 ;
2199 4202 2384 4264 Οὐδὲν.
2422 4206 2523 4268 Οἷς
2553 4204 2735 4280 ἀκμήν
2766 4202 2958 4283 λόγοις
2988 4202 3288 4275 καθολικὴν
3319 4207 3504 4281 ψῆφον
3547 4205 3684 4261 ὑπο-

2035 4289 2230 4351 ϐάλλει
2260 4293 2458 4370 λέγων·
2490 4294 2617 4352 Ὅτι
2644 4293 2712 4349 τὰ
2741 4295 2916 4349 πάντα
2948 4294 3272 4368 ματαιότης,
3294 4295 3361 4350 τὰ
3382 4295 3553 4350 πάντα
3578 4315 3681 4351 πο-

2036 4385 2245 4460 ρεύεται
2278 4383 2354 4447 είς
2383 4380 2474 4438 ἕνα
2502 4382 2696 4453 τόπον,
2715 4382 2784 4438 τὰ
2811 4384 2985 4439 πάντα
3004 4382 3252 4458 ἐγένοντο
3276 4383 3381 4439 ἀπὸ
3402 4386 3500 4438 τοῦ
3520 4383 3680 4458 χοὸς,

1898 4528 1903 4533 ,
1958 4499 2005 4566 D
2033 4473 2124 4528 καὶ
2151 4472 2219 4528 τὰ
2249 4473 2418 4528 πάντα
2448 4468 2755 4548 ἐπιςτρίφει
2784 4470 2862 4534 εἲς
2890 4472 2983 4527 τὸν
3017 4474 3179 4550 χοῦν.

912 4563 1159 4622 CAPUT
1186 4565 1277 4624 ιν.

280 4658 349 4711 De
374 4655 675 4729 quastione
696 4656 1010 4729 saiomonis
1037 4669 1146 4729 qua
1174 4653 1381 4711 dicitur
1399 4672 1418 4709 :
1460 4653 1619 4712 Unus
1647 4655 1917 4713 interitus

636 4731 727 4784 est
754 4725 1015 4783 hominis
1040 4725 1097 4781 et
1117 4726 1548 4796 jumentorum.

340 4816 696 4875 Gemonias.
747 4813 1075 4871 Salomonis
1105 4813 1254 4871 liber
1280 4813 1340 4871 in
1372 4831 1485 4886 quo
1517 4814 1638 4872 haec
1696 4816 1916 4890 scripta

339 4942 413 5014 (α)
430 4942 491 4999 In
506 4940 681 5014 priori
694 4940 917 5014 Gemet.
940 4937 1080 5014 olim
1100 4937 1422 5014 legebatur,
1444 4939 1557 5012 ipse
1570 4942 1806 5013 spiritu:
1824 4944 1910 4999 in-

278 5009 523 5069 hermas
549 5017 814 5070 servatur
841 5013 901 5066 in
934 5010 1124 5083 Deum,
1146 5009 1377 5083 omissa
1415 5009 1806 5083 voce,'ca_rni.
1846 5017 1910 5071 In

278 5083 445 5141 altero
477 5099 611 5141 vero
643 5084 890 5149 Gemet.,
924 5081 1042 5152 ipse
1067 5080 1300 5152 spiritu:
1327 5090 1584 5138 servatur
1604 5080 1689 5139 in‘
1719 5086 1910 5142 Deum.

278 5153 497 5212 Graecus
528 5157 816 5225 interpres
836 5152 1066 5209 videtur
1084 5152 1456 5226 legisse.quia
1476 5158 1529 5209 et
1542 5156 1914 5226 ips_e_rpiritu;

275 5227 432 5283 irith
440 5226 584 5283 endo
596 5222 722 5293 Deo,
739 5225 797 5281 in
808 5241 869 5299 eo
881 5222 1239 5299 εεζυαιωθξπν
1248 5227 1304 5278 εῦ
1312 5222 1386 5296 μα
1410 5245 1449 5278 π
1455 5242 1515 5299 ρο
1522 5222 1909 5299 σκολλώμενον

273 5298 343 5367 τῷ
364 5301 500 5369 Θεῷ.
521 5300 801 5356 Caeterum
834 5297 908 5352 de
937 5296 1381 5369 Resurrectione
1396 5296 1625 5368 vitaque
1648 5296 1780 5368 post
1816 5318 1914 5357 re-

272 5366 679 5442 surrectionem
708 5370 832 5441 lege
854 5367 1223 5442 Apostolum,
1240 5366 1271 5442 AI
1295 5367 1423 5424 Cor.
1446 5366 1598 5442 me:
1622 5366 1909 5442 interpre-

272 5445 350 5496 tes
380 5443 437 5497 in
476 5441 586 5497 hoc
616 5438 813 5512 caput,
846 5438 1100 5512 maxime
1131 5439 1380 5512 Estium,
1407 5439 1503 5512 ubi
1537 5438 1909 5499 sanctos'Pa-

269 5515 403 5586 tres,
432 5512 531 5586 qui
560 5512 632 5570 de
687 5510 1112 5586 resurrectione
1142 5511 1370 5586 doctius
1394 5510 1773 5586 scripserunt,
1804 5517 1873 5571 ad
1885 5546 1911 5558 -

276 5580 465 5641 ductis
488 5585 754 5656 plurimis
782 5598 987 5656 eorum
1027 5580 1401 5656 testimoniis,
1434 5580 1654 5656 laudat.

334 5657 404 5725 (ὁ)
436 5652 723 5726 Beccens.,
755 5661 911 5714 tanta
944 5655 1282 5711 discretione
1309 5652 1653 5723 distinguas.

2670 4562 2928 4618 ΚΕΦΑΛ.
2970 4560 3045 4617 Δ’.

2265 4677 2392 4753 Περὶ
2420 4682 2516 4734 τοῦ
2549 4677 2719 4751 ῥητοῦ
2754 4679 2853 4731 τοῦ
2984 4674 3441 4745 Ἐκκλησιαστοῦ.

2095 4816 2224 4873 ΓΡΗ
2237 4814 2500 4872 ΓΟΡΙΟΣ.
2522 4812 2601 4870 Τὸ
2614 4815 2715 4867 τοῦ
2729 4808 3100 4885 Σολομῶντος
3120 4804 3362 4885 βιϐλίον,
3376 4809 3427 4865 ἐν
3444 4812 3488 4884 ᾧ
3502 4816 3674 4869 ταῦτα

2093 4942 2165 5012 (c)
2198 4941 2327 5009 M3,,
2360 4936 2714 5006 καλύπτεται,
2748 4935 2855 5012 οὐχ
2884 4934 3018 5010 ἅμα.

2093 5008 2170 5085 (ἆ)
2192 5008 2385 5071 Secuti
2402 5026 2608 5067 sumus
2626 5008 3124 5085 constructionem
3138 5011 3319 5085 149.19
3336 5008 3525 5085 Editis
3542 5026 3678 5085 vero

2024 5076 2263 5158 legitur,
2292 5102 2496 5158 τοινυν,
2527 5079 2834 5158 κατώτερος
2888 5076 2963 5135 ὢν
3007 5083 3105 5135 τοῦ
3158 5078 3393 5157 ἀγγέλου
3444 5077 3592 5144 ὅστις
3626 5080 3677 5137 ἰν

2025 5151 2172 5230 μέσῳ
2194 5151 2448 5230 εκτίσθη,
2474 5152 2567 5208 καὶ
2586 5151 2769 5230 Δἃνιιίνιέ.

2095 5178 2126 5209 σ
2201 5178 2443 5224 εκτισυη,
2474 5178 2567 5208 και
2598 5178 2769 5208 ανωτ.

2093 5178 2323 5308 (ἔξιθι,
2354 5224 2461 5308 ᾀπὸ
2495 5224 2767 5308 κτήνους
2795 5222 2917 5308 ,δίο
2947 5223 3214 5308 vitiatam
3248 5223 3676 5308 interpunctio-

2022 5296 2154 5356 ueni
2178 5297 2508 5355 invenimus
2531 5299 2589 5353 in
2611 5296 2866 5363 excusis,
2884 5297 3040 5366 unde
3066 5312 3281 5354 sensus
3304 5296 3672 5366 obscuritas;

2019 5369 2072 5427 le
2116 5372 2321 5428 ebatur
2349 5369 2507 5426 enim
2540 5385 2656 5424 una
2682 5367 2851 5438 serie,
2877 5363 3031 5422 οὐδὲν
3063 5367 3148 5428 οἷς
3179 5367 3387 5438 ἀκμήν.

2075 5387 2154 5511 ᾗ)
2188 5444 2274 5498 tta
2301 5440 2637 5511 legendum,
2668 5455 2805 5511 non,
2856 5436 3341 5511 ἐκκλησιαστικοῦ,
3375 5457 3387 5493 ι

2108 5443 2154 5514 Ῑ)
2188 5444 2274 5498 tta
2301 5440 2637 5514 legendum,
2668 5455 2805 5514 non,
2838 5435 3341 5514 ίέκκλησιοιστικὸῦ,
3369 5443 3439 5514 Διιι
3466 5435 3672 5514 βχουεί

2018 5507 2329 5587 exhibent;
2360 5507 2533 5587 paulo
2566 5513 2717 5587 infra
2745 5510 2981 5587 legitur,
3014 5507 3423 5582 ἐκκλησιαστὴς
3464 5507 3678 5562 htva-

2022 5583 2198 5656 μάσθη
2226 5602 2240 5651 ;
2275 5583 2430 5657 quod
2454 5583 2656 5642 statim
2687 5583 2994 5656 repetitur.
