4210 6160
468 300 586 359 327

1106 428 1368 483 ΚΕΦΔΛ.
1400 423 1483 480 Ε“.

440 556 447 571 ¹
550 557 679 632 Περὶ
708 559 893 629 ψυχῆς
931 552 1127 629 α’ἰφνης
1175 548 1234 605 ἐκ
1278 552 1375 604 τοῦ
1415 547 1667 621 σώματος
1697 544 2041 619 ἐξελθούσης.

549 680 833 736 ΠΕΤΡΟΣ.
857 673 1304 734 Τελεύτωντίτινι
1331 666 1760 749 ἁδελφῷσυνέϐη
1783 670 2021 747 παρόντα
2045 688 2113 741 με

476 769 647 825 ἐκεῖσε
668 767 971 843 εὑρεθῆναι.
993 767 1182 827 Ὅστις
1204 762 1256 819 ἐν
1277 763 1391 835 ’ὀσῳ
1412 760 1622 829 ἐλάλει,
1642 758 1841 838 αἴφνης
1863 761 1925 815 τὸ
1949 764 2115 829 ζωτιο

474 944 676 1002 λοῦντα
708 944 990 1021 ἐθεώρουν,
1018 942 1166 1020 ἄφνω
1195 940 1523 1017 νεκρωθέντα
1548 940 1875 1012 ἐθεασάμην.
1908 940 2026 1008 Τὴν
2059 936 2118 992 δὲ

470 1034 672 1091 τούτου
704 1036 890 1112 ψυχήν
919 1032 1027 1089 ε’ἰτε
1056 1031 1297 1106 ἐξῆλθεν,
1330 1034 1405 1104 (a)
1436 1029 1542 1085 ε’ἰτε
1595 1028 1817 1099 ἐξῆλθεν
1848 1024 1979 1082 ΐδεῖν
2014 1024 2119 1081 οὑκ

477 1122 778 1195 ἠδυνήθην.
804 1122 902 1177 Καὶ
925 1118 1129 1199 σφόδρα
1154 1118 1422 1176 δύσκολον
1444 1117 1687 1195 φαίνεται
1706 1120 1804 1172 τοῦ
1824 1117 2116 1185 πιστευθῆ-

473 1235 558 1269 ναι
593 1213 858 1288 ὑπάρχειν
888 1216 1133 1288 πρᾶγμα,
1165 1209 1298 1286 ὅπερ
1344 1205 1521 1270 οὐδεὶς
1569 1204 1787 1263 δύναται
1821 1207 2113 1282 θεωρῆσαι.

546 1302 833 1356 ΓΡΠΓΟΡ.
857 1297 923 1356 Τί
957 1309 1289 1370 θαυμαστον,
1319 1293 1505 1370 Πέτρε,
1524 1292 1612 1349 ἐὰν
1633 1291 1928 1370 ἐξερχομὲν
1941 1315 1999 1363 qv
2018 1293 2116 1361 τὴν

470 1391 657 1468 ψυχὴν
691 1388 794 1443 οὐκ
822 1385 1041 1457 ἐθεάσω,
1062 1385 1232 1458 ἤνπερ
1265 1382 1390 1440 οὑδὲ
1420 1382 1472 1438 ἐν
1499 1381 1579 1455 τῷ
1608 1383 1822 1455 σώματι
1856 1382 2117 1455 μένουσαν

474 1477 760 1542 θεάσασθαι
792 1472 1011 1531 δύνασαι
1037 1492 1051 1543 ;
1088 1476 1173 1545 Μή
1200 1474 1304 1550 γὰρ
1327 1472 1528 1547 ἀρτίως
1550 1471 1601 1526 ἐν
1626 1472 1671 1543 ᾧ
1696 1472 1811 1544 μετ’
1832 1469 1969 1545 ἐμοῦ
1992 1491 2118 1525 σον-

473 1568 780 1644 τυγχάνεις,
814 1568 897 1622 ὅτι
946 1567 1046 1636 τήν
1079 1566 1264 1640 ψυχήν
1319 1584 1425 1638 μου
1475 1564 1747 1639 θεωρῆσαι
1779 1562 1841 1617 οὑ
1874 1558 2114 1632 δύνασαι,

475 1655 686 1730 ἄψυχον
720 1654 854 1710 εἶναί
909 1674 978 1728 με
1005 1653 1275 1716 πιστεύεις
1303 1671 1316 1720 ;
1365 1654 1435 1708 Ἠ
1483 1649 1574 1707 οὖν
1608 1657 1710 1721 τῆς
1742 1654 1928 1726 ψυχῆς
1959 1651 2117 1730 φύσις

471 1744 784 1818 ἀθεώρητος
815 1742 1070 1817 ὑπάρχει,
1092 1740 1232 1797 ὥστε
1253 1738 1341 1796 καί
1374 1738 1426 1795 ἐν
1453 1743 1552 1795 τοῦ
1583 1741 1836 1813 σώματος
1860 1740 1937 1812 (b)
1955 1739 2121 1814 ἀορά-

470 1854 582 1895 τως
611 1830 909 1907 ἐξέρχεται,
938 1831 1117 1896 καθὼς
1143 1831 1232 1886 καὶ
1263 1828 1317 1885 ἒν
1346 1833 1425 1901 τῷ
1455 1829 1669 1903 σώματι
1709 1826 1865 1897 οὖσα,
1896 1825 2122 1892 ἀθέατος

477 1919 740 1995 διαμένει.

1120 2009 1475 2071 ΚΕΦΑΛ.ξ.

728 2118 854 2192 Περὶ
885 2120 1071 2193 ψυχῆς
1119 2116 1209 2171 καὶ
1261 2116 1517 2188 σώματος
1545 2119 1653 2170 τῶν
1683 2113 1867 2189 ἁγίων.

546 2247 838 2304 ΠΕΤΡΟΣ.
873 2241 1053 2302 Ἀλλὰ
1077 2244 1177 2313 τὴν
1213 2243 1359 2313 ζωὴν
1378 2254 1477 2312 τῆς
1500 2246 1687 2318 ψυχῆς
1713 2239 1765 2297 ἐν
1790 2247 1871 2315 τῷ
1903 2242 2118 2315 σώματι

478 2334 769 2409 μενούσης,
801 2332 1036 2407 δύναμαι
1067 2332 1275 2388 εἰκάσαι
1306 2331 1357 2403 ἐξ
1388 2331 1567 2387 αὑτῶν
1604 2335 1712 2386 τῶν
1738 2334 1835 2385 τοῦ
1865 2331 2121 2403 σώματος

472 2425 813 2497 κινημάτων.
846 2423 909 2479 Εἰ
943 2425 1018 2497 μὴ
1050 2422 1152 2499 γάρ
1182 2427 1358 2497 παρῆν
1407 2424 1487 2494 τῷ
1530 2421 1741 2493 σώματι
1772 2421 1808 2490 ἢ
1840 2420 2017 2498 ψυχὴ,
2048 2419 2118 2473 τά

482 2511 623 2585 μέλη
647 2516 743 2567 τοῦ
766 2512 930 2566 αὑτοῦ
956 2511 1209 2584 σώματος
1248 2515 1507 2574 κινεῖσθαι
1530 2507 1628 2565 οὐκ
1656 2506 1940 2579 ἠδύναντο.
1964 2508 2117 2577 Ζωῆν

473 2597 531 2655 δὲ
561 2604 747 2676 ψυχῆς
780 2601 914 2672 μετὰ
936 2600 1035 2668 τήν
1057 2597 1117 2655 ἔκ
1136 2605 1235 2669 τῆς
1267 2598 1463 2676 σαρκὸς
1495 2592 1700 2670 ἔξοδον,
1732 2596 1783 2652 ἐν
1815 2597 1997 2660 ποίοις
2027 2618 2116 2652 κι-

476 2694 540 2762 νὴ
554 2712 739 2765 μασιν,
761 2692 796 2762 ἦ
821 2688 873 2745 ἒν
897 2691 1079 2752 ποίοις
1110 2683 1287 2763 ἔργοις
1310 2689 1519 2763 θεωρῶ,
1537 2685 1632 2742 ’ίνα
1650 2685 1710 2742 ἐκ
1737 2692 1843 2743 τῶν
1877 2698 2113 2763 θεωρου-

476 2780 648 2856 μὲνων
667 2781 1001 2855 πραγμάτων
1028 2778 1294 2855 ὑπάρχειν
1317 2777 1657 2849 κατανοήσω,
1681 2777 1815 2852 ἅπερ
1840 2782 2113 2852 θεωρῆσαι

472 2872 535 2926 οὐ
567 2868 799 2942 δύναμαι
826 2886 841 2938 ;

538 2958 823 3015 ΓΡΗΓΟΡ.
843 2956 968 3032 Οὐχ
988 2956 1169 3031 ὥσπερ
1200 2957 1235 3026 ἡ
1270 2952 1497 3028 δύναμις
1522 2957 1620 3025 τῆς
1641 2956 1828 3031 ψυχῆς
1850 2959 2116 3025 ζωοποιεῖ

469 3047 557 3104 καὶ
583 3051 724 3102 κινεῖ
752 3048 813 3101 τὸ
856 3049 1035 3119 σῶμα,
1069 3046 1213 3100 οὕτω
1260 3043 1351 3100 καὶ
1398 3046 1434 3114 ἡ
1487 3043 1601 3099 θεία
1649 3041 1874 3117 δύναμις
1906 3042 2117 3119 πληροῖ

1668 288 1942 352 SANC'l‘l
1986 284 2355 351 GREGORII
2401 283 2644 346 MAGNI

2143 422 2195 488 Α

2152 1791 2201 1857 Β

3749 282 3868 345 328

2877 417 3115 475 CAPUT
3145 416 3214 475 V.

2226 512 2307 564 De
2334 507 2615 579 questions
2639 505 3237 583 animaginuisibiliter
3266 510 3539 577 exeuntis,
3562 524 3635 564 an
3657 511 3731 566 sit
3748 526 3867 583 quae

2778 578 2960 635 videri
2988 595 3097 635 non
3118 584 3317 651 potest.

2297 668 2536 725 Ps'rnus.
2567 667 2833 732 Quodam
2864 667 3040 723 tratre
3066 666 3351 725 moriente
3403 676 3747 738 pmsentem
3779 686 3875 727 me

2226 755 2409 813 fuisse
2436 756 2703 830 contigit.
2726 755 2834 823 Qui
2857 762 3090 828 repente
3110 756 3253 812 dum
3276 756 3873 829 loqueretur,vitalem

2224 846 2425 902 emisit
2445 845 2670 913 ﬂatum;
2684 850 2743 901 et
2755 860 2927 918 quem
2946 845 3107 917 prius
3120 860 3350 903 mecum
3368 847 3697 917 loquentem
3712 848 3872 904 vide-

2226 936 2386 1007 bam,
2418 935 2608 991 subito
2630 935 2955 991 extinctum
2986 935 3124 991 vidi.
3147 936 3259 991 Sed
3281 936 3410 1007 ejus
3438 936 3634 993 anima
3664 940 3865 993 utrum

2224 1040 2456 1098 egressa
2502 1025 2600 1093 sit,
2649 1041 2723 1080 an
2768 1040 2907 1095 non,
2959 1040 3075 1081 non
3130 1023 3288 1092 vidi;
3338 1028 3398 1080 et
3446 1024 3615 1082 valde
3659 1026 3875 1082 durum

2224 1116 2451 1172 videtur
2473 1118 2535 1170 ut
2551 1115 2923 1172 credaturres
2946 1130 3095 1181 esse,
3119 1130 3295 1187 quam
3322 1113 3522 1171 nullus
3544 1115 3733 1172 valeat
3772 1117 3864 1172 vi-

2228 1203 2385 1261 dere.

2298 1293 2555 1350 Gasnon.
2588 1292 2735 1360 Quid
2769 1292 3006 1359 mirum,
3038 1293 3221 1361 Pelre,
3250 1294 3300 1351 si
3329 1294 3722 1367 egredientem
3754 1294 3885 1350 ani-

2227 1399 2385 1440 mam
2411 1400 2524 1440 non
2548 1383 2770 1451 vidisti,
2786 1399 2966 1456 quam
2979 1387 3036 1440 et
3058 1389 3393 1440 manentem
3415 1382 3475 1440 in
3496 1400 3734 1456 corpore
3756 1399 3877 1440 non

2226 1473 2419 1530 vides?
2445 1472 2859 1544 Nunquidnam
2893 1473 3060 1528 modo
3073 1489 3206 1529 cum
3222 1487 3447 1530 mecum
3468 1473 3883 1545 loquerisquia

2226 1564 2417 1620 videre
2445 1563 2504 1619 in
2539 1578 2632 1619 me
2662 1579 2780 1620 non
2805 1562 2959 1619 vales
2988 1563 3244 1620 animam
3286 1577 3497 1631 meam,
3529 1561 3747 1620 idcirco
3780 1579 3879 1619 me

2228 1653 2695 1712 esseexanimem
2717 1653 2940 1711 credis?
2962 1653 3178 1710 Natura
3203 1654 3419 1727 quippe
3440 1653 3649 1710 animos
3664 1653 3877 1709 invisi-

2230 1742 2365 1800 bilis
2394 1748 2683 1815 est,atque
2712 1743 2794 1799 ita
2813 1758 2881 1800 ex
2903 1759 3144 1815 corpore
3163 1743 3534 1801 invisibiliter
3551 1742 3875 1816 egreditur,

2231 1833 2385 1890 sicut
2413 1832 2472 1889 in
2502 1847 2742 1904 corpore
2772 1831 3141 1889 invisibiliter
3170 1837 3387 1890 manet.

2867 1920 3097 1979 CAPUT
3142 1920 3236 1978 Vl.

2231 2012 2387 2082 Quod
2401 2011 2515 2069 vita
2532 2013 2741 2070 anima:
2758 2009 3038 2067 manentis
3053 2012 3112 2066 in
3122 2013 3496 2082 corporesicut
3513 2009 3853 2082 deprehendi
3860 2041 3884 2054 -

2301 2093 2395 2140 tur
2412 2100 2483 2140 ex
2501 2093 2652 2155 metu
2670 2090 3065 2155 membrorum,
3085 2083 3166 2138 sic
3185 2084 3297 2138 vita
3316 2082 3526 2155 anima
3543 2086 3661 2155 post
3679 2098 3882 2155 corpus

2300 2157 2358 2210 in
2389 2154 2604 2211 sanctis
2631 2153 2921 2227 pensanda
2948 2162 3031 2210 est
3057 2170 3128 2209 ex
3157 2156 3355 2210 virtute
3385 2152 3798 2210 miraculorum.

2300 2244 2547 2300 Pramus.
2580 2244 2687 2299 Sed
2720 2243 2792 2315 (ε)
2809 2242 2986 2298 vitam
3009 2243 3215 2298 animos
3240 2242 3295 2297 in
3319 2259 3557 2315 corpore
3580 2243 3879 2300 manentis

2229 2349 2476 2406 pensare
2497 2348 2734 2405 possum
2763 2348 2832 2387 ex
2852 2332 2995 2404 ipsis
3018 2331 3274 2387 motibus
3296 2331 3571 2403 corporis,
3596 2332 3733 2405 quia
3757 2332 3875 2389 nisi

2228 2423 2453 2494 corpori
2481 2420 2675 2477 animo
2708 2422 2955 2491 adesset,
2987 2420 3248 2491 ejusdem
3300 2421 3565 2477 membra
3613 2421 3877 2494 corporis

2229 2510 2445 2567 moveri
2471 2527 2584 2567 non
2608 2517 2864 2583 possent;
2885 2510 3059 2565 vitam
3084 2525 3217 2566 vero
3250 2510 3460 2566 animos
3482 2514 3614 2582 post
3635 2526 3877 2567 carnem

2227 2600 2287 2655 in
2308 2599 2525 2671 quibus
2562 2598 3117 2673 motibusquibusve
3138 2599 3406 2670 operibus
3421 2599 3676 2667 video,ut
3694 2616 3764 2656 ex
3781 2615 3875 2656 re-

2223 2690 2332 2746 bus
2363 2689 2502 2747 visis
2531 2705 2661 2747 esse
2690 2688 2960 2762 colligam
2997 2688 3148 2763 quod
3182 2688 3373 2746 videre
3415 2706 3529 2745 non
3574 2705 3821 2761 possum
3848 2689 3879 2744 τ

2297 2959 2683 3016 ancon.Nou
2714 2961 2785 3031 (ί)
2814 2958 3047 3032 quidem
3071 2957 3359 3028 similiter,
3382 2958 3479 3015 sed
3503 2957 3878 3016 dissimiliter

2229 3048 2379 3118 dico,
2396 3049 2534 3121 quia
2554 3048 2707 3106 sicut
2724 3048 2812 3104 vis
2833 3048 3041 3104 animus
3062 3047 3315 3104 viviﬁcat
3337 3052 3395 3104 et
3421 3055 3610 3105 movet
3631 3064 3874 3120 corpus,

468 3137 644 3193 πάντα
671 3134 804 3210 ἅπερ
836 3130 1060 3204 ἔκτισεν,
1092 3132 1240 3189 ἀλλὰ
1267 3134 1357 3189 καὶ
1399 3131 1703 3208 ἒμπνὲουσα
1736 3138 1980 3203 ζωποιεϊ.
2012 3133 2113 3188 Καὶ

2237 3138 2310 3195 sic
2325 3139 2411 3195 vis
2440 3136 2994 3209 divinaimpletqum
3020 3136 3459 3206 creavitomnia;
3479 3136 3661 3194 etalia
3681 3137 3878 3209 inspi-

468 3231 585 3288 τοῖς
617 3225 711 3299 μὲν
743 3222 993 3299 παρέχει,
1023 3222 1113 3277 ἳνα
1145 3225 1375 3294 ζήσωσι,
1396 3227 1514 3287 τοῖς
1544 3219 1621 3292 δὲ,
1652 3222 1715 3277 τὸ
1742 3220 1872 3277 εἶναι
1897 3221 1984 3277 καὶ
2009 3221 2112 3296 μό-

468 3336 583 3373 νον.
617 3315 723 3372 Τὸν
757 3311 849 3368 οὖν
890 3313 1016 3369 θεὸν
1036 3312 1266 3388 ἀόρατον
1284 3312 1374 3367 καὶ
1396 3311 1804 3389 ἀπερίγραπτον
1840 3311 2109 3387 ὑπάρχειν

465 3403 526 3460 ού
552 3401 839 3473 διστάζεις,
870 3400 1124 3471 κοίζοντα
1152 3401 1240 3456 καὶ
1273 3400 1657 3475 ποιμαίνοντα,
1681 3399 1792 3471 πλη
1804 3404 1999 3475 ροῦντα
2019 3401 2109 3457 καὶ

464 3489 810 3567 περιέποντα,
838 3483 1222 3563 ὑπερϐαίνοντα
1242 3489 1332 3544 καὶ
1356 3485 1697 3562 διαμένοντα.
1724 3488 1839 3546 Οὐκ
1867 3488 2112 3568 ὀφείλεις

466 3581 558 3637 οὖν
589 3578 832 3635 διστάσαι
860 3583 1051 3634 τοῦτον
1098 3579 1186 3634 καὶ
1236 3578 1499 3652 ἀοράτους
1550 3575 1900 3654 λειτουργοὺς
1940 3573 2108 3655 ἔχειν,

467 3676 708 3746 Ἔπρεπε
734 3668 835 3745 γᾶδ
892 3667 1019 3731 τοὺς
1074 3667 1225 3738 αὐτῷ
1285 3663 1671 3728 διακονοῦντας
1711 3666 1788 3731 εἷς
1815 3669 1915 3737 τήν
1946 3668 2112 3724 αὐτοῦ

468 3760 732 3833 ὁμοίωσιν
765 3757 1189 3833 παραταθῆναι,
1220 3756 1375 3827 ᾧτινι
1423 3754 1514 3810 καὶ
1555 3752 1919 3812 διακονοῦσιν.
1953 3760 2115 3813 ’Ὥστε

465 3848 532 3904 τὰ
551 3853 629 3920 τῷ
648 3846 867 3922 ἀοράτῳ
884 3843 1230 3912 δουλεύοντα,
1254 3843 1457 3918 ἀόρατα
1478 3844 1616 3899 εἶναι
1643 3845 1719 3917 μή
1745 3842 2113 3916 ἀπιστηθῶσι.

466 3940 645 3996 Ταῦτα
672 3933 729 3991 δὲ
760 3941 889 3990 ποῖα
919 3936 1055 3989 εἷναι
1085 3932 1435 4007 πιστεύομεν,
1458 3931 1510 3988 εἶ’
1531 3933 1606 4006 μὴ
1638 3933 1767 3995 τοὺς
1800 3932 1987 4007 αγίους
2019 3934 2115 4011 ἀγα

465 4024 682 4101 γὲλους,
715 4025 866 4081 382
897 4021 986 4077 καὶ
1006 4023 1073 4077 τὰ
1102 4026 1210 4078 τῶν
1245 4017 1466 4076 δικαίων
1498 4021 1799 4095 πνεύματα,
1819 4020 1960 4079 ὥστε
1987 4021 2116 4078 λοι-

469 4115 573 4169 πὸν
593 4112 831 4188 καθάπερ
850 4114 947 4182 τὴν
978 4116 1064 4167 τοῦ
1086 4113 1340 4186 σώματος
1362 4112 1576 4182 κίνησιν
1595 4112 1993 4180 κατανοῶν,τῆν
2016 4115 2116 4178 τῆς

474 4208 659 4278 ψυχῆς
686 4204 829 4273 ζωὴν
862 4200 913 4256 ἐν
941 4205 1020 4274 τῷ
1054 4200 1264 4274 σώματι
1300 4201 1476 4274 μὲνειν
1498 4200 1747 4272 εἰκάζεις,
1772 4200 1945 4264 οὕτως
1969 4202 2117 4277 ὀφεί-

473 4296 587 4358 λεις
620 4296 725 4351 ἀπὸ
753 4298 851 4349 τοῦ
885 4297 1082 4369 μικροῦ
1110 4292 1201 4348 καὶ
1250 4293 1312 4347 τὸ
1363 4290 1573 4367 ὑψηλὸν
1606 4291 1835 4350 εἰκάσαι.
1866 4294 1986 4352 *Οτι
2016 4295 2108 4350 καὶ

470 4382 801 4462 ἓξερχομὲνη
832 4387 929 4438 τοῦ
962 4383 1217 4456 σώματος
1245 4382 1280 4451 ἡ
1313 4381 1467 4455 ψυχὴ
1501 4385 1661 4450 ζῆσαι
1693 4376 1910 4437 δύναται
1941 4380 2113 4457 ἆωρά-

468 4494 600 4544 τως,
629 4474 701 4545 (c)
733 4469 801 4542 ἤν
834 4468 953 4527 δέον
982 4468 1124 4526 ἔστιν
1179 4468 1256 4533 είς
1306 4469 1406 4539 τὴν
1453 4472 1551 4524 τοῦ
1603 4467 1838 4545 ἀοράτου
1892 4470 2110 4528 κτίστου

474 4561 819 4641 λειτουργίαν
852 4559 1141 4633 διαμεῖναι,

544 4655 751 4711 DETP.
785 4653 991 4727 Ὀρθῶς
1023 4650 1231 4708 ἅπαντα
1263 4653 1351 4726 (d)
1383 4649 1718 4728 ἀρέσκονται.
1747 4648 1906 4709 Ἀλλ’
1934 4650 1963 4705 ὁ
1988 4654 2111 4716 νοῦς

475 4742 788 4819 ἀποφεύγει,
822 4741 955 4819 ὅπερ
987 4746 1101 4805 τοῖς
1127 4745 1465 4816 σωματικοῖς
1497 4738 1808 4816 ὀφθαλμοῖς
1839 4747 2113 4816 θεωρῆσαι

470 4830 532 4888 ού
565 4830 804 4889 δύναται.

2142 4539 2192 4605 D

538 5030 617 5115 (ᾳ)
651 5028 751 5087 ilic
779 5028 1136 5087 restituimus
1164 5028 1358 5086 adhuc
1388 5026 1500 5086 tria
1527 5027 1702 5085 verba
1760 5028 1818 5085 in
1877 5029 2117 5092 Excusis

472 5118 715 5159 ΟῙΠῙΒΒΟ..

572 5174 624 5242 b)
654 5176 741 5231 Ita
770 5172 882 5234 Ms.
917 5172 1148 5241 Excusi,
1182 5172 1431 5247 ἀόρατος.

566 5261 595 5300 c
650 5246 780 5310 Ms..
812 5243 847 5314 ἢ
956 5246 991 5313 ἡ
1027 5242 1103 5306 είς
1134 5245 1259 5312 τήν.

607 5319 624 5385 )
654 5318 741 5373 Ita
770 5262 1040 5383 Μιῖάη
1074 5314 1431 5385 εὑρίσκονται.

566 5245 617 5314 c)
650 5246 780 5310 Ms..
812 5243 847 5314 ἢ
877 5246 991 5314 χρὴ
1027 5242 1103 5306 είς
1134 5242 1259 5312 τήνζ

607 5262 617 5315 t
650 5262 780 5310 ωε..
812 5262 847 5314 η
877 5262 991 5373 ’Ἔτι
1027 5262 1103 5306 εις
1134 5262 1259 5312 την.

607 5318 741 5391 λιιι
770 5317 882 5391 Μθξ
958 5317 1052 5391 δ”.
1070 5314 1434 5391 εὑρίσκοὶτειτ

543 5385 615 5460 (ε)
640 5387 1003 5462 ln‘plur‘imis
1034 5385 1171 5462 Mss.
1207 5393 1262 5442 et
1278 5385 1474 5462 rEditis
1512 5387 1687 5462 caput
1712 5386 1744 5440 0
1774 5401 1888 5443 non
1918 5387 2122 5461 incipit

475 5458 597 5528 hic,
624 5458 829 5517 sed'ad
861 5458 984 5516 hanc
1021 5459 1225 5513 verba:
1257 5460 1378 5512 Hae
1404 5459 1462 5512 in
1486 5473 1552 5528 ire
1579 5458 1632 5512 si
1652 5471 1745 5528 eor
1771 5458 2048 5528 paratum,

541 5534 609 5602 (Ι)
640 5530 874 5598 Excusi,
904 5534 1113 5604 contra
1159 5527 1307 5604 Mss.
1348 5527 1626 5604 Anglic.,_
1657 5527 1952 5599 Norman.,
1983 5536 2073 5589 etc
2104 5574 2120 5604 ,

468 5597 672 5675 fidem,
699 5618 811 5675 non
841 5597 1065 5675 quidem
1091 5597 1392 5675 subtiliter,
1424 5597 1519 5655 sed
1548 5601 1796 5675 solerter.
1878 5673 1903 5675 ι
1940 5597 1946 5599 ’
2009 5604 2020 5614 ’

542 5674 617 5749 (9)
649 5668 882 5730 Primu's
903 5672 1137 5728 Carnot.
1165 5675 1222 5728 et
1240 5668 1454 5726 tertius
1474 5685 1613 5727 cum
1645 5673 1837 5742 primo
1864 5673 2114 5748 Gsmet.,

2227 3227 2408 3283 rando
2438 3227 2710 3295 viviﬁcat,
2735 3224 2866 3283 aliis
2899 3225 3099 3283 tribuit
3128 3230 3192 3282 ut
3211 3226 3427 3294 vivant,
3449 3225 3579 3283 aliis
3608 3243 3741 3283 vero
3764 3226 3881 3283 hoc

2225 3316 2590 3373 solummodo
2623 3321 2858 3388 prestat
2897 3320 2960 3371 ut
3002 3316 3140 3372 sint.
3196 3314 3343 3380 Quia
3389 3331 3524 3372 vero
3571 3332 3697 3372 esse
3750 3333 3876 3372 non

2224 3405 2453 3463 dubitas
2467 3414 2754 3462 creantem
2773 3411 2830 3462 et
2843 3408 3155 3477 regentem,
3180 3405 3521 3479 implentem
3543 3411 3601 3462 et
3620 3404 3878 3462 circum-

2226 3494 2597 3568 plectentem,
2628 3493 3135 3551 transcendentem
3168 3502 3222 3550 et
3251 3493 3658 3563 sustinentem,
3687 3493 3879 3549 ineir-

2226 3583 2643 3655 cumscriptum
2674 3588 2848 3655 atque
2878 3582 3222 3640 invisibilem
3256 3588 3463 3652 Deum,
3496 3582 3577 3639 ita
3606 3582 3882 3639 dubitare

2228 3688 2342 3727 non
2368 3671 2544 3728 debes
2565 3671 2721 3726 hunc
2739 3669 3054 3726 invisibilia
3082 3670 3362 3743 obsequia
3384 3671 3616 3727 habere.
3645 3670 3885 3727 Debent

2228 3761 2522 3833 quippeea
2541 3777 2670 3832 qua
2685 3758 3023 3816 ministrant
3045 3760 3117 3815 ad
3132 3760 3258 3831 ejus
3270 3759 3721 3816 similitudinem
3739 3762 3884 3816 ten-

2227 3850 2360 3905 dere
2380 3850 2475 3904 cui
2507 3847 2864 3917 ministrant,
2899 3852 2963 3902 ut
2988 3863 3120 3919 qua:
3148 3846 3431 3903 invisibili
3452 3848 3885 3916 serviunt,esse

2226 3937 2547 3995 invisibilia
2574 3953 2688 3993 non
2720 3936 3083 3993 dubitentur.
3135 3936 3266 3993 Hac
3314 3940 3511 3992 autem
3560 3953 3689 4008 quae
3738 3952 3877 3993 esse

2225 4028 2540 4093 credimus,
2560 4024 2674 4082 nisi
2703 4029 2936 4083 sanctos
2957 4023 3217 4099 angelos,
3235 4024 3378 4082 88]
3410 4030 3467 4082 et
3487 4026 3731 4098 spiritus
3744 4028 3889 4097 jus-

2228 4115 2450 4174 torum?
2495 4116 2661 4174 Sicut
2688 4132 2822 4188 ergo
2872 4120 3097 4173 motum
3156 4116 3533 4172 considerans
3589 4115 3886 4187 corporis,

2225 4206 2407 4261 vitam
2439 4204 2649 4261 animas
2678 4204 2735 4260 in
2769 4220 3009 4276 corpore
3041 4204 3327 4261 manentis
3358 4206 3436 4275 (ο)
3469 4204 3779 4276 perpendis
3802 4204 3887 4260 ab

2224 4294 2367 4363 imo,
2390 4293 2471 4350 ita
2490 4294 2669 4350 vitam
2692 4292 2897 4349 animus
2912 4293 3181 4350 exeuntis
3203 4310 3238 4350 a
3257 4309 3495 4365 corpore
3514 4292 3891 4365 perpendere

2223 4384 2400 4441 debes
2429 4401 2464 4439 a
2493 4398 2747 4449 summo,
2798 4383 2938 4455 quia
2987 4386 3178 4455 potest
3227 4382 3603 4439 invisibiliter
3649 4383 3883 4449 vivere,

2223 4490 2399 4547 quam
2430 4474 2740 4548 oportetin
2762 4473 3040 4545 obsequio
3062 4472 3369 4531 invisibilis
3398 4471 3724 4530 Conditoris
3749 4488 3893 4529 ma-

2225 4581 2382 4623 DBI'B.

2293 4653 2463 4711 Pam.
2488 4656 2659 4712 Recte
2679 4659 2858 4711 totum
2884 4652 3117 4723 dicitur,
3141 4653 3242 4710 sed
3266 4670 3433 4711 mens
3453 4650 3663 4726 refugit
3682 4651 3900 4710 crede-

2225 4758 2308 4815 re,
2330 4744 2485 4817 quod
2517 4744 2811 4817 corporeis
2840 4743 3027 4802 oculis
3058 4743 3138 4817 (h)
3171 4759 3288 4801 non
3315 4743 3470 4800 valet
3507 4742 3722 4799 videre.

2224 5031 2511 5107 perpendis
2532 5032 2740 5102 animo,
2770 5030 2859 5087 vel
2883 5030 2945 5087 in
2966 5029 3176 5088 animo.
3202 5028 3362 5087 Alter
3381 5032 3626 5101 Gemet.,
3648 5045 3683 5085 α
3703 5033 3904 5089 mini-

2225 5121 2338 5160 mo.

2298 5173 3091 5248 (h)Excusi,nouuatetvideri;
3107 5173 3319 5248 legitur
3332 5172 3584 5248 viderem
3597 5173 3905 5248 omnibus

2228 5243 2451 5313 nam,
2480 5246 2670 5303 tribus
2698 5247 2951 5312 Carnot.,
2983 5243 3435 5313 duobfTbeod"
3466 5243 3572 5301 Val
3592 5244 3709 5316 CL,
3741 5250 3908 5316 διελς

2231 5318 2390 5374 solus
2419 5319 2690 5374 German.
2723 5316 2913 5373 habet
2939 5317 3136 5373 uideri.
3159 5317 3359 5388 Neque
3386 5331 3521 5372 vero
3551 5315 3913 5388 absurdum

2233 5393 2322 5444 est
2350 5390 2543 5446 dicere
2569 5387 2828 5445 animam
2847 5403 2947 5445 seu
2972 5394 3226 5445 mentem
3250 5387 3542 5455 corporeis
3556 5387 3917 5455 oculis,boc

2235 5465 2321 5517 est
2349 5476 2453 5534 per
2479 5459 2696 5528 oculos,
2730 5460 2939 5528 videre,
2964 5476 3097 5516 cum
3125 5460 3252 5530 ipsa
3273 5458 3447 5531 vulgo
3463 5458 3738 5515 credatur
3753 5475 3915 5534 om-

2236 5532 2674 5603 nes'corporum
2708 5535 2903 5603 motus
2934 5547 3037 5602 per
3062 5547 3281 5603 organa
3310 5546 3584 5603 corporea
3616 5532 3917 5603 exsequi.

2234 5608 2397 5675 Hanc
2434 5601 2563 5659 esse
2609 5601 2868 5675 Gregorii
2900 5601 3224 5659 doctrinam
3267 5618 3335 5659 ex
3385 5601 3924 5674 consequentibus

2239 5674 2611 5732 manifestum
2643 5679 2751 5731 est.
