4210 6160
187 263 292 328 329

1427 261 1551 322 DIA
1565 255 1939 322 LOGORUM
1984 261 2220 321 LIBER
2261 257 2364 320 IV.

3479 275 3600 339 330

255 402 516 453 Gnaeos.
541 398 683 454 Cum
711 396 920 452 Paulus
944 394 1102 451 dicat
1131 411 1144 448 :
1171 395 1261 449 Est
1289 396 1438 449 enim
1461 394 1591 461 ﬁdes
1603 409 1834 464 speran-

2024 393 2406 448 ΓΡῘΙΓΟΡ.Ἑν
2427 397 2502 464 τῷ
2517 393 2608 448 τὸν
2634 416 2905 470 μακαριον
2930 396 3350 478 Παῦλονλέγειν
3375 401 3456 457 ὅτι
3483 401 3593 458 ἐστὶ

180 488 379 544 daru-n
408 487 722 544 substantia
758 503 975 548 rerum,
1004 492 1404 554 argumentum
1433 501 1545 539 non
1576 499 1846 554 appar-en.

181 580 320 632 tium
348 578 539 648 (Hebr.
570 595 648 643 xi,
681 576 753 648 l),
798 576 903 631 hoc
934 576 1215 630 veraciter
1242 574 1456 629 dicitur
1475 574 1656 636 credi,
1689 574 1841 645 quod

186 683 299 722 non
334 666 485 721 valet
525 666 734 721 videri.
769 669 912 720 Nam
954 663 1110 719 credi
1152 666 1276 735 jam
1313 679 1430 718 non
1466 670 1656 734 potest
1685 663 1840 734 quod

184 755 364 810 videri
390 761 599 826 potest.
622 753 698 810 Ut
717 759 915 810 tamen
937 759 991 808 te
1007 751 1352 824 breviter(a)
1379 752 1647 808 reducam
1671 754 1740 807 ad
1761 757 1839 817 te,

183 843 614 901 nullavisibilia
630 842 741 899 nisi
763 859 861 916 per
884 840 1201 898 invisibilia
1212 841 1502 899 videntur.
1522 842 1666 897 Ecce
1681 841 1838 897 enim

185 939 397 992 cuncta
427 949 710 1004 corporea
737 931 950 988 oculus
975 932 1058 987 tui
1079 931 1340 1004 corporis
1371 931 1594 1003 aspicit,
1623 948 1727 986 nec
1751 936 1836 986 ta-

180 1042 310 1082 men
342 1023 471 1097 ipse
499 1040 814 1094 corporeus
839 1023 1047 1078 oculus
1072 1021 1293 1094 aliquid
1321 1037 1663 1092 corporeum
1688 1020 1841 1076 vide-

185 1121 293 1184 ret,
326 1114 443 1169 nisi
475 1113 635 1169 hunc
659 1129 752 1169 res
777 1113 1117 1184 incorporea
1135 1112 1206 1165 ad
1245 1111 1560 1166 videndum
1587 1115 1836 1167 acueret.

184 1209 324 1259 Nam
352 1203 494 1259 tolle
541 1205 801 1259 mentem
844 1217 971 1274 quae
1017 1217 1134 1257 non
1166 1201 1416 1267 videtur,
1450 1204 1508 1255 et
1538 1200 1836 1256 incassum

182 1299 338 1366 patet
361 1291 573 1349 oculus
596 1293 696 1364 qui
716 1291 971 1347 videbat.
998 1290 1285 1347 Subtrahe
1307 1289 1561 1346 animam
1583 1289 1832 1362 corpori,

183 1386 491 1440 remanent
520 1380 725 1455 procul
750 1380 932 1437 dubio
950 1379 1102 1437 oculi
1129 1381 1183 1435 in
1209 1380 1529 1452 corpore(b)
1547 1380 1753 1450 aperti.
1775 1378 1834 1434 Si

183 1473 362 1544 igitur
390 1489 497 1544 per
533 1487 595 1527 se
625 1471 920 1538 videbant,
963 1487 1064 1526 cur
1096 1469 1427 1525 discedente
1459 1469 1658 1525 anima
1689 1467 1832 1524 nihil

185 1562 429 1618 vident?
455 1559 601 1617 Hinc
623 1577 760 1633 ergo
783 1559 988 1620 collige
1009 1558 1146 1630 quia
1180 1559 1307 1629 ipsa
1329 1575 1559 1630 quoque
1582 1557 1833 1614 visibilia

185 1669 299 1709 non
334 1652 445 1707 nisi
493 1666 594 1720 per
620 1649 939 1706 invisibilia
961 1649 1250 1704 videntur.
1276 1653 1566 1704 Ponamus
1599 1663 1830 1718 quoque

1957 481 2160 548 πίστις,
2183 481 2560 555 ἐλπιζομένων
2588 486 2880 548 ὑπόστασις
2900 491 3258 563 πραγμάτων,
3281 487 3516 568 ἔλεγχος
3535 493 3596 548 ού

1959 570 2338 644 βλεπομένων,
2372 571 2578 628 δίκαιον
2601 574 2650 629 ἐν
2673 577 2852 650 τούτῳ
2884 577 3120 653 ὑπάρχει
3151 580 3212 634 τὸ
3243 584 3595 651 πιστευθῆναι

1955 660 2044 714 καὶ
2069 660 2199 731 ὅπερ
2224 663 2565 737 θεωρηθῆναι
2591 666 2652 720 οὐ
2677 663 3082 724 δύναται.Ἐπεί
3102 669 3293 724 λοιπὸν
3319 668 3442 725 οὐδὲ
3465 671 3595 746 ὅπερ

1956 750 2238 824 θεωρεῖται
2260 761 2613 824 πιστευθῆναι
2637 752 2875 813 δύναται.
2898 759 3090 829 Ὅμως
3113 759 3249 813 κατά
3277 760 3338 814 τὸ
3371 757 3594 815 δυνατόν

1957 860 2070 911 μοι,
2107 837 2176 894 δι’
2207 840 2399 917 ὀλίγου
2429 863 2485 897 σε
2516 844 2651 918 πρὸς
2687 846 2905 900 σεαυτὸν
2945 845 3271 926 ἐπιστρὲφω,
3303 846 3455 904 οὐδὲν
3489 855 3597 905 τῶν

1952 930 2242 1003 ὁρωμένων
2268 932 2390 986 ἄνευ
2413 933 2518 986 τῶν
2542 932 2788 1006 ἀοράτων
2814 941 3113 1009 θεωρεῖται.
3138 935 3276 993 Ἰδοὺ
3300 938 3404 1012 γὰρ
3424 941 3597 994 πάντα

1947 1019 2014 1073 τά
2037 1019 2321 1092 σωματικά
2342 1022 2369 1076 ὁ
2393 1021 2676 1101 ὀφθαλμὸς
2697 1028 2793 1078 τοῦ
2816 1026 3069 1098 σώματος
3092 1028 3301 1102 θεωρεῖ.
3328 1027 3442 1086 Οὐκ
3459 1026 3518 1083 ἃν
3541 1026 3597 1083 δὲ

1947 1129 1998 1163 τι
2030 1112 2342 1182 σωματικὸν
2368 1112 2394 1165 ὁ
2416 1112 2577 1174 αὐτὸς
2605 1117 2702 1168 τοῦ
2725 1115 2976 1187 σώματος
3002 1115 3288 1193 ὀφθαλμὸς
3311 1118 3593 1188 θεάσηται,

1949 1196 2037 1252 ἰὰν
2063 1199 2138 1271 μή
2164 1203 2355 1254 τοῦτον
2382 1205 2607 1275 πρᾶγμα
2629 1201 2915 1274 ἀσώματον
2941 1206 3133 1279 κινήσῃ
3161 1206 3293 1279 πρὸς
3314 1205 3376 1260 τὸ
3399 1206 3595 1270 θεάσα-

1947 1289 2086 1345 σθαι.
2103 1291 2342 1359 Ἔπαρον
2365 1290 2466 1365 γὰρ
2491 1292 2579 1346 τὸν
2606 1289 2871 1368 λογισμὸν
2895 1293 2985 1348 τὸν
3009 1296 3084 1366 μὴ
3106 1293 3597 1369 θεωρούμενον,καὶ

1947 1376 2021 1439 εἷς
2045 1376 2265 1450 ἄκαιρον
2291 1380 2318 1434 ὁ
2337 1377 2622 1458 ὀφθαλμὸς
2647 1381 2954 1452 ἀνέῳκταιὸ
2972 1383 3590 1459 θεώμενος.1.[αρέπαρον

1941 1467 2041 1533 τήν
2067 1469 2258 1542 ψυχὴν
2283 1467 2341 1524 ἐκ
2361 1473 2458 1524 τοῦ
2489 1471 2766 1541 σώματος,
2789 1472 2878 1526 καὶ
2902 1471 3235 1544 ἀπομένουσι
3260 1470 3520 1543 δηλονότι
3543 1473 3597 1527 οἱ

1943 1554 2223 1632 ὀφθαλμοὶ
2248 1556 2298 1610 ἐν
2322 1557 2400 1629 τῷ
2426 1559 2642 1630 σώματι
2665 1560 3017 1636 ἀνεῳγμένοι.
3036 1562 3156 1618 Ἐἀν
3181 1561 3272 1616 οὖν
3298 1559 3369 1616 δι’
3389 1563 3591 1616 ἑαυτῶν

1940 1647 2274 1719 ι’)εώρησαν,
2303 1646 2444 1704 διατί
2475 1649 2918 1725 ὑποχωρησάσης
2949 1659 3048 1719 τῆς
3082 1655 3266 1726 ψυχῆς
3291 1651 3444 1707 οὐδὲν
3470 1664 3600 1716 eeo)-

185 1748 319 1798 ante
338 1741 542 1797 oculos
562 1739 772 1795 mentis
787 1739 1060 1794 aediﬁcari
1083 1739 1345 1801 domum,
1369 1737 1690 1793 immensas
1710 1754 1834 1792 mo.

1956 1741 2155 1811 ροῦσιν.
2193 1740 2286 1795 Ἐκ
2306 1741 2500 1794 τούτου
2521 1742 2701 1796 τοίνυν
2727 1738 3081 1812 κατανόησον,
3105 1743 3190 1796 ὃτι
3217 1741 3349 1797 αὖτά
3368 1743 3433 1798 τά
3455 1743 3602 1816 ὁρώ-

187 1829 278 1886 les
301 1830 493 1896 levari,
521 1831 773 1900 pendere
804 1845 1049 1900 magnas
1082 1827 1140 1882 in
1178 1825 1467 1883 machinis
1497 1828 1843 1896 columnas;

190 1921 344 1991 quis,
377 1935 576 1991 quaeso
601 1924 678 1984 te,
715 1918 820 1974 hoc
867 1933 1013 1989 Opus
1049 1923 1345 1988 operatur,
1373 1932 1585 1988 corpus
1616 1917 1846 1972 visibile

193 2012 346 2084 quod
367 2011 496 2064 illas
512 2009 695 2065 moles
713 2009 987 2064 manibus
1010 2007 1203 2076 trahit,
1219 2025 1288 2061 an
1315 2005 1626 2063 invisibilis
1647 2007 1846 2062 anima

197 2100 591 2174 quavivil‘icat
611 2115 822 2169 corpus
838 2098 1036 2154 ?To|le
1058 2098 1212 2153 enim
1239 2097 1388 2169 quod
1406 2114 1516 2152 non
1543 2097 1768 2151 videtur
1786 2097 1842 2151 in

193 2205 454 2259 corpore,
489 2193 545 2244 et
595 2205 729 2243 mox
772 2187 1095 2243 immobilia
1128 2193 1429 2243 remanent
1460 2195 1672 2242 cuncta
1716 2202 1842 2257 qum

196 2279 412 2334 moveri
467 2278 841 2345 videbantur,
874 2277 1127 2332 visibilis.
1173 2293 1416 2348 corpora
1447 2275 1838 2331 metallorum.

195 2368 319 2433 Qua
341 2384 412 2424 ex
444 2384 508 2423 re
530 2368 896 2439 pensandum
914 2370 1001 2421 est
1023 2366 1234 2438 quiain
1259 2366 1364 2421 hoc
1378 2381 1610 2437 quoque
1625 2365 1841 2420 mundo

186 2457 409 2513 visibili
433 2455 583 2513 nihil
607 2455 717 2512 nisi
747 2472 849 2529 per
881 2463 1204 2512 creaturam
1226 2453 1578 2511 invisibilem
1609 2453 1842 2525 disponi

193 2550 406 2620 potest.
450 2550 595 2602 Nam
639 2546 786 2602 sicut
826 2545 1200 2618 omnipotens
1232 2549 1383 2600 Deus
1411 2543 1722 2620 aspirando
1753 2542 1841 2599 vel

185 2634 488 2707 implendo
518 2649 586 2690 ea
607 2650 732 2707 quae
765 2634 988 2690 ratione
1011 2633 1366 2700 subsistunt,
1397 2619 1751 2697 et'viviticat,
1784 2636 1842 2688 et

186 2728 379 2780 movet
394 2723 719 2779 invisibilia
735 2743 749 2792 ;
768 2724 985 2796 itaipsa
1002 2721 1836 2797 quoqueinvisabiliaimplen-

185 2812 260 2868 do
285 2817 519 2869 movent
548 2818 719 2885 atque
749 2814 820 2886 (c)
850 2814 1142 2872 vivificant
1163 2811 1416 2870 carnalia
1438 2829 1679 2884 corpora
1709 2828 1836 2884 quin

178 2902 472 2958 videntur.

1961 1847 2109 1899 μενα,
2140 1827 2184 1882 εἰ
2219 1830 2294 1899 μὴ
2322 1827 2411 1882 διά
2430 1834 2536 1883 τῶν
2558 1828 2801 1904 ἀοράτων
2829 1830 2890 1885 οὐ
2915 1835 3269 1903 θεωροῦνται.
3294 1836 3483 1903 Θῶμεν
3506 1829 3600 1886 οὖν

1953 1913 2185 1971 ἐνώπιον
2200 1921 2306 1972 τῶν
2323 1916 2620 1996 ὀφθαλμῶν
2634 1923 2730 1974 τοῦ
2742 1920 2864 1980 νοὸς
2878 1917 3317 1992 οἰκοδομηθῆναι
3331 1920 3601 1990 οἷκον,καὶ

1954 2003 2006 2060 ἐν
2030 2005 2273 2078 πλείστῳ
2298 2008 2451 2082 βέρει
2474 2012 2661 2062 τοῦτον
2691 2009 2924 2082 ὑψῶσαι,
2953 2010 3238 2082 μεγίστους
3263 2006 3318 2063 δὲ
3340 2010 3522 2073 κίονας
3545 2010 3596 2066 ἐν

1951 2101 2068 2158 τοῖς
2092 2097 2387 2170 μαγγείνοις
2419 2099 2705 2171 κρεμάσαι.
2735 2098 2829 2158 Τίς
2859 2097 3061 2160 τοίνυν,
3087 2097 3223 2152 αἰτῶ
3251 2118 3328 2168 σε,
3350 2101 3412 2153 τὸ
3443 2096 3598 2173 ἔργον

1951 2190 2111 2240 τοῦτο
2143 2183 2445 2260 ἐργάζεται,
2475 2188 2538 2240 τὸ
2571 2191 2730 2260 σῶμα
2757 2188 2819 2242 τὸ
2868 2188 3170 2262 ὁρώμενον,
3202 2187 3334 2261 ὅπερ
3365 2188 3503 2243 αὐτά
3531 2187 3600 2242 τά

1956 2275 2097 2349 βάρη
2129 2281 2246 2338 ταῖς
2272 2275 2457 2351 χερσὶν
2481 2275 2641 2351 αἶ’ρει,
2664 2273 2702 2346 ἤ
2725 2279 2758 2346 ἡ
2786 2275 3014 2350 ἀόρατος
3027 2279 3180 2352 ψυχὴ
3204 2279 3598 2346 ἡζωοποιοῦσα

1950 2365 2012 2419 τὸ
2037 2369 2195 2437 σῶμα
2218 2367 2482 2440 ;“ἰιπαρον
2505 2366 2605 2441 γάρ
2624 2368 2686 2422 τὸ
2705 2367 2780 2439 μή
2802 2366 3176 2439 θεῶρούμενον
3194 2373 3244 2421 ἐν
3266 2370 3344 2438 τῷ
3357 2367 3594 2438 σώματι,

1950 2453 2038 2508 καὶ
2065 2454 2259 2518 εὐθέως
2285 2454 2515 2526 ἀκίνητα
2544 2455 2904 2528 ἀπομένουσιν
2937 2455 3144 2511 ἅπαντα
3167 2456 3343 2510 ἐκεῖνα
3361 2460 3471 2510 τῶν
3497 2475 3596 2529 με·

1949 2539 2169 2597 τάλλων
2208 2544 2276 2598 τὰ
2305 2545 2554 2617 σώματα,
2585 2541 2712 2616 ἕπερ
2753 2543 3044 2618 κινούμενα
3095 2543 3446 2618 ἐθεωροῦντο.
3500 2546 3597 2602 Ἐκ

1947 2633 2148 2688 τούτου
2181 2632 2273 2688 οὖν
2307 2630 2663 2705 κατανόησον,
2687 2636 2770 2690 ὅτι
2802 2632 2921 2689 ἄνευ
2951 2639 3046 2690 τοῦ
3065 2634 3361 2709 κτίσματος
3381 2638 3477 2690 τοῦ
3499 2633 3599 2688 ἀο-

1950 2724 2137 2798 ράτου,
2157 2720 2309 2779 οὐδὶν
2336 2723 2389 2780 ἐν
2411 2725 2588 2797 τούτῳ
2609 2729 2689 2797 τῷ
2709 2726 2900 2798 κόσμῳ
2918 2721 2998 2796 τῷ
3019 2723 3283 2799 ὁρωμένῳ
3303 2721 3590 2794 διοικηθῆ-

1946 2833 2031 2867 ναι
2056 2809 2567 2886 δύναται.Καθάπερ
2589 2814 2691 2890 γὰρ
2715 2814 2743 2868 ὁ
2765 2810 3178 2887 παντοδύναμος
3192 2813 3320 2874 Θεὸς
3342 2809 3588 2884 ἒμπνέων

1946 2900 2035 2956 καὶ
2061 2898 2295 2976 πληρῶν
2318 2901 2488 2956 πάντα
2504 2902 2569 2958 τὰ
2588 2899 2811 2964 δικαίως
2835 2905 3482 2975 συνισταμενα,ζωοποιεῖ
3500 2906 3589 2955 καί

1944 2993 2088 3044 κινεῖ
2105 2988 2172 3044 τά
2200 2988 2424 3062 ἀόρατα,
2455 2989 2628 3052 οὕτως
2659 2990 2798 3046 αὐτά
2825 2990 2890 3044 τά
2937 2990 3140 3065 ἀόρατα
3169 2988 3466 3064 πληροῦσι,
3499 2989 3587 3044 καὶ

1946 3083 2177 3149 κινοῦσι,
2208 3079 2296 3133 καὶ
2331 3081 2612 3157 σοφίζουσι
2642 3080 2709 3134 τὰ
2738 3080 2986 3154 ὁρώμενα
3016 3080 3265 3151 σώματα.

243 3168 413 3226 Ριτιι.
445 3168 607 3236 Istis,
637 3169 838 3237 fateor,
859 3168 937 3241 (ά)
967 3167 1417 3240 allegationibus
1446 3167 1694 3223 libenter
1715 3166 1832 3223 vic-

2017 3171 2218 3226 ΠΕΤΡ.
2253 3149 2551 3246 Ὀμολογῶ
2573 3149 2890 3238 ἡδὲως,τοί3
2920 3149 3122 3241 δεσμοῧ
3151 3168 3346 3222 τούτου
3376 3165 3588 3222 ἀπολυ-

187 3263 302 3326 tus,
341 3275 527 3332 prope
550 3257 710 3314 nulla
733 3260 856 3329 jam
889 3274 1018 3314 esse
1054 3258 1176 3314 haec
1215 3257 1466 3314 visibilia
1499 3256 1834 3313 existimare

182 3348 530 3420 compellor,
557 3347 658 3418 qui
681 3348 845 3418 prius
868 3346 926 3403 in
953 3363 1044 3402 me
1067 3347 1497 3403 inﬁrmantium
1519 3363 1831 3419 personam

182 3440 540 3512 suscipiens,
567 3439 637 3494 de
667 3437 1062 3494 invisibilihus
1086 3439 1450 3494 dubitabam.
1484 3440 1682 3510 Itaque
1709 3436 1832 3508 pla-

179 3535 306 3583 cent
328 3534 551 3584 cuncta
568 3544 700 3598 qua
720 3527 863 3583 dicis
889 3546 905 3598 ;
928 3530 1025 3583 sed
1043 3533 1238 3583 tamen
1263 3527 1416 3583 sicut
1435 3528 1608 3583 vitam
1626 3527 1835 3583 animae

181 3616 229 3672 in
254 3633 506 3688 corpore
545 3618 842 3673 manentis
873 3633 942 3672 ex
972 3626 1128 3672 motu
1163 3617 1422 3687 corporis
1456 3633 1728 3688 agnosco,
1757 3617 1833 3672 ita

175 3707 349 3761 vitam
376 3706 595 3762 anime
619 3715 745 3778 post
775 3722 1014 3778 corpus,
1045 3709 1259 3775 apertis
1281 3705 1632 3775 quibusdam
1658 3707 1834 3762 rebus

188 3796 625 3864 attestantibus,
657 3812 1009 3868 cognoscere
1037 3798 1227 3868 cupio.

244 3975 510 4031 Gazaca.
542 3975 654 4029 llac
686 3974 744 4029 in
780 3991 838 4030 re
869 3975 917 4030 si
951 3991 1050 4031 cor
1080 3983 1340 4050 paratum
1367 3981 1479 4031 tute
1504 3975 1833 4032 dilectionis

187 4065 515 4130 invenio,in
538 4063 891 4136 allegatione
916 4065 1158 4120 minime
1176 4066 1394 4121 laboro.
1418 4067 1831 4137 Nunquidnam

186 4157 356 4211 sancti
382 4156 638 4226 apostoli
672 4161 1026 4229 etmartyres
1049 4155 1257 4211 Christi
1284 4169 1620 4228 praesentem
1652 4160 1830 4214 vitam

187 4243 566 4316 despicerent,
591 4248 646 4299 et
674 4244 732 4299 in
768 4252 1008 4300 mortem
1041 4246 1234 4302 carnis
1266 4246 1497 4302 animas
1532 4251 1830 4319 ponerent,

187 4332 290 4388 nisi
305 4334 617 4389 seniorem
633 4333 964 4390 animarum
981 4335 1156 4390 vitam
1179 4335 1458 4406 subsequi
1476 4335 1727 4391 scirent?
1744 4337 1830 4392 Tu

183 4437 307 4479 vero
338 4423 470 4496 ipse
499 4422 730 4493 inquies
754 4425 888 4494 quia
919 4423 1094 4478 vitam
1118 4425 1325 4480 animo:
1347 4423 1405 4480 in
1439 4441 1677 4497 corpore
1702 4442 1830 4480 ma-

1942 3258 2073 3328 θεὶς,
2099 3255 2267 3330 μηδὲν
2293 3258 2428 3312 εἶναι
2450 3261 2616 3313 ταῦτα
2639 3258 2706 3314 τὰ
2725 3259 2892 3332 ὁρατά
2913 3257 3255 3332 λογίσασθαι,
3281 3258 3426 3316 ὅστις
3447 3257 3587 3330 πρό-

1940 3366 2095 3422 τερον
2123 3347 2185 3402 τὸ
2207 3351 2311 3402 τῶν
2335 3348 2636 3402 νοσούντων
2661 3346 2953 3421 πρόσωπον
2974 3348 3051 3410 εἰς
3074 3345 3304 3419 ἐμαυτὸν
3329 3342 3577 3414 ἀναδεξά-

1945 3457 2121 3508 μενος,
2152 3437 2275 3512 περί
2303 3441 2412 3492 τῶν
2441 3436 2686 3510 ἀοράτων
2719 3433 3015 3505 ἐδίσταζον.
3049 3434 3375 3510 ”Δρὲσκουσι
3404 3434 3581 3490 τοίνυν

1939 3524 2112 3581 πάντα
2137 3528 2268 3600 ἅπερ
2301 3525 2499 3600 λέγεις·
2525 3523 2650 3581 ἀλλ’
2675 3523 2764 3580 οὖν
2785 3525 3026 3601 καθάπερ
3055 3525 3153 3593 τὴν
3180 3526 3326 3595 ζωὴν
3356 3531 3455 3594 τῆς
3478 3527 3579 3598 ψυ-

1943 3623 2049 3691 χῆς
2079 3611 2157 3671 ἔτι
2188 3613 2240 3670 ἐν
2270 3621 2348 3687 τῷ
2379 3615 2591 3688 σώματι
2623 3615 2825 3686 ταύτης
2860 3614 3238 3693 ὑπαρχούσης,
3270 3613 3329 3669 ἐκ
3354 3619 3460 3668 τῶν
3483 3617 3581 3670 τοῦ

1941 3706 2195 3778 σώματος
2223 3701 2559 3780 διαγινώσκω
2580 3706 2914 3778 κινημάτων,
2935 3701 3108 3768 οὕτως
3127 3704 3293 3773 αὐτῆς
3315 3706 3410 3772 τήν
3437 3705 3582 3773 ζωήν

1938 3797 2023 3850 καὶ
2063 3795 2196 3868 μετά
2224 3796 2322 3865 τὴν
2358 3794 2416 3850 ἐκ
2445 3799 2541 3849 τοῦ
2572 3796 2826 3866 σώματος
2873 3791 3076 3866 ἔξοδον,
3110 3798 3350 3873 φανερῶν
3379 3813 3580 3868 μαρτυ-

1938 3883 2176 3957 ρούντων
2205 3885 2536 3958 πραγμάτων
2571 3881 2858 3958 διαγνῶναι
2890 3882 3160 3956 ἐπιθυμῶ.

2011 3976 2143 4028 I‘PH
2156 3975 2304 4029 ΓΟΡ.
2321 3974 2410 4030 Ἐν
2421 3972 2596 4044 τούτῳ
2607 3977 2685 4044 τῷ
2705 3971 3099 4047 πράγματι,ἐάν
3115 3971 3342 4045 ἑτοίμην
3362 3967 3582 4048 καρδίαν

1939 4059 1992 4117 ἐν
2015 4067 2094 4134 τῷ
2113 4069 2213 4131 τῆς
2235 4069 2333 4130 σῆς
2368 4062 2580 4138 ἀγάπης
2602 4072 2668 4131 (ε)
2699 4059 2884 4135 δεσμῷ
2918 4061 3154 4138 εὕροιμι,
3181 4063 3473 4135 πέπεισμαι
3497 4062 3580 4116 ὅτι

1941 4148 2092 4206 οὐδὲν
2147 4151 2415 4207 κοπιάσω.
2450 4151 2516 4208 Ol
2548 4153 2694 4224 ἅγιοι
2734 4149 3034 4206 ἀπόστολοι
3065 4151 3154 4206 καὶ
3189 4151 3456 4225 μάρτυρες
3486 4154 3583 4206 τοῦ

1940 4242 2196 4316 Χριστοῦ,
2227 4239 2271 4294 εί
2313 4241 2390 4312 μὴ
2424 4239 2778 4315 αἱρετωτέραν
2814 4239 2947 4295 εἶναι
2976 4242 3075 4310 τὴν
3110 4239 3584 4296 ἐπακολουθοῦσαν

1942 4331 2087 4399 ζωὴν
2119 4334 2227 4384 τῶν
2260 4332 2453 4409 ψυχῶν
2488 4328 2807 4405 ἐγίνωσκον,
2837 4334 2955 4393 πῶς
2988 4331 3087 4399 τὴν
3121 4333 3392 4404 παροῦσαν
3435 4330 3579 4399 ζωὴν

1938 4413 2352 4485 ἐϐδελύσσοντο,
2380 4417 2467 4473 καὶ
2500 4419 2552 4474 ἐν
2580 4423 2660 4490 τῷ
2688 4425 2787 4488 τῆς
2817 4419 3013 4493 σαρκὸς
3037 4419 3246 4490 θανάτῳ
3277 4419 3370 4479 τάς
3402 4421 3584 4492 ψυχας

185 4513 370 4568 uentis
401 4529 476 4568 ex
496 4511 758 4567 motibus
786 4513 1048 4583 corporis
1078 4513 1346 4585 agnoscis
1371 4530 1385 4582 ;
1414 4519 1470 4571 et
1490 4531 1624 4570 ecce
1649 4514 1822 4588 hiqui

1944 4507 2144 4572 ἐτίθουν
2175 4527 2188 4577 ;
2222 4507 2283 4562 σὺ
2317 4505 2372 4562 δὲ
2412 4507 2570 4570 αὐτὸς
2604 4507 2802 4582 λέγεις,
2838 4506 2920 4562 ὅτι
2948 4509 3049 4577 τὴν
3089 4509 3235 4577 ζωήν
3267 4513 3365 4576 τῆς
3394 4510 3578 4580 ψυχῆς

180 4601 392 4658 animas
411 4601 472 4656 in
491 4605 736 4657 mortem
754 4607 1285 4674 posuerunt,atque
1306 4602 1633 4659 animarum
1650 4602 1820 4659 vitam

178 4696 547 4759 postmortem
559 4690 890 4746 carnisesse
903 4691 1826 4764 crediderunt,quotidianis884

187 4779 484 4836 miraculis
517 4783 847 4836 coruscant.
878 4781 960 4835 Ad
1007 4781 1287 4836 exstincta
1338 4797 1590 4852 namque
1621 4798 1824 4838 eorum

183 4880 412 4939 corpora
441 4870 706 4926 viventes
735 4869 870 4942 aegri
897 4871 1158 4941 veniunt,
1179 4877 1531 4928 etsanantur
1556 4891 1570 4940 ;
1605 4872 1820 4944 pcrjuri

179 4956 429 5027 veniunt,
453 4963 508 5015 et
538 4959 829 5014 daemonio
861 4965 1172 5026 vexantur,
1193 4961 1536 5017 daemoniaci
1561 4961 1822 5033 veniunt,

182 5050 236 5099 et
261 5046 614 5111 liberantur;
642 5048 862 5120 leprosi
904 5047 1166 5118 veniunt,
1199 5055 1257 5106 et
1287 5051 1686 5120 mundantur;
1719 5051 1823 5108 de-

252 5204 325 5274 (a)
354 5206 582 5263 Primus
612 5209 859 5274 Gemet.,
880 5211 1145 5266 reducam
1175 5227 1210 5266 a
1240 5220 1311 5267 te.

263 5278 332 5351 (ὁ)
361 5282 655 5335 Secundus
684 5286 933 5344 Gemet.,
964 5284 1156 5351 aperti.

255 5349 322 5416 (ε)
342 5357 648 5426 secundus
697 5353 928 5408 Carnot.
980 5349 1038 5408 et
1073 5362 1194 5426 Lyr,
1228 5369 1360 5409 cum
1411 5354 1552 5422 pler.
1597 5355 1820 5423 Norm.,

181 5423 501 5498 cessi/irent.
529 5423 803 5498 German.
830 5423 1208 5498 etsecundus
1228 5426 1475 5494 Theod.,
1506 5443 1722 5481 sensum
1745 5429 1821 5482 vi-

183 5489 414 5568 riﬁraat.
447 5491 568 5549 Val.
602 5496 692 5568 Cl.
733 5507 783 5551 et
822 5497 1052 5568 primus
1087 5498 1350 5567 Carnot.,
1394 5489 1601 5554 sensim
1642 5501 1818 5568 vivi/l-

180 5567 324 5638 ισοξ,
346 5567 574 5638 [Γεηίοι
598 5567 854 5624 Οενηοιζ.
886 5583 1053 5623 sensu
1082 5571 1278 5638 viviﬁc.
1629 5577 1631 5581 ‘

246 5632 321 5704 (ἀ)
345 5634 406 5690 In
420 5637 704 5695 veteribus
716 5643 850 5698 Mss.
865 5640 964 5697 hic
976 5646 1034 5697 et
1053 5632 1202 5696 alibi
1216 5640 1453 5712 legitur,
1467 5641 1819 5712 alligationi-

494 5739 747 5804 Ριτιοι..
795 5742 1084 5805 LXXVII.

1939 4597 2203 4670 μενούσης
2227 4596 2393 4666 αὐτῆς
2416 4595 2466 4651 ἐν
2489 4601 2568 4668 τῷ
2588 4591 2897 4669 σώματι,ἔκ
2912 4601 3018 4650 τῶν
3040 4599 3135 4650 τοῦ
3153 4596 3405 4668 σώματος
3427 4615 3581 4665 κινη-

1939 4685 2121 4760 μάτων
2140 4684 2537 4762 ἐπιγινώσκεις.
2563 4683 2706 4741 Ἰδοὺ
2729 4685 2817 4739 καὶ
2843 4686 3014 4752 οὗτοι,
3039 4685 3090 4738 οἱ
3119 4703 3260 4746 τινες
3283 4683 3376 4744 τάς
3399 4682 3584 4760 ψυχὰς

1933 4773 1986 4830 ἂν
2009 4780 2088 4847 τῷ
2108 4777 2320 4847 θανάτῳ
2346 4771 2560 4845 ἔθηκαν,
2585 4773 2962 4835 πιστεύσαντες
2989 4773 3252 4847 ὑπάρχειν
3288 4773 3431 4842 ζωὴν
3462 4777 3582 4835 ταῖς

1933 4868 2140 4940 ψυχαῖς
2172 4864 2304 4937 μετά
2350 4864 2440 4918 τὸν
2489 4866 2589 4931 τῆς
2639 4864 2832 4938 σαρκὸς
2880 4863 3124 4934 θάνατον,
3158 4861 3396 4935 θαύμασι
3427 4863 3580 4920 388

1932 4957 2320 5029 καθημερινοῑς
2349 4952 2822 5029 ἐξαστράπτουσιν.
2860 4952 2948 5014 Εἰς
2980 4952 3086 5028 γὰρ
3116 4953 3181 5008 τὰ
3212 4953 3376 5028 νεκρά
3403 4952 3579 5008 αὐτῶν

1935 5043 2162 5118 σώματα
2196 5047 2387 5113 ζῶντες
2419 5040 2688 5118 ἄρρωστοι
2721 5039 2998 5117 ἔρχονται,
3021 5041 3110 5096 καὶ
3143 5039 3339 5103 ἵάσεως
3369 5041 3581 5117 τυγχά-

1934 5207 2522 5278 bus.qlligntione,etc.
2542 5204 2702 5262 Unde
2715 5204 3020 5278 Zacharias
3035 5219 3197 5261 voces
3209 5203 3315 5259 has
3333 5205 3584 5278 reddidit

1933 5296 2034 5350 per
2064 5273 2288 5349 δεσμοῦ,
2324 5273 2525 5348 δεσμῷ.
2561 5280 2734 5342 lntra,
2759 5277 2938 5350 nulla.
2961 5281 3018 5332 ut
3041 5282 3258 5344 Opinor,
3281 5277 3411 5331 huic
3439 5280 3577 5332 allec

1929 5349 2313 5423 potioniratio
2344 5350 2575 5423 αὺδὶειιζ.
2602 5350 2828 5423 Quibus
2855 5349 3046 5423 Graeca
3083 5350 3208 5404 hcce
3231 5351 3580 5423 respondent

1932 5416 2057 5492 οὐδὲ
2092 5420 2187 5492 μία
2219 5420 2293 5480 ὡς
2327 5417 2504 5490 οἶμαι,
2538 5419 2814 5492 ἀπολογία
2841 5424 2918 5490 τῷ
2949 5416 3135 5492 δεσμῷ
3164 5418 3344 5488 τουτῴ
3377 5416 3581 5474 ὑπολέ-

1931 5490 2170 5560 λειπται,
2203 5493 2273 5548 hu
2278 5493 2336 5564 _t'c
2363 5492 2602 5564 vinculo,
2635 5490 2764 5549 huic
2796 5490 3129 5564 alligattant‘i.

2003 5566 2075 5637 (e)
2106 5559 2243 5635 Ms,
2274 5559 2459 5639 δεσμῷ
2487 5559 2648 5638 εὕρω.

3186 5741 3256 5802 il
