4210 6160
151 275 242 333 333
1357 260 1869 333 DIALOGORUM
1916 257 2149 330 LIBER
2194 258 2293 328 ιν.
3406 273 3522 333 334

149 421 276 462 mam
306 411 417 459 tam
445 403 620 474 longe
650 419 683 457 a
715 417 778 457 se
809 398 981 474 positi
1009 404 1078 459 de
1110 420 1346 476 corpore
1375 407 1570 474 exire;
1602 406 1756 477 quod

1897 401 2042 472 τέζης
2068 400 2557 473 καθεζόμενος,καὶ
2579 399 2868 455 συνεσθίων
2891 397 3098 472 αὑτοῖς,
3123 399 3213 457 διὰ
3233 406 3330 457 τοῦ
3361 403 3525 458 πνεό-

148 512 260 552 mox
305 493 576 548 fratribus
620 491 920 560 indicavit,
952 498 1130 565 atque
1179 494 1462 551 festinans
1490 499 1764 564 cucurrit,

141 585 353 655 jamque
402 585 676 636 eumdem
720 580 959 636 fratrem
991 599 1166 638 suum
1200 584 1497 655 sepultum
1531 586 1766 656 reperit,

1881 511 2050 566 ματος
2085 491 2339 563 ὑψωθεὶς,
2371 490 2576 564 ἑώρακε
2607 491 2928 545 Σπεκιώσου
2959 495 3055 545 τοῦ
3085 488 3325 570 ἀδελφοῦ
3358 492 3522 548 αὑτοῦ

1877 581 1976 647 τὴν
2000 580 2185 654 ψυχὴν
2208 578 2266 634 ἐκ
2285 584 2382 636 τοῦ
2405 581 2661 652 σώματος
2684 579 3023 649 ἐξελθοῦσαν,
3042 581 3392 655 (erremus-ou
3416 580 3527 638 δια-

147 688 296 744 quem
318 678 511 727 tamen
545 671 691 726 hora
721 687 789 726 ea
817 686 930 741 qua
953 673 1178 728 viderat
1207 673 1398 729 exisse
1423 675 1494 729 de
1523 689 1765 745 corpore

1897 672 1975 740 ττή
1987 691 2155 741 ματος
2178 669 2270 724 ἀπ’
2295 671 2463 726 αὐτοῦ
2486 668 2991 745 ὑπάρχοντος,ὅπερ
3008 671 3206 735 εὐθέως
3226 677 3341 732 τοῖς
3364 671 3524 728 ἀδελ-

147 759 365 814 invenit.

1875 764 1998 836 φοῖς
2038 760 2296 833 ἐμήνυσε.
2322 765 2596 834 Δρομαῖος
2632 758 2722 814 οῦν
2747 759 2919 816 ἐκεῖσε
2950 763 3407 837 παραγενόμενος,
3431 782 3528 816 τα-

148 858 292 935 ςδὲντα
319 854 474 910 αὐτὸν
503 854 596 910 τὸν
622 851 767 909 ’ἰδιον
796 851 1028 932 ἀδελφὸν
1063 855 1202 931 εὗρε.
1239 857 1362 914 Κατ’
1389 857 1561 926 αὐτὴν
1595 853 1650 912 δὲ
1687 857 1786 926 τήν
1818 853 1964 932 ὥραν
2017 855 2366 922 τελειωθέντα
2394 861 2584 912 τοῦτον
2619 854 2756 932 ἔγνω
2787 857 2838 912 ἐν
2869 857 2906 931 ᾖ
2936 860 3036 928 τήν
3065 861 3250 938 ψυχὴν
3273 861 3348 933 (Ῑ)
3368 859 3532 915 αὐτοῦ

150 943 494 1022 ἱξερχομένην
525 945 803 1011 ἐθεάσατο.

771 1035 1002 1094 CAPUT
1043 1037 1135 1094 IX.

513 1127 589 1182 De
617 1128 819 1182 anima
847 1126 1133 1198 cujusdam
1163 1127 1389 1184 inclusi.

214 1216 450 1282 Quidam
496 1215 807 1288 religiosus
837 1221 1010 1289 atque
1040 1215 1426 1273 ﬁdelissimus
1459 1216 1540 1272 vir
1587 1215 1777 1271 adhuc

155 1306 285 1362 mihi
314 1307 370 1361 in
404 1306 758 1362 monasterio
796 1305 985 1377 posito
1025 1305 1282 1362 narravit
1309 1306 1460 1378 quod
1494 1304 1676 1377 aliqui
1707 1305 1778 1360 de

151 1395 342 1452 Siciliae
373 1394 640 1467 partibus
672 1394 903 1467 navigio
955 1395 1199 1452 Romam
1231 1401 1514 1468 petentes,
1541 1395 1600 1450 in
1633 1392 1778 1449 mari

153 1485 325 1540 medio
373 1483 571 1556 positi,
629 1484 936 1555 cujusdam
990 1485 1141 1540 servi
1171 1484 1274 1541 Dei
1321 1485 1422 1556 qui
1451 1485 1511 1540 in
1539 1482 1779 1539 Samnio

152 1573 320 1628 fuerat
343 1572 632 1637 inclusus,
655 1574 725 1628 ad
758 1572 964 1629 caelum
1000 1574 1132 1630 ferri
1187 1573 1442 1628 animam
1489 1572 1778 1628 viderunt.

2528 1040 2792 1094 ΚΕΦΑΛ.
2836 1039 2891 1094 I'.

1996 1124 2121 1200 Περὶ
2153 1129 2326 1201 ψυχες
2358 1040 2792 1204 ἐγκλεῗσῖῗὺἢήὺς
2816 1039 3042 1202 οιῦρανὸν
3067 1126 3421 1196 ἀνελθοόσης.

1959 1216 2124 1290 Ἀνήρ
2153 1236 2237 1277 τις
2269 1216 2403 1271 πάνυ
2436 1214 2730 1278 σπουδαῖος
2761 1217 2851 1270 καὶ
2881 1217 3206 1279 πιστότατος
3229 1221 3309 1291 (g)
3327 1219 3409 1272 ἓτι
3436 1239 3530 1290 μοι

1886 1302 1940 1358 ἐν
1955 1309 2035 1376 τῷ
2050 1307 2403 1381 μοναστηρίῳ
2429 1309 2728 1381 ὑπάργοντι
2750 1306 3057 1383 διηγήσατο
3080 1309 3371 1386 λέγων’ὅτι
3390 1315 3530 1376 τινὲς

1887 1389 1946 1446 ἐκ
1973 1395 2080 1448 τῶν
2116 1400 2296 1470 μερῶν
2320 1395 2572 1458 Σικελίας
2593 1394 2682 1451 διὰ
2699 1401 2795 1452 τοῦ
2818 1397 2989 1458 πλοὸς
3013 1398 3100 1453 ἐπὶ
3123 1400 3345 1474 Ῥώμην
3367 1399 3532 1477 ἐρχό-

1892 1482 2128 1555 μενοι,ἐν
2159 1482 2308 1556 μέσῳ
2327 1488 2426 1550 τῆς
2449 1487 2723 1555 θαλάσσης
2748 1489 2826 1559 (ὴ)
2860 1486 3223 1562 ὑπάρχοντες,
3243 1491 3391 1552 τινὸς
3414 1487 3535 1546 δού-

1889 1569 1991 1626 λου
2019 1577 2116 1626 τοῦ
2148 1571 2283 1627 Θεοῦ
2314 1576 2412 1641 τὴν
2446 1576 2653 1649 ψυχὴν,
2678 1576 2822 1637 ὅστις
2854 1573 2906 1629 ἐν
2941 1577 3129 1651 Σάμνῃ
3165 1579 3414 1653 ὑπῆρχεν
3443 1574 3536 1655 ἔγ-

150 1662 248 1730 Qui
275 1663 686 1718 descendentes
714 1662 786 1717 ad
819 1668 1062 1731 terram,
1093 1678 1449 1733 causamque
1478 1679 1551 1718 an
1583 1662 1664 1716 ita
1693 1676 1780 1716 es-

1897 1659 2157 1730 κλειστος,
2183 1660 2233 1714 ἐν
2266 1665 2345 1733 τῷ
2372 1659 2588 1733 οὑρανῷ
2608 1662 2983 1742 ἀνερχομένην
3004 1663 3309 1734 ἐθεάσαντο,
3341 1664 3535 1729 οἵτινες

148 1760 230 1808 set
257 1759 377 1808 acta
421 1758 883 1824 perscrutantes,
927 1753 1027 1808 illo
1058 1752 1150 1808 die
1180 1752 1532 1808 invenerunt
1561 1751 1780 1807 obiisse

151 1841 244 1898 Dei
290 1841 593 1911 famulum,
638 1857 752 1913 quo
783 1857 919 1898 eum
968 1841 1044 1899 ad
1087 1841 1339 1898 cmlestia
1365 1857 1543 1913 regna
1573 1858 1779 1898 ascen-

149 1930 298 1986 disse
323 1935 737 2003 cognoverunt.

797 2197 1027 2257 CAPUT
1063 2199 1139 2257 Χ.

415 2329 494 2386 De
519 2343 736 2399 egressu
767 2325 972 2383 animae
1001 2326 1078 2398 (a)
1108 2325 1236 2398 Spei
1263 2324 1492 2381 abbatis.

199 2474 400 2532 Adhuc
421 2474 485 2530 in
501 2473 858 2531 monasterio
881 2488 1010 2528 meo
1033 2472 1260 2544 positus
1287 2470 1597 2540 cujusdam
1621 2470 1781 2526 valde

139 2564 483 2620 venerabilis
500 2563 607 2618 viri
635 2561 915 2618 relatione
938 2562 1179 2633 cognovi
1209 2559 1365 2632 quod
1397 2559 1544 2638 dico.
1578 2558 1784 2615 Aiebat

138 2655 287 2709 enim
320 2653 462 2726 quia
484 2650 828 2708 venerabilis
850 2649 1018 2706 Pater
1040 2649 1278 2704 nomine
1308 2649 1781 2720 Spes,monaste—

138 2747 282 2801 rium
317 2745 648 2801 construxit
669 2744 728 2800 in
761 2744 886 2800 loco
918 2740 1385 2798 cuivocabulum
1417 2741 1653 2812 Cample
1669 2746 1778 2808 est,

135 2835 229 2906 qui
248 2834 387 2889 sexti
408 2837 591 2889 ferme
615 2831 872 2888 milliarii
895 2832 1276 2902 interjacente
1303 2832 1539 2901 spatioa
1561 2834 1782 2886 vetusta

137 2925 354 2981 Nursia:
377 2926 522 2982 urbe
548 2925 1103 2996 disjungiturJlunc
1125 2922 1502 2991 omnipotens
1523 2927 1581 2978 et
1605 2923 1782 2978 mise-

135 3015 309 3072 ricors
331 3015 484 3072 Deus
514 3016 586 3070 ab
620 3029 835 3070 interno
869 3015 1104 3068 verbere
1141 3011 1486 3083 ﬂagellando
1513 3013 1779 3084 protexit,

137 3104 762 3177 eiquedispenaationis
776 3120 892 3158 suae
909 3103 1649 3174 maximan(b)severitatem
1666 3119 1782 3158 ser-

1894 1746 1945 1803 ἐν
1977 1751 2045 1822 τῇ
2077 1754 2150 1823 γῇ
2182 1751 2522 1819 κατάξαντες,
2545 1752 2638 1805 καὶ
2666 1750 2735 1806 δι’
2762 1753 2980 1826 ἐρεύνης
3012 1754 3137 1828 περὶ
3167 1755 3363 1810 τούτου
3383 1757 3540 1830 γινό-

1896 1857 2072 1910 μενοι,
2108 1836 2195 1891 ἐάν
2322 1836 2504 1908 άληθῆ
2555 1833 2690 1912 ἅπερ
2732 1838 3012 1902 ἐθεάσαντο
3066 1841 3334 1917 ὑπῆρχεν,
3368 1841 3419 1896 ἐν
3452 1843 3538 1898 ὅτι

1888 1929 1959 2000 τῇ
1990 1923 2125 1999 αὐτῇ
2148 1925 2329 2001 ἡμέρᾳ
2349 1928 2377 1981 6
2399 1931 2495 1982 τοῦ
2521 1931 2655 1982 Θεοῦ
2676 1927 2892 1998 οἰκέτης
2918 1928 3284 2000 ἐτελεύτησεν,
3304 1930 3358 1986 ἐν
3435 1933 3535 2002 τήν

1889 2015 2054 2071 αὑτοῦ
2086 2018 2274 2095 ψυχὴν
2311 2016 2388 2080 εἰς
2434 2019 2534 2087 τήν
2586 2017 2836 2094 οὐράνιον
2890 2020 3171 2095 βασιλείαν
3226 2020 3534 2098 ἐρχομένην

1888 2105 2231 2182 ἐγνώκεισαν.

2509 2220 2761 2273 ΚΕΦΑΛ.
2805 2219 2909 2273 ΙΔ“.

1890 2305 2022 2379 Περὶ
2046 2302 2234 2374 ἐξόδου
2255 2307 2440 2382 ψυχῆς
2461 2304 2842 2453 Ἐλτᾶῗέρὲίῗέ
2862 2306 3298 2387 ἅρχιμανδρίτου
3321 2308 3537 2370 πόλεως

1960 2467 2080 2522 Ἔτι
2100 2467 2179 2539 (k)
2205 2488 2300 2540 μοι
2332 2465 2386 2521 ἐν
2408 2470 2489 2538 τῷ
2514 2468 2864 2542 μοναστηρίῳ
2886 2468 3212 2544 ὑπάρχοντι,
3231 2471 3375 2546 παρά
3395 2491 3541 2532 τινος

1889 2551 2086 2630 ἀνδρὸς
2117 2554 2324 2635 σφόδρα
2373 2552 2772 2613 εὖλαϐεστάτου
2823 2555 3186 2633 διηγουμένου
3222 2559 3534 2634 μεμάθηκα,

1890 2645 2022 2718 ὅπερ
2053 2643 2202 2718 κάγὼ
2233 2643 2552 2720 διηγοῦμαι.
2585 2644 2781 2722 Ἔλεγε
2811 2648 2940 2724 γάρ,
2963 2647 3046 2702 ὅτι
3082 2648 3109 2703 6
3141 2643 3539 2710 εὐλαϐὲστατος

1887 2736 2089 2807 πατὴρ,
2125 2735 2154 2788 6
2185 2734 2590 2807 ὀνομαζόμενος
2617 2737 2779 2805 Σπὶς,
2804 2739 3144 2810 μοναστήρια
3166 2737 3232 2805 ἦν
3257 2736 3463 2806 κτίσας,
3485 2737 3538 2792 ἐν

1889 2827 1968 2894 τῷ
1987 2824 2142 2894 τόπῳ
2165 2826 2243 2893 τῷ
2265 2822 2662 2895 ὀνομαζομένῳ
2684 2823 2940 2897 Κάμπλε,
2965 2825 3114 2887 ὅστις
3132 2822 3273 2898 ἕκτῳ
3299 2824 3534 2899 μιλίῳ,ἣ

1887 2911 1977 2966 καὶ
1996 2909 2364 2982 (ι)προσένδον
2388 2909 2651 2966 διάκειται
2674 2911 2780 2968 άπὸ
2793 2921 2890 2981 τῆς
2905 2909 3119 2977 πόλεως
3141 2922 3238 2984 τῆς
3263 2914 3537 2989 καλουμέ-

1885 3025 1984 3074 νης
2006 3002 2242 3066 παλαιᾶς
2267 3001 2555 3078 Νουρσὶας.
2581 3005 2788 3061 Τοῦτον
2813 3007 2840 3059 6
2864 3005 3273 3080 παντοδύναμος
3296 3007 3385 3062 καὶ
3408 3007 3530 3064 ἐλε-

1887 3093 2048 3164 ήμων
2083 3093 2212 3153 Θεὸς
2240 3092 2464 3147 ἐνταῦθα
2483 3090 2864 3160 παιδε·3σας,ἐκ
2883 3100 2990 3149 τῶν
3016 3095 3250 3150 αἶωνίων
3284 3097 3531 3172 βασάνων

141 3165 286 3251 vavtt
305 3204 357 3251 et
379 3165 666 3267 gratiam;
685 3204 1084 3266 quantumque
1100 3165 1234 3248 eum
1251 3165 1410 3263 prius
1431 3193 1778 3265 ﬂagellando

1897 3183 1990 3256 (ιη)
2003 3179 2262 3250 ἐξείλατο.
2279 3184 2392 3250 Τῆς
2406 3183 2510 3256 γὰρ
2528 3182 2786 3257 μεγίστης
2805 3183 2968 3238 αὐτοῦ
2989 3165 3303 3257 οἰκονομίας
3324 3185 3412 3239 καὶ
3431 3187 3530 3254 τήν

147 3283 810 3357 diligeret,postmodum
845 3284 1092 3353 perfecte
1124 3285 1381 3337 sanando
1413 3283 1777 3339 monstravit.

141 3379 271 3446 Bjus
295 3389 561 3446 namque
581 3372 780 3429 oculos
812 3388 914 3443 per
934 3372 1321 3443 quadraginta
1336 3389 1624 3426 annorum
1648 3389 1784 3444 spa-

146 3463 277 3518 tium
309 3464 612 3519 continua
642 3460 921 3515 caecitatis
954 3459 1203 3515 tenebris
1231 3460 1701 3530 pressit,nullum
1733 3461 1785 3517 ei

148 3549 330 3608 lumen
360 3551 451 3606 vel
477 3554 747 3606 extremae
767 3548 1012 3605 visionis
1032 3549 1439 3621 aperiens.Sed
1464 3552 1597 3618 quia
1619 3567 1787 3607 nemo

146 3641 195 3695 in
221 3642 462 3697 verbere
495 3639 656 3694 illius
688 3640 878 3711 gratia
917 3655 978 3694 se
1009 3638 1359 3694 destituente
1407 3639 1700 3708 subsistit,
1731 3644 1788 3696 et

152 3731 247 3786 nisi
279 3730 440 3786 idem
477 3728 814 3784 misericors
847 3727 1017 3783 Pater
1049 3728 1149 3798 qui
1183 3745 1413 3799 prauam
1451 3729 1669 3797 irrogat
1700 3747 1793 3800 pa-

150 3819 396 3874 tientiam
415 3821 811 3891 praestet,m0x
835 3816 906 3887 (c)
931 3833 1030 3884 per
1052 3815 1470 3888 impatientiam
1487 3822 1791 3890 peccatum

154 3909 303 3963 nobis
333 3912 468 3978 ipsa
501 3910 676 3978 auget
708 3906 994 3977 correptio
1026 3907 1606 3976 pecoatorum,fitque
1621 3907 1793 3963 modo

157 3995 467 4051 miserabili
509 3999 570 4049 ut
597 3993 766 4063 culpa
790 3999 986 4048 nostra
1019 3994 1170 4049 unde
1201 4010 1432 4064 sperare
1462 3997 1656 4050 debuit
1680 4002 1792 4051 ter-

157 4084 750 4154 minum,indesumat
764 4089 1080 4154 augmento
1093 4100 1181 4152 m;
1207 4083 1418 4139 idcirco
1434 4095 1635 4140 nostra
1648 4089 1795 4140 Deus

158 4173 380 4228 inﬁrma
396 4171 1044 4244 conspiciensﬂagellts
1074 4173 1194 4226 suis
1223 4173 1548 4227 custodiam
1585 4173 1798 4244 permi-

160 4269 475 4332 scegatque
502 4263 558 4316 in
597 4261 966 4331 percussione
996 4277 1104 4316 sua
1129 4260 1329 4316 electis
1356 4260 1491 4316 filiis
1515 4278 1669 4317 nunc
1690 4264 1796 4318 mi-

1895 3271 2128 3340 ἀπειλήν
2158 3264 2343 3342 ἔδειξε,
2391 3270 2479 3324 καὶ
2507 3272 2608 3340 τήν
2638 3271 2990 3344 συμπάθειαν.
3039 3273 3208 3327 Πόσον
3241 3273 3343 3349 γάρ
3376 3273 3538 3328 αὑτὸν

1895 3362 1956 3415 τὸ
1979 3360 2239 3434 πρότερον
2263 3359 2534 3432 μαστίζων
2563 3359 2770 3434 ἠγάπα,
2798 3360 3082 3432 μετέπειτα
3105 3359 3432 3434 ὁλοκλήρως
3453 3360 3543 3415 αὗ-

1896 3448 1986 3504 τὸν
2008 3447 2294 3520 ἰασάμενος
2316 3444 2600 3518 ἐπέδειξεν.
2625 3447 2759 3510 Τοὺς
2791 3451 2895 3526 γὰρ
2914 3449 3078 3505 αὑτοῦ
3105 3448 3423 3526 ὀφθαλμοὺς
3449 3448 3543 3524 μέ-

1899 3558 1995 3615 χρι
2018 3540 2568 3613 τεσσαρακονταετοῦς
2591 3535 2802 3612 χρόνου
2817 3535 3282 3612 διαστήματος,τῇ
3307 3538 3544 3614 ἐπιμονῇ

1898 3631 1997 3682 τοῦ
2027 3625 2252 3689 σκότους
2282 3633 2385 3695 τῆς
2403 3625 2734 3704 τυφλώσεως
2762 3630 2846 3700 (η)
2869 3627 3177 3701 ἐπλήρωσε,
3205 3626 3373 3702 μηδὲν
3396 3628 3544 3701 αὑτῷ

1902 3718 2082 3796 φωτὸς
2113 3714 2210 3770 κάν
2245 3719 2440 3790 μικρᾶς
2471 3714 2708 3789 ὁράσεως
2755 3715 2925 3791 αὐγὴν
2965 3718 3317 3792 καταλείψας.
3352 3715 3545 3778 Οὐδεὶς

1903 3803 1960 3860 δὲ
1988 3807 2088 3875 την
2125 3805 2358 3880 μάστιγα
2393 3805 2674 3880 ὑπενέγκαι
2703 3801 2945 3875 δύναται,
2975 3809 3075 3879 τῇς
3116 3810 3344 3884 χάριτος
3382 3807 3545 3862 αὑτὸν

1904 3895 2510 3972 ἐγκαταλιμπανούσης,
2527 3895 2572 3949 εἱ
2595 3898 2669 3968 μή
2685 3896 2843 3958 αὐτὸς
2869 3898 2897 3951 ὁ
2919 3896 3170 3970 ἐλεήμων
3195 3900 3376 3973 πατὴρ
3398 3899 3424 3953 6
3445 3898 3546 3965 τὴν

1909 3987 2138 4063 βάσανον
2189 3985 2447 4058 παρέχων
2503 3984 2784 4056 ὑπομονὴν
2827 3981 3164 4059 δωρήσηται.
3201 3986 3298 4041 Διὰ
3327 3987 3426 4061 γὰρ
3452 3989 3550 4058 τῇς

1905 4072 2346 4147 ἀνυπομονησίας
2370 4072 2636 4145 ἁμαρτίαν
2657 4075 2792 4145 ἡμῖν
2815 4074 2951 4142 αὐτή
2974 4077 3008 4145 ἡ
3032 4073 3311 4138 παίδευσις
3323 4075 3554 4150 προστί-

1906 4166 2082 4233 Θησιν·
2109 4163 2227 4224 ὅθεν
2257 4159 2452 4216 λοιπὸν
2483 4157 2791 4234 συμϐαίνει,
2821 4163 3012 4236 τρόπῳ
3043 4163 3264 4236 ἐλεεινῷ
3292 4162 3555 4240 γενέσθαι,

1909 4251 1991 4308 ὅτι
2025 4252 2140 4307 ὅθεν
2176 4247 2384 4329 ὀφείλει
2415 4251 2476 4305 τὸ
2508 4256 2752 4324 πταῖσμα
2783 4253 2942 4323 ἡμῶν
2969 4253 3321 4331 συγχώρησιν
3346 4250 3557 4325 λαϐεῖν,

154 4352 519 4407 sericorditer
539 4350 743 4421 justus
774 4354 951 4419 est,ut
978 4349 1098 4404 sint
1126 4349 1338 4418 quibus
1371 4356 1568 4422 postea
1596 4351 1787 4408 debeat

1911 4340 2112 4398 ἐκεῖθεν
2148 4341 2467 4414 προσθήκην
2525 4337 2725 4410 ὀδύνης
2773 4337 3011 4414 δέχεται.
3061 4345 3269 4398 Τούτου
3297 4340 3465 4398 ἕνεκεν
3493 4345 3561 4397 τὰ

152 4440 302 4508 jnste
333 4437 798 4495 misereri.Unde
829 4437 1218 4493 venerabilem
1252 4454 1450 4494 senem
1485 4440 1627 4495 dum
1651 4445 1799 4497 exte-

1910 4430 2150 4505 ὴμέτερα
2195 4429 2539 4501 ἀσθενήματα
2580 4430 2608 4484 6
2639 4429 2768 4490 Θεὸς
2798 4425 3132 4498 ἐπιϐλέπων,
3164 4436 3284 4491 ταῖς
3320 4431 3562 4503 μάστιξιν

159 4525 406 4582 rioribus
439 4524 700 4581 tenebris
730 4528 1043 4595 premeret,
1074 4524 1302 4580 interna
1331 4540 1635 4598 nunquam
1668 4527 1787 4583 luce

1916 4521 2080 4577 αὑτοῦ
2106 4519 2196 4573 καὶ
2229 4519 2512 4590 ὑπομονὴν
2541 4519 2842 4594 ἀναμίσγει,
2875 4517 3015 4575 ὥστε
3054 4521 3141 4573 καὶ
3187 4518 3459 4575 παιδεύων
3493 4519 3559 4573 τὰ

161 4614 705 4678 deetituit.0uicum
722 4612 951 4685 ﬂagello
977 4613 1319 4685 fatigaretur
1348 4615 1803 4684 corporis,babe-

163 4699 256 4756 bat
287 4720 390 4774 per
433 4701 625 4759 sancti
676 4701 932 4772 Spiritus
963 4701 1314 4768 custodiam,
1347 4703 1803 4759 consolationem

1910 4609 2143 4667 ’ἐκλεκτᾶ
2163 4606 2329 4663 αὐτοῦ
2350 4607 2506 4661 τέκνα
2529 4605 2783 4680 ἐλεήμων
2802 4609 2892 4664 καὶ
2917 4608 3126 4672 δίκαιος
3138 4615 3279 4689 φανῇ
3298 4611 3378 4673 et;
3403 4609 3560 4685 μετέ-

1916 4720 2074 4758 πειτα
2089 4695 2282 4771 μέλλει
2297 4693 2521 4759 δικαίως
2536 4696 3185 4774 σπλαγχνίζεσθαι.⁶Ὀθεν
3201 4701 3394 4756 καὶτὸν
3406 4700 3566 4756 εὐλα-

166 4792 372 4848 cordie.
393 4792 538 4849 Cum
553 4792 820 4862 verojam
835 4792 973 4847 anni
988 4790 1428 4864 quadragesimi
1443 4791 1597 4849 888
1613 4792 1783 4850 fuisse

1919 4784 2111 4845 ϐἐστατ
2121 4809 2173 4842 ον
2198 4785 2422 4861 γέροντα
2439 4789 2652 4855 τοῦτον,
2673 4787 2716 4841 εἰ
2738 4788 2828 4842 καὶ
2848 4792 2927 4860 τῷ
2947 4783 3138 4860 ἔξωθεν
3171 4789 3348 4846 σκότει
3369 4790 3564 4864 ἠμαύ-

168 4878 229 4934 in
257 4883 510 4938 ειείιιιιε
525 4881 607 4952 (d)
624 4887 853 4953 tempus
870 4880 1189 4952 expletum,
1211 4881 1261 4936 ei
1294 4881 1578 4937 Dominus
1608 4882 1808 4940 lumen

173 4970 780 5038 reddidit,etvicinum
809 4985 979 5025 suum
997 4969 1224 5026 obitum
1250 4969 1812 5043 denuntiavit,atque

252 5093 329 5166 (α)
374 5095 436 5149 In
485 5092 781 5166 Harlyrol.
831 5097 995 5149 Rom.
1047 5093 1268 5151 relatus
1307 5104 1414 5162 est,
1449 5096 1652 5165 quinto
1684 5097 1810 5153 Kal.

179 5165 360 5231 April.

252 5237 326 5303 (ὁ)
356 5237 585 5310 Primus
622 5239 874 5306 Gemet.,
897 5236 1268 5293 serenitatem.
1299 5237 1528 5293 Tertius
1555 5238 1814 5310 Carnot.,

185 5309 545 5365 securitatem.

256 5381 321 5451 lc)
357 5383 582 5436 Primus
619 5382 869 5445 Gemet.,
895 5397 1025 5436 mox
1054 5381 1411 5451 impatientia
1440 5388 1742 5451 peccatum.

258 5449 328 5526 (Δ)
359 5451 950 5526 German._§ecundus
980 5458 1038 5508 et
1066 5449 1273 5509 tertius
1303 5449 1563 5518 Carnot.,
1596 5453 1816 5526 Gemet.

187 5522 347 5586 prior
373 5539 438 5578 ac
419 5522 1060 5648 Criur.N-ortn..tempus
1082 5529 1381 5582 exemtum.
1413 5526 1570 5580 Alter
1600 5525 1818 5582 Gemet.

187 5598 240 5643 ει
271 5593 395 5648 Val.
488 5636 526 5648 ..
558 5603 766 5648 tempus
799 5606 1071 5648 exactum.

488 5636 526 5663 ’ν

180 5593 526 5684 2:351:01"
558 5603 766 5684 tempus
798 5593 1071 5684 (exactum.

357 5664 458 5740 με.
477 5706 491 5730 ,
513 5661 764 5740 ’τοσοὺτιρ
794 5661 1146 5740 διαστήματι.

250 5735 322 5804 (Ῑ)
359 5737 483 5804 IL,
511 5737 677 5794 αὐτοῦ
704 5735 763 5794 ἐκ
788 5739 887 5798 τοῦ
919 5735 1178 5816 σώματος

1921 4898 2119 4954 ρωσεν,
2141 4873 2267 4931 ἀλλ’
2287 4873 2382 4930 οὖν
2399 4879 2478 4945 τῷ
2493 4872 2704 4939 ἔνδοθεν
2726 4877 2862 4950 φωτὶ
2887 4875 3151 4932 οὐδέποτε
3170 4875 3564 4936 ἐνεκατέλιπεν.

1919 4969 2104 5028 Ὅστις
2125 4965 2177 5020 ἐν
2201 4965 2316 5037 ὅσῳ
2338 4967 2402 5038 τῇ
2425 4968 2524 5019 τοῦ
2554 4965 2809 5037 σώματος
2840 4965 3161 5042 ἐχειμαζετο
3187 4969 3428 5044 μάστιγι,
3451 4967 3570 5048 εἶχε

1994 5092 2236 5170 (9).Με.ι,
2288 5082 2536 5170 ἕτχμου
2586 5089 2640 5144 ἐν
2686 5095 2768 5163 τῷ
2826 5093 3174 5166 μοναστηρίῳ
3223 5094 3570 5170 ὑπάρχοντος

1926 5161 1954 5218 δ
1965 5159 2230 5238 ιτξγήσατὸ
2241 5234 2253 5238 Α
2263 5181 2357 5238 μοι
2390 5159 2579 5236 λέγων.

1996 5232 2077 5307 (Ιί)
2094 5232 2574 5307 Μενὺπάρχοντες
2588 5232 2903 5307 ἐγκλείστου
2921 5236 3069 5298 τινὸς
3093 5233 3295 5294 δούλου
3317 5243 3413 5293 τοῦ
3437 5243 3570 5294 Θεοῦ

1923 5303 2025 5376 τὴν
2055 5305 2242 5381 ψυχὴν.
2262 5303 2652 5381 ἐνιτῷῌοὺρανῷ
2672 5304 3042 5381 ἀνερχομένην
3074 5309 3357 5372 ἐθεάσαντο
3389 5320 3500 5368 etc.

2001 5373 2268 5450 (quam,
2301 5373 2690 5450 ἀληέξξςὸπερ.

1999 5449 2066 5520 (j)
2101 5452 2184 5503 lta
2213 5452 2316 5504 Ms.
2341 5449 2400 5503 In
2418 5449 2663 5521 _Excusis
2687 5449 2901 5521 legitur
2925 5455 3222 5513 mendose.
3247 5452 3571 5510 ἐπισκόπου.

2028 5521 2240 5596 lt)_Ms.,
2279 5538 2383 5596 μου
2414 5516 2466 5596 ἐν
2490 5523 2571 5596 τῷ
2603 5516 2829 5592 μοναστ.
2855 5522 3220 5596 ὑπάρχοντος.

2029 5593 2067 5659 ι)
2099 5586 2230 5662 Ms.,
2262 5586 2412 5662 1':pr
2436 5586 2612 5649 ἔνδονξ

2031 5608 2067 5659 ι)
2099 5608 2230 5662 1113.,
2262 5611 2301 5644 π
2340 5608 2398 5652 ος
2436 5608 2550 5646 ενοε

2031 5663 2106 5733 m)
2127 5662 2272 5733 Ms"
2294 5608 2550 5731 ἐξείλετο.

2007 5732 2094 5808 (η)
2122 5732 2257 5804 Ms.,
2289 5733 2559 5811 ἐπήρωσε.

4061 4353 4067 4519 1

4063 4582 4069 4804 ἴ

4061 4456 4073 4805 1

4065 4813 4077 5018 ι
