4168 6170
528 354 645 415 339
1761 346 2034 409 SANCTI
2083 345 2463 408 GREGORII
2503 344 2756 406 MAGNI
3792 352 3888 416 340

534 484 753 561 λεχθεὶς
773 480 985 559 Πρόϐος
1016 481 1184 558 λέγει.
1199 483 1388 544 ’Ὀστις
1408 481 1462 536 ὲν
1485 483 1597 554 ὅσῳ
1616 485 1684 554 τῇ
1701 465 1858 554 κλίνῃ
1882 484 1978 534 τοῦ
1998 480 2177 551 κειμέ-
2213 540 2217 547 ε

2326 479 2396 550 {ui
2430 480 2700 534 eumdem
2734 493 2965 550 quoque
2996 477 3308 534 candorem
3354 477 3624 547 vestium,
3665 483 3884 544 vultuum

537 597 634 631 νου
691 575 1010 650 παρίστατο,
1063 573 1316 636 ἐθεάσατο
1376 570 1569 648 αἴφνης
1621 570 1818 645 ἄνδρας
1862 571 2007 630 τινὰς
2052 570 2186 642 πρὸς

2327 584 2531 624 uorum
2552 567 3020 624 lucevincebant.
3035 569 3097 636 (ft
3113 570 3236 634 Qua
3253 568 3740 640 splendorisetiam
3755 577 3888 632 clari-

539 665 698 720 αὐτὸν
731 663 1230 736 προσερχομένους,
1265 659 1463 722 στολὰς
1514 660 1707 722 λευκάς
1753 659 2180 736 ἠμφιεσμένους,

2326 667 2403 714 ate
2424 657 2748 728 perculsus,
2771 657 3011 727 quinam
3033 657 3115 710 illi
3137 663 3358 720 essent,
3381 658 3595 714 emissa
3615 662 3888 733 ccepitvoce

540 753 735 814 οἵτινες
763 758 842 822 τῷ
871 751 1010 830 φωτὶ
1039 756 1136 806 τοῦ
1166 752 1462 810 προσώπου
1493 750 1668 805 αὐτῶν
1699 751 1796 818 τὴν
1821 745 2184 823 λαμπρότητα

2327 747 2566 802 lamare.
2586 748 2711 812 Qua
2731 761 2866 801 voce
2887 747 3063 800 etiam
3089 745 3307 802 Probus
3341 747 3642 820 episcopus
3674 767 3896 811 commo-

535 842 891 914 τῶνὶματίων
909 835 1303 916 ὑπερέϐαλλον.
1323 841 1418 896 Ἐκ
1436 847 1536 907 τῆς
1560 839 1840 912 ἀστραπῆς
1864 835 1961 891 οὖν
1984 844 2083 904 τῆς
2098 835 2188 890 αύ-

534 935 644 985 τῶν
679 930 1070 1005 λαμπρότητος
1100 929 1336 1003 πληγεὶς
1369 931 1396 982 6
1419 934 1567 992 παῖς,
1597 929 1782 1006 φωνην
1810 928 2189 1001 προσενέγκας,

2294 841 2409 902 tus,
2437 836 2715 890 intrantes
2739 851 2833 889 eos
2857 833 3082 905 aspexit
3102 840 3159 890 et
3181 837 3438 906 agnovit,
3482 842 3642 906 atque
3665 844 3896 900 eumdem

2297 925 2639 981 stridentem
2669 925 3111 995 vagientemque
3150 940 3387 993 puerum
3420 926 3690 984 consolari
3735 933 3899 1002 coepit,

533 1023 748 1097 κράζειν
790 1018 1007 1090 ἤρξατο,
1029 1019 1170 1081 τίνες
1205 1019 1397 1076 ἐκεῖνοι
1443 1018 1774 1091 ὑπάρχουσι.
1797 1021 1878 1090 Ίῇ
1911 1013 1968 1070 δὲ
1995 1016 2191 1070 τούτου

2326 1015 2532 1070 licens:
2558 1015 2684 1069 Noli
2708 1015 2932 1081 timere,
2955 1015 3059 1082 fili,
3091 1016 3227 1086 quia
3248 1015 3320 1070 ad
3344 1031 3434 1070 me
3451 1024 3674 1073 sanctus
3692 1019 3904 1077 Juvena'

540 1112 698 1185 φωνῇ
729 1106 942 1183 Προϐος
975 1110 1002 1163 6
1034 1107 1105 1163 ἐπ
1129 1109 1322 1163 ίσκοπο
1347 1108 1741 1182 συνταραχθεὶς
1767 1104 2190 1180 εἰσερχομένους

541 1198 735 1260 αὐτοὺς
757 1199 1014 1271 ἑωρακὼς
1037 1201 1265 1259 τούτους
1288 1196 1513 1271 ἐπέγνω.
1534 1198 1632 1250 Τὸν
1660 1194 1717 1250 δὲ
1742 1197 2006 1269 κράζοντα
2027 1193 2195 1250 παῖδα

544 1287 878 1362 παρακαλεῖν
917 1286 1142 1357 ἤρξατο,
1178 1285 1384 1362 λέγων’
1425 1288 1515 1353 Μὴ
1556 1280 1755 1362 φοϐοῦ,
1786 1286 1868 1339 ὅτι
1899 1285 2036 1359 πρός
2071 1304 2136 1356 με
2166 1284 2194 1337 6

546 1377 702 1453 ἅγιος
735 1370 1221 1446 Ἰουϐενᾶλιος,καὶ
1250 1376 1278 1429 6
1300 1376 1456 1451 ἅγιος
1479 1372 1818 1450 Ἐλευθέριος
1851 1374 1902 1427 oi.
1929 1374 2197 1448 μάρτυρες

548 1466 990 1535 ἧλθον.Ἐκεῖνος
1011 1461 1070 1519 δὶ
1089 1471 1190 1533 τῆς
1207 1465 1466 1534 τοιαύτης
1489 1462 1749 1524 ὀπτασίας
1771 1465 1848 1535 (a)
1863 1462 1926 1517 16
1943 1462 2198 1536 νεούργη.

551 1576 626 1628 μα
660 1556 736 1626 μὴ
767 1555 966 1631 φέρων,
999 1551 1192 1628 δρόμῳ
1220 1551 1514 1628 ταχυτάτῳ
1545 1546 1646 1621 ἔξω
1671 1553 1778 1606 τῶν
1809 1556 1985 1626 θυρῶν
2017 1547 2196 1628 ἔφυγε.

549 1643 680 1717 Περὶ
711 1639 769 1697 δὲ
797 1641 871 1696 ὧν
902 1639 1184 1712 έθεᾶσατο,
1209 1647 1289 1714 τῷ
1310 1641 1473 1714 πατρὶ
1502 1641 1593 1695 καὶ
1617 1646 1736 1703 τοῖς
1765 1639 1971 1711 ἰατροῖς
1995 1639 2196 1713 ἐμήνυ-

2302 1104 2374 1160 lis
2395 1113 2452 1159 et
2477 1114 2711 1159 sanctus
2750 1105 3124 1160 Eleutherius
3158 1114 3438 1178 martyres
3485 1117 3767 1165 venerunt.
3823 1112 3908 1169 Ille

2303 1200 2495 1249 autem
2526 1199 2700 1248 tantae
2731 1194 2970 1249 visionis
2996 1195 3311 1250 novitatem
3370 1213 3485 1250 non
3527 1197 3721 1265 ferens,
3759 1216 3909 1257 cursu

2304 1284 2528 1340 concito
2558 1287 2719 1338 extra
2751 1283 2902 1338 fores
2933 1283 3100 1354 fugit,
3129 1289 3302 1356 atque
3323 1301 3424 1340 eos
3453 1301 3600 1357 quos
3619 1287 3818 1343 viderat
3838 1305 3922 1360 pr

2305 1374 2378 1428 tri
2410 1388 2476 1428 ac
2509 1372 2748 1427 medicis
2781 1371 3210 1436 nuntiavit.Qui
3242 1373 3470 1428 concite
3498 1374 3914 1434 descenderunt;

2308 1462 2408 1519 sed
2430 1477 2642 1530 aegrum
2676 1477 2848 1533 quem
2873 1461 3229 1534 reliquerant
3253 1463 3376 1532 jam
3412 1461 3737 1519 defunctum
3779 1466 3921 1522 inve-

2311 1553 2544 1615 nerunt,
2569 1549 2707 1620 quia
2737 1549 2820 1604 illi
2853 1565 2987 1606 eum
3019 1550 3507 1617 secumtulerant,
3527 1567 3759 1622 quorum
3775 1553 3924 1611 visio-

2311 1656 2441 1695 nem
2479 1639 2790 1710 pncrlerre
2820 1655 2934 1694 non
2970 1639 3179 1709 potuit,
3221 1639 3318 1710 qui
3351 1639 3446 1696 hic
3479 1641 3773 1698 remansit.

548 1752 655 1788 σεν.
689 1729 906 1790 Οῖτινες
939 1731 1218 1803 συντόμως
1251 1729 1629 1800 κατελθόντες,
1661 1731 1752 1785 τὸν
1785 1727 2084 1804 ἄρρωστον,
2127 1729 2185 1783 ’ὸν
2212 1725 2529 1795 κυτέλιπον,
2563 1725 2788 1781 θανέντα
2818 1726 3015 1782 λοιπὸν
3046 1725 3392 1801 εύρον.“Οθιν
3421 1725 3615 1801 δῆλον,
3643 1729 3721 1785 ὅτι
3750 1728 3923 1786 έκεῖνοι

548 1817 710 1872 αὐτὸν
742 1818 858 1890 μετ’
889 1816 1092 1872 ἑαυτῶν
1121 1817 1344 1890 ἐπῆραν,
1376 1818 1452 1872 ὧν
1483 1818 1581 1886 τὴν
1615 1818 1734 1880 θέαν
1771 1816 2059 1889 ὑπενέγκαι
2094 1813 2192 1869 οὐκ
2220 1811 2464 1885 ἠδυνήθη
2499 1813 2527 1868 6
2558 1809 2740 1868 ἐνθάδε
2766 1812 3065 1886 ἀπομείνας
3091 1818 3243 1882 παῖς,

1071 1908 1218 1964 801
1267 1910 1528 1964 ΚΕΦΑΛ.
1574 1907 1672 1962 ΙΔ’.

553 1997 684 2073 Περί
712 2002 812 2066 τῆς
842 1994 1413 2086 τελειώσεωςοΓάλλης
1431 1993 1751 2087 μοναστρίας
1773 1997 2036 2070 θυγατρὸς
2061 2001 2204 2068 Συμ-

1122 2073 1305 2143 μάχου
1334 2073 1642 2143 πατρικίού.

2231 1909 2276 1973 Β

629 2177 751 2232 Ἑπὶ
782 2175 998 2236 τούτοις
1030 2173 1153 2231 οὐδὲ
1181 2180 1344 2232 τοῦτο
1374 2177 1871 2252 παρασιωπηθῆναι
1907 2172 2113 2230 δίκαιον
2128 2175 2206 2248 (ὁ)

559 2262 751 2335 γρίνω,
767 2262 899 2338 ὅπερ
926 2285 1018 2336 μοι
1040 2265 1334 2338 πρόσωπον
1358 2263 1710 2341 μέγιστονκαὶ
1733 2263 2002 2336 πιστὸντῇ
2018 2259 2209 2337 διηγή-

565 2373 645 2408 σει
660 2351 962 2428 ἰγνώρισεν-
979 2353 1176 2426 Ἔλεγε
1187 2355 1316 2428 γὰρ,
1332 2354 1413 2408 ὅτι
1429 2353 1479 2408 έν
1491 2358 1609 2413 τοῖς
1619 2357 1726 2407 τῶν
1741 2353 1951 2406 Γότθων
1973 2352 2207 2424 καιροῖς,

559 2439 745 2496 Γάλλα
759 2463 844 2502 τις
859 2441 1208 2516 εὐγενεστάτη
1225 2442 1362 2516 κόρη
1385 2442 1585 2510 ταύτης
1599 2448 1698 2510 τῆς
1713 2439 1953 2507 πόλεως,
1969 2441 2209 2515 θυγάτηρ

563 2532 888 2606 ὑπάρχουσα
922 2533 1237 2609 Συμμάχου
1258 2536 1356 2585 τοῦ
1381 2531 1585 2586 ὑπάτου
1605 2530 1694 2586 καί
1725 2529 2034 2600 πατρικίου,
2058 2528 2110 2583 έν
2133 2534 2212 2601 τῷ

561 2629 629 2690 τῆ
640 2643 664 2684 ς
690 2622 947 2690 νεότητος
960 2622 1132 2689 αὐτῆς
1149 2621 1360 2695 χρόνῳ,
1376 2618 1528 2695 ἀνδρῖ
1542 2623 1613 2693 (c)
1627 2617 2010 2694 παραδοθεῖσα,
2022 2616 2114 2674 ’ένα
2123 2620 2211 2674 καὶ

575 2708 739 2782 μόνον
771 2707 1016 2764 ἐνιαυτὸν
1049 2712 1346 2781 συζήσασα,
1377 2709 1574 2764 τούτου
1614 2707 2038 2779 τελευτήσαντος
2065 2711 2218 2784 χήρα

574 2798 1014 2873 γέγονε.Ταὺτην
1049 2795 1106 2853 δὲ
1136 2801 1170 2868 ἡ
1205 2800 1350 2871 ἀκμή
1384 2806 1484 2868 τῆς
1515 2800 1893 2869 νεότητος,καὶ
1919 2801 1954 2867 ἡ
1975 2803 2072 2852 τοῦ
2092 2797 2214 2852 κόσ-

583 2908 687 2960 μου
711 2885 992 2961 ἐπιθυμία,
1007 2887 1096 2942 καὶ
1117 2892 1214 2943 τοῦ
1235 2887 1476 2943 πλούτου
1499 2889 1627 2960 ἡ(ά)
1649 2887 1851 2958 ἀπάτη,
1866 2888 2001 2961 πρὸς
2022 2888 2084 2942 τὸ
2107 2885 2221 2941 δευ-

577 2976 755 3046 τέροις
777 2977 1194 3051 προσομιλῆσαι
1205 2981 1402 3053 γάμοις
1415 2975 1597 3047 ἐξεκαλ
1609 2983 1716 3032 εῖτο
1726 3020 1738 3033 .
1748 2975 1921 3033 Ἀλλὰ
1933 2977 2067 3047 αῦτη
2089 2973 2224 3048 μᾶλ-

585 3065 680 3121 λον
715 3065 990 3137 ἐξελέξατο
1013 3072 1400 3139 πνευματικοῖς
1425 3069 1624 3141 γάμοις
1643 3072 1723 3139 τῷ
1745 3071 1860 3138 Θεῷ
1872 3067 2222 3142 συναφθῆναι,

582 3153 784 3218 ο⁹ίτινες
816 3157 921 3210 ἀπὸ
953 3158 1179 3218 πένθους
1225 3154 1622 3234 ἅρχονται,καὶ
1671 3155 1748 3218 εἷς
1795 3156 1968 3231 χαρὰν
2006 3154 2222 3208 αἰώνιον

577 3242 1162 3321 καταλήγουσιν,ἤπερ
1188 3251 1469 3319 σαρκικοῖς
1483 3245 1682 3320 γάμοις
1706 3241 2224 3318 ὑποταγῆναι,ο⁹ίτι-
2253 3279 2294 3345 C

569 3354 656 3395 νες
669 3333 774 3388 ἀπὸ
789 3333 1120 3411 εὐφροσύνης
1134 3332 1422 3408 ἄρχονται,
1437 3334 1487 3388 ἐν
1505 3331 1561 3389 δὲ
1573 3339 1650 3406 τῷ
1669 3333 1813 3388 τέλει
1840 3333 1977 3406 μετᾶ
1995 3334 2223 3395 πένθους

567 3423 915 3498 πορεύονται.
951 3420 1170 3499 Σφόδρα
1202 3422 1260 3477 δὲ
1291 3423 1459 3492 αὐτῆς
1498 3421 1705 3497 θέρμης
1746 3420 2104 3496 ὑπαρχούσης
2151 3424 2220 3492 τῇ

568 3516 872 3585 κατασκευῇ
894 3516 992 3565 τοῦ
1015 3513 1295 3583 σώματος,
1316 3509 1550 3585 ἤρξαντο
1575 3513 1626 3565 οἱ
1650 3512 1827 3586 ἴατροί
1860 3509 2054 3585 λέγειν,
2071 3511 2152 3565 ὅτι
2175 3509 2221 3564 εἰ

567 3602 644 3673 μὴ
681 3600 761 3662 εἷς
795 3601 1128 3672 συμπλοκὴν
1160 3597 1356 3675 ἀνδρὸς
1401 3600 1733 3674 ἐπιστρέψει,
1765 3604 1833 3674 τῇ
1880 3597 2219 3677 σφοδροτάτῃ

565 3689 739 3763 θέρμῃ
767 3695 866 3758 τῆς
895 3689 1104 3766 φύσεως
1127 3691 1303 3765 γένεια
1335 3687 1530 3763 μέλλει
1562 3688 1826 3764 ἐκφέρειν.
1858 3691 2036 3762 Ὅπςρ
2073 3687 2223 3760 μετέ-

568 3799 725 3835 πειτα
746 3779 838 3833 καὶ
867 3779 1111 3855 γέγονεν.
1134 3777 1292 3836 Ἀλλ’
1323 3781 1357 3847 ἠ
1391 3779 1518 3853 ἁγία
1550 3776 1725 3848 ἐκείνη
1758 3780 1895 3849 γυνὴ
1931 3775 2083 3832 οὐδὲν
2121 3784 2221 3846 τῆς

571 3866 762 3938 ἔξωθεν
793 3868 1192 3942 ἀσχημοσύνης
1225 3867 1550 3944 ἐφρόντισεν,
1572 3867 1693 3936 ἥτις
1719 3861 1869 3922 ἔνδον
1901 3868 2138 3944 νυμφίου
2158 3868 2220 3922 τὸ

571 3955 779 4018 κάλλος
811 3958 1113 4029 ἠγάπησεν.
1129 3953 1270 4014 Οὐδὲ
1288 3957 1350 4012 τὸ
1373 3956 1422 4010 ἂν
1452 3957 1592 4029 αὐτῇ
1613 3953 1850 4018 ἀκαλλὲς
1873 3957 2218 4030 ἠρυθρίασεν,

571 4044 718 4102 ἀλλὰ
735 4044 945 4118 μᾶλλον
960 4046 1130 4102 έκεῖνο
1143 4045 1344 4121 ᾐδέσθη
1358 4047 1420 4102 τὸ
1433 4047 1685 4119 παράτοῦ
1708 4045 1963 4118 οὐρανίου
1984 4046 2220 4122 νυμφίου

577 4137 653 4210 μὴ
676 4136 1058 4210 ἀγαπώμενοψ
1090 4138 1332 4211 Παρευθὺ
1365 4133 1461 4190 οὖν
1499 4138 1596 4190 τοῦ
1625 4134 1948 4202 τελευτῆσαι
1987 4133 2076 4188 τὸν
2100 4134 2223 4187 ταύ-

571 4246 670 4295 της
696 4224 940 4302 σύζυγον,
973 4220 1326 4281 ἀποϐαλοῦσα
1355 4226 1419 4281 τὸ
1447 4224 1713 4296 κοσμικὸν
1755 4230 1971 4301 σχῆμα,
1996 4222 2071 4284 εἰς
2117 4224 2220 4292 τήν

572 4319 670 4371 τοῦ
698 4313 1123 4387 παντηδυνάμου
1161 4321 1295 4372 Θεοῦ
1329 4313 1580 4370 δουλείαν
1603 4315 1798 4382 ἑαυτήν
1828 4309 2144 4380 ἐκδέδωκεν,
2166 4310 2217 4366 έν

572 4409 654 4476 τῷ
679 4405 1026 4478 μοναστηρίῳ
1055 4409 1134 4478 τῷ
1165 4403 1277 4460 ὄντι
1307 4407 1452 4476 παρᾶ
1479 4406 1576 4472 τήν
1609 4407 1706 4458 τοῦ
1728 4401 1996 4475 μακαρίου
2016 4403 2221 4474 Πέτρου

573 4497 671 4548 τοῦ
701 4491 1013 4548 ἀποστόλου
1035 4493 1347 4563 ἐκκλησίαν·
1367 4495 1574 4548 Ἐκεῖσε
1599 4491 1691 4547 οῦν
1715 4491 1801 4547 ἐπὶ
1824 4489 2070 4552 πολλοὺς
2095 4490 2224 4564 χρό-

574 4601 700 4642 νους
733 4580 784 4635 έν
819 4581 1012 4651 ἀκακία
1033 4579 1256 4654 καρδίας
1275 4582 1365 4636 καὶ
1389 4580 1638 4655 ἐπιμόνῳ
1659 4583 1942 4655 προσευχῇ
1973 4576 2224 4648 διήρκεσε

576 4669 859 4732 πλουσίως
886 4675 1003 4730 τοῖς
1037 4667 1315 4742 δεομένοις
1345 4673 1444 4739 τήν
1469 4669 1842 4741 ἐλεημοσύνην
1879 4666 2220 4742 παρέχουσα.
2254 4637 2299 4703 D

575 4761 708 4818 Ὅτε
731 4757 788 4814 δὲ
811 4758 1002 4815 λοιπὸν
1022 4759 1113 4814 τὸν
1138 4758 1360 4813 αἰώνιον
1385 4759 1573 4832 μισθὸν
1599 4760 1627 4812 6
1649 4755 2060 4828 παντοδύναμος
2091 4756 2220 4819 Θεὸς

576 4856 692 4911 τοῖς
721 4850 924 4920 ταύτης
947 4848 1216 4922 καμάτοις
1239 4849 1617 4926 παρασχέσθαι
1650 4846 1833 4922 ὥρισε,
1865 4851 1928 4918 (c)
1963 4845 2221 4920 καρκίνου

577 4939 793 5013 ἐπλήγη
820 4937 986 5013 θηλῇ.
1012 4941 1103 4997 Ἐν
1125 4936 1182 4994 δὲ
1202 4944 1269 5014 τῇ
1292 4941 1575 5012 νυκτερινῇ
1589 4936 1795 5010 ἠσυχίᾳ
1813 4930 2188 5009 ἕμπροσθεντῆ
2198 4956 2223 4998 ς

577 5027 773 5098 κλίνης
805 5028 972 5094 αὐτῆς
1005 5024 1102 5082 δύο
1135 5027 1353 5104 λυχνίαι
1385 5026 1586 5104 φαίνειν
1617 5024 1869 5099 ἤρξαντο.
1893 5026 1956 5080 Ἣ
1994 5025 2095 5100 γάρ
2123 5025 2223 5080 τοῦ

579 5117 1086 5197 φωτὸςξπροσφιλής
1101 5117 1161 5173 ού
1177 5118 1337 5191 μόνον
1357 5117 1420 5173 τὸ
1442 5115 1634 5187 νοητὸν
1660 5115 1874 5181 σκότος,
1888 5112 2033 5167 ἀλλὰ
2052 5115 2138 5168 καὶ
2161 5113 2223 5168 16

679 5249 736 5313 (ι)
767 5245 899 5312 Με..
931 5244 993 5298 τὸ
1025 5242 1225 5317 ὅραμα.

679 5249 736 5313 (ι)
767 5247 899 5312 Με..
931 5247 993 5298 τὸ
1025 5247 1186 5317 δραμε

654 5247 730 5390 ίὺ)
761 5317 893 5385 Μ8.,
920 5318 1186 5392 ᾐγοῦμαι.

655 5387 724 5458 (τε)
759 5393 886 5454 Μει..
917 5387 1269 5458 ἀρμίοσῆεῖσα.

661 5457 736 5530 (ά)
771 5461 899 5527 Mm,
933 5457 1137 5531 ἀγάπη.

589 5599 613 5656 ἰ
749 5521 1350 5603 Μεοίκαρκίνουπληγῆ
1368 5523 1418 5580 έν
1431 5530 1510 5600 τῷ
1521 5528 1723 5601 ταύτης
1737 5528 1926 5603 μάσθω
1939 5521 2228 5600 ἰκρούσθη,

616 5623 641 5654 ν
737 5643 748 5656 ο

616 5623 641 5654 ν
664 5623 960 5757 ὥρμει,
996 5673 1102 5742 Qui
1130 5671 1435 5757 splendoris
1463 5689 1654 5757 eorum
1674 5674 1820 5757 plur:

665 5741 742 5814 (ά)
772 5744 911 5813 Ejus
942 5741 1270 5804 encomium
1303 5743 1429 5815 lege
1460 5745 1517 5802 in
1551 5744 1912 5817 Martyrolog.
1947 5741 2227 5810 Rom.,ad

2840 1905 2993 1962 892
3025 1904 3257 1962 CAPUT
3290 1905 3436 1962 XIII.

2597 2033 2672 2088 De
2701 2031 2947 2088 transitu
2989 2032 3064 2103 la)
3100 2030 3269 2087 Gallae
3308 2031 3540 2090 ancillae
3571 2032 3685 2090 Dei.

2390 2181 2614 2234 Interea
2629 2193 2816 2250 neque
2829 2177 2938 2232 hoc
2955 2177 3246 2233 silendum
3273 2176 3532 2234 arbitror
3553 2178 3634 2251 (h)
3657 2180 3802 2251 quod
3825 2178 3949 2234 mihi

2319 2283 2698 2342 personarum
2726 2267 2988 2338 gravium
3022 2273 3201 2339 atque
3251 2267 3522 2322 ﬁdelium
3575 2277 3657 2323 est
3705 2267 3958 2324 relatione

2318 2372 2443 2414 com
2454 2369 2698 2428 perium.
2714 2355 3033 2411 Gothorum
3053 2356 3693 2426 namquetemporibus
3706 2355 3858 2412 Galla
3870 2356 3961 2411 bu-

2314 2446 2415 2517 jus
2446 2444 2607 2500 urbis
2633 2443 2990 2500 nobilissima
3021 2444 3212 2515 puella
3232 2444 3579 2516 Symmachi
3599 2445 3964 2512 consulis,ac-

2325 2537 2550 2606 patricii
2576 2535 2714 2600 ﬁlia,
2734 2535 2889 2590 intra
2919 2533 3320 2590 adolescentia:
3345 2541 3629 2609 tempora
3651 2538 3850 2592 marito
3868 2543 3968 2592 tra-

2324 2626 2465 2694 dita,
2499 2626 2555 2678 in
2591 2624 2766 2679 unius
2798 2623 2933 2678 anni
2960 2625 3148 2692 spatio
3180 2627 3304 2694 ejus
3347 2633 3440 2679 est
3497 2632 3693 2682 morte
3735 2626 3967 2682 viduata.

2326 2715 2506 2779 Quam
2522 2715 2660 2768 dum
2673 2755 2686 2780 ,
2701 2713 2958 2768 fervente
2973 2713 3176 2768 mundi
3191 2712 3380 2784 capia,
3403 2715 3492 2769 ad
3517 2716 3841 2771 iterandum
3865 2715 3978 2770 tha-

2331 2804 2549 2858 lamum
2581 2809 2639 2856 et
2668 2818 2808 2873 opes
2845 2807 2901 2856 et
2932 2807 3067 2856 aetas
3101 2807 3395 2868 vocarent,
3461 2803 3646 2876 elegit
3676 2805 3856 2874 magis
3882 2803 3984 2875 spi-

2331 2893 2598 2948 ritalibus
2612 2891 2836 2962 nuptiis
2857 2890 3109 2962 copulari
3135 2891 3270 2959 Deo,
3292 2891 3348 2945 in
3373 2892 3617 2962 quibus
3641 2909 3675 2950 a
3692 2893 3846 2949 luctu
3867 2892 3992 2948 inci-

2333 2983 2507 3054 pitur,
2530 2983 2632 3036 sed
2660 2982 2728 3035 ad
2754 2981 2966 3048 gaudia
2984 2985 3195 3035 aeterna
3208 2983 3593 3052 pervenitur,
3616 2999 3794 3055 quam
3817 2998 3993 3038 carna-

2334 3071 2490 3127 libus
2514 3071 2735 3141 nuptiis
2757 3070 2983 3140 subjici,
3007 3085 3134 3141 quas
3156 3089 3186 3124 a
3204 3068 3403 3125 laetitia
3434 3089 3684 3144 semper
3708 3073 3993 3144 incipiunt,

2336 3165 2393 3216 et
2415 3161 2484 3214 ad
2529 3161 2704 3215 linem
2743 3175 2876 3214 cum
2922 3159 3078 3214 luctu
3126 3160 3396 3216 tendunt.
3456 3161 3614 3218 Huic
3645 3168 3841 3218 autem
3872 3175 3987 3216 cum

2337 3251 2503 3304 valde
2531 3250 2702 3320 ignea
2722 3248 3056 3320 conspersio
3094 3250 3356 3318 corporis
3407 3251 3672 3317 inesset,
3718 3256 3995 3323 ceperunt

2337 3338 2544 3393 medici
2569 3338 2781 3404 dicere,
2806 3339 2944 3408 quia
2976 3336 3086 3392 nisi
3111 3338 3182 3392 ad
3208 3337 3530 3405 amplexus
3555 3340 3761 3396 viriles
3787 3342 3994 3395 rediret-

2332 3427 2523 3482 calore
2537 3426 2717 3481 nimio
2739 3432 2937 3482 contra
2961 3434 3226 3481 naturam
3253 3424 3482 3482 barbas
3506 3435 3676 3485 esset
3725 3429 3998 3490 habitura,

2333 3515 2490 3586 quod
2513 3517 2592 3570 ita
2612 3531 2840 3586 quoque
2858 3519 2988 3586 post
3019 3516 3236 3570 factum
3269 3525 3386 3569 est.
3413 3516 3536 3571 Sed
3575 3521 3794 3573 sancta
3818 3515 4007 3571 mulier

2334 3603 2480 3658 nihil
2512 3605 2816 3659 exterioris
2856 3603 3243 3658 deformitatis
3279 3605 3523 3668 timuit,
3561 3624 3702 3678 qum
3737 3602 4016 3662 interioris

2332 3693 2531 3764 sponsi
2557 3695 2808 3764 speciem
2838 3693 3077 3758 amavit,
3110 3707 3216 3747 nec
3237 3692 3434 3750 verita
3473 3703 3578 3751 est
3610 3695 3661 3750 si
3701 3695 3812 3751 hoc
3849 3694 3906 3748 in
3929 3691 4013 3746 illa

2331 3782 2664 3850 fmdaretur,
2693 3781 2847 3851 quod
2880 3797 2914 3835 a
2943 3781 3158 3836 caelesti
3189 3797 3417 3853 sponso
3457 3785 3524 3840 in
3553 3801 3630 3842 ea
3659 3801 3786 3842 non
3819 3797 4022 3839 amare-

2331 3875 2444 3926 tur.
2469 3871 2599 3926 Mox
2621 3878 2832 3939 ergout
2851 3870 2975 3939 eius
2998 3870 3246 3926 maritus
3277 3872 3625 3929 defunctus
3659 3878 3778 3943 est,
3818 3873 4019 3943 abjecto

2331 3958 2596 4016 saeculari
2629 3959 2855 4023 habitu.
2888 3959 2960 4014 ad
2992 3960 3424 4030 omnipotentis
3463 3963 3576 4019 Dei
3625 3963 3701 4036 (ι)
3741 3962 4024 4019 servitium

2331 4065 2459 4105 sese
2480 4050 2630 4119 apud
2669 4050 2818 4105 beati
2848 4049 2993 4105 Petri
3026 4049 3268 4121 apostoli
3301 4051 3650 4110 ecclesiam
3687 4049 4031 4110 monasterio

2332 4141 2594 4208 tradidit,
2610 4141 2809 4212 ibique
2824 4139 3020 4194 multis
3040 4141 3211 4195 annis
3233 4141 3652 4213 simplicitati
3667 4145 3870 4201 cordis
3882 4151 4037 4212 atque

2331 4229 2576 4286 orationi
2610 4231 2822 4294 dedita,
2847 4228 3012 4299 larga
3036 4229 3469 4299 indigentibus
3517 4234 4043 4306 eleemosynarum

2330 4334 2506 4391 opera
2536 4318 2839 4389 impendit.
2880 4319 3146 4390 Cumque
3177 4319 3606 4392 omnipotens
3657 4325 3825 4380 Deus
3858 4333 4046 4394 peren-

2333 4424 2464 4464 nem
2483 4409 2603 4477 jam
2631 4409 2957 4464 mercedem
2976 4410 3212 4463 reddere
3235 4409 3376 4478 ejus
3400 4410 3756 4469 laboribus
3781 4409 4056 4468 decrevis-

2333 4501 2442 4560 set,
2465 4496 2656 4550 cancri
2679 4496 2864 4552 ulcere
2888 4502 2942 4552 in
2971 4495 3234 4552 mamilla
3255 4513 3582 4567 percussa
3611 4509 3738 4558 est.
3773 4501 4058 4557 Nocturno

2330 4591 2529 4640 autem
2553 4591 2813 4656 tempore
2836 4592 2970 4641 ante
2991 4586 3205 4640 lectum
3230 4586 3376 4655 ejus
3407 4591 3551 4645 duo
3593 4591 3970 4647 candelabra
3989 4587 4068 4641 lu-

2332 4690 2460 4730 cere
2493 4682 2929 4739 consueverant,
2979 4674 3116 4746 quia
3162 4673 3465 4731 videlicet
3503 4681 3724 4734 amica
3767 4679 3942 4742 lucis,
3969 4686 4067 4729 non

2330 4764 2522 4818 solum
2553 4762 2867 4834 spiritales,
2887 4766 2982 4818 sed
3009 4763 3184 4819 etiam
3204 4767 3597 4836 corporales
3646 4769 3943 4824 tenebras
3961 4762 4076 4820 odio

2330 4851 2602 4907 habebat.
2635 4852 2770 4915 Quae
2801 4852 2944 4908 dum
2977 4857 3144 4908 nocte
3175 4854 3468 4924 quadam
3509 4872 3596 4912 ex
3622 4857 3752 4914 hac
3782 4856 3987 4912 eadem
4005 4852 4078 4920 ja-

2331 4942 2847 4997 ceretinfirmitate
2867 4942 3128 5013 fatigata,
3161 4941 3317 4997 vidit
3357 4943 3655 5002 beatum
3694 4947 3947 5004 Petrum
3967 4955 4086 5012 apo-

2332 5030 2540 5087 stolum
2573 5030 2726 5086 inter
2755 5034 3002 5102 utraque
3028 5029 3409 5089 candelabra
3448 5041 3615 5092 ante
3642 5053 3842 5092 suum
3883 5036 4083 5090 lectum

2333 5119 2789 5188 consistentem;
2833 5136 2938 5176 nec
2976 5119 3292 5191 perterrita
3331 5122 3610 5196 timuit,
3651 5128 3769 5183 sed
3806 5143 3882 5182 ex
3911 5133 4094 5180 amore

2335 5243 2546 5324 diem-6
2575 5243 2858 5324 Octobris.
2888 5244 3100 5324 Eadem
3132 5259 3264 5324 esse
3291 5249 3619 5324 creditur
3643 5251 3729 5307 ad
3767 5264 3957 5324 quam
3975 5259 4096 5302 san-

2336 5327 2464 5388 ctus
2499 5315 2843 5388 Fulgentius
2873 5317 3126 5388 scripsit,
3160 5322 3238 5372 De
3276 5320 3547 5377 viduis.

2520 5387 2749 5443 Primus
2780 5387 3031 5455 Carnot.,
3051 5387 3195 5460 quod
3221 5390 3402 5448 mihi
3415 5409 3869 5466 personarum
3904 5392 4100 5450 civium

2335 5459 2694 5612 βάῗέῖῗίξὸφ,
2723 5531 3042 5612 obsequium
3063 5532 3439 5612 inhaesit;
3474 5535 3656 5612 beati
3688 5541 3868 5596 Petri
3892 5525 4108 5608 apostoli

2339 5619 2398 5730 ἒς
2426 5602 2728 5730 σοηάυεέιιίω
2756 5602 2946 5674 ibique
2966 5602 3168 5662 multis
3189 5610 3392 5662 annis
3431 5609 3743 5683 simplici
3763 5602 3963 5674 σοι-ἀὲ,
3980 5618 4107 5661 ora"

2367 5691 2483 5730 iam
2549 5691 2578 5730 ε
2618 5691 2723 5732 ια.
