4168 6170
278 256 375 321 341

1512 261 2022 324 DIALOGORUM
2070 258 2304 322 LIBER
2348 257 2448 318 IV.

3556 269 3673 328 342

277 412 505 454 sumens
538 397 842 452 audaciam
876 396 1208 460 exsultavit,
1241 398 1406 468 eique
1438 397 1608 453 dixit:
1634 397 1778 461 Ouid
1804 401 1888 452 est

2000 392 2278 464 _ui'etlmcv
2303 391 2379 453 εἷς
2416 395 2572 462 μῖσος
2597 391 2762 469 εἶχεν.
2788 393 2872 448 Ἐν
2906 397 3004 466 μιᾷ
3023 391 3079 449 δέ
3109 394 3257 451 νυκτῖ
3280 398 3586 462 κατάκοπος
3610 399 3670 458 lx

273 486 514 543 Domine
538 488 640 555 mi,
665 489 906 543 dimissa
932 494 1070 543 sunt
1091 489 1229 541 mihi
1262 493 1492 554 peccata
1517 487 1796 542 mea?Cui
1823 487 1916 540 ille

271 575 672 642 benignissimi
712 583 778 630 ut
809 581 896 630 est
925 576 1142 642 vultus,
1169 575 1444 630 inclinato
1466 575 1653 647 capite
1684 574 1914 638 annuit,

265 663 464 718 dicens
496 680 509 717 :
546 664 838 732 Dimissa;
874 666 1023 720 veni.
1049 665 1160 720 Sed
1189 665 1323 734 quia
1346 664 1661 736 quamdam
1699 663 1916 719 sancti-

264 752 573 808 monialem
613 755 893 808 feminam
920 757 975 808 in
999 758 1196 809 eodem
1231 753 1588 809 monasterio
1615 771 1724 823 prin
1749 759 1913 806 caete-

257 842 334 896 ris
356 841 659 912 diligebat,
687 841 840 897 illico
862 842 1360 912 Gallasubjunxit:
1387 842 1540 913 Rogo
1567 850 1627 896 ut
1648 843 1733 912 (ιι)
1751 859 1916 896 soror

255 929 571 986 Benedicta.
601 947 828 987 mecum
861 933 1073 986 veniat.
1104 933 1206 988 Cui
1255 932 1351 988 ille
1380 930 1716 1002 respondit:
1762 930 1910 998 Non,

254 1020 351 1076 sed
398 1019 502 1074 illa
537 1019 664 1076 talis
712 1021 903 1076 veniat
951 1026 1181 1088 tecum;
1216 1021 1338 1075 haec
1367 1036 1499 1076 vero
1531 1035 1705 1091 quam
1741 1019 1907 1089 petis,

252 1113 339 1168 die
360 1114 476 1168 erit
498 1113 801 1185 trigesimo
828 1119 1117 1171 secutura.
1147 1114 1244 1170 llis
1267 1113 1460 1185 itaque
1481 1113 1747 1180 expletis,
1772 1110 1910 1166 visio

253 1201 508 1274 apostoli
543 1203 872 1259 assistentis
903 1211 956 1258 et
983 1203 1368 1274 colloquentis
1399 1202 1451 1258 ei
1477 1202 1670 1258 ablata
1699 1205 1806 1256 est.
1838 1203 1911 1256 At

251 1291 346 1348 illa
377 1292 655 1362 protinus
677 1301 894 1348 cunctas
917 1291 1386 1364 congregationis
1409 1290 1618 1348 accivit
1641 1290 1906 1346 Matrem:

248 1381 415 1453 eique
433 1381 579 1452 quid
603 1381 832 1448 viderit,
857 1381 1066 1452 quidve
1092 1381 1363 1446 audierit,
1385 1380 1677 1436 indicavit.
1711 1379 1906 1436 Tertio

248 1479 442 1526 autem
469 1471 567 1526 die
596 1487 733 1528 cum
766 1488 833 1527 ea
865 1488 992 1544 quae
1019 1473 1179 1542 jussa
1210 1473 1398 1527 fuerat
1419 1487 1616 1526 sorore
1634 1470 1908 1525 defuncta

247 1567 359 1627 est;
389 1560 494 1616 illa
516 1575 653 1616 vero
674 1576 847 1630 quam
873 1565 999 1631 ipsa
1021 1565 1363 1631 paposcerat
1379 1560 1473 1615 die
1493 1563 1582 1614 est
1609 1559 1903 1630 trigesimo

244 1652 586 1706 subsecuta.
612 1649 771 1713 Quod
795 1649 1010 1706 factum
1031 1666 1185 1704 nunc
1206 1650 1459 1719 usquein
1481 1649 1683 1704 eodem
1712 1664 1904 1704 mona-

2019 489 2118 550 τῆς
2152 481 2317 548 αὐτῆς
2349 480 2616 542 ἀσθενείας
2646 483 2893 552 κειμένη,
2926 483 3016 536 τὸν
3051 487 3312 558 μακάριον
3350 487 3551 562 Πέτρον
3579 491 3668 543 τὸν

2019 569 2324 626 ἀπόστολον
2355 568 2406 623 έν
2438 567 2583 642 μέσῳ
2613 575 2717 623 τῶν
2753 571 3075 648 ἀμφοτέρων
3101 571 3344 649 λυχνιῶν
3363 574 3664 651 ἔμπροσθεν

2017 665 2113 716 τοῦ
2142 655 2411 735 κραϐἇτου
2434 659 2598 726 αὐτῆς
2630 660 2833 714 έστῶτα
2864 659 3134 721 ἐθεάσατο.
3159 669 3232 736 (ε)
3252 664 3526 734 Μηδόλως
3560 665 3667 723 δει-

2019 750 2253 806 λιασασα
2270 748 2304 817 ἢ
2325 743 2650 826 φοϐηθεῖσα,
2669 747 2882 821 μᾶλλον
2901 751 2958 805 δέ
2978 750 3040 806 ἐκ
3057 755 3154 806 τοῦ
3173 754 3344 816 πόθου
3365 755 3668 831 παρῥησίαν

2018 835 2862 912 λαϐοῦσα,ἀγαλλιωμένη,πρὸς
2899 841 3056 895 αὐτὸν
3102 843 3235 896 εἴπεο
3255 845 3319 898 Τί
3363 842 3672 920 ἐστι,κτ3ριέ

2019 948 2146 999 μου,
2167 927 2629 999 συνεχωρήθησαν
2657 947 2752 998 μοι
2776 929 2829 981 αἱ
2853 929 3114 1003 ἁμαρτίαι
3140 951 3245 1004 μου
3271 950 3284 1001 ;
3314 935 3454 1004 Πρὸς
3484 934 3546 1002 ἣν
3566 935 3669 989 αὖ-

2015 1019 2130 1086 τὸς,
2147 1016 2404 1090 (Ῑὶάγαθῷ
2421 1017 2702 1088 προσώπῳ
2725 1018 2902 1078 καθὼς
2926 1020 3012 1072 καὶ
3035 1019 3290 1096 ὑπάρχει,
3308 1023 3408 1090 τὴν
3421 1021 3663 1101 κεφαλήν

2014 1106 2223 1172 κλίνας,
2256 1100 2433 1161 ἔνευσε
2484 1104 2680 1182 λέγων⁴
2716 1111 3213 1181 Συνεχωρτςθησαν,
3260 1108 3404 1167 ἐλθὲ.
3456 1100 3517 1169 Ἠ
3569 1109 3661 1167 οὖν

2015 1194 2200 1252 Γάλλα
2217 1197 2517 1270 ἱερωτάτην
2532 1196 2654 1251 τινα
2671 1197 2746 1267 (g)
2761 1197 2979 1266 θηλείαν
3001 1197 3140 1272 ὶντῷ
3153 1200 3303 1272 αὐτῷ
3318 1203 3664 1278 μοναστηρίῳ

2017 1287 2150 1359 ὑπὲρ
2179 1285 2274 1346 τὰς
2317 1283 2514 1345 λοιπὰς
2553 1284 2839 1360 ἀγαπῶσα,
2862 1289 3176 1361 προσέθειό,
3199 1287 3451 1362 λέγουσα·
3479 1297 3660 1366 Παρα-

2010 1374 2266 1430 καλῶ¹ίνα
2289 1378 2323 1445 ἡ
2349 1372 2556 1451 ἀδελφὴ
2587 1373 2872 1431 Βενέδικτα
2909 1379 3023 1450 μετ’
3047 1376 3182 1450 ἐμοῦ
3214 1375 3372 1450 ἔλθη.
3398 1380 3572 1445 Αὐτὸς
3603 1382 3662 1440 δέ

2011 1465 2146 1538 πρὸς
2171 1463 2336 1534 αὐτὴν
2356 1463 2643 1539 ἀπεκρίθη,
2663 1463 2859 1541 λέγων’
2885 1466 3052 1541 Οὐχὶ,
3076 1465 3204 1522 ἀλλ’
3222 1470 3256 1536 ἡ
3283 1465 3445 1538 δεῖνα,
3461 1469 3660 1544 ἀρτίως

2009 1552 2140 1627 ἔλθῃ
2175 1555 2309 1627 μετά
2365 1575 2481 1610 σου.
2518 1553 2658 1624 Αὕτη
2697 1551 2754 1608 δέ
2806 1556 2866 1624 ἣν
2925 1556 3115 1624 αἰτεῖς,
3147 1557 3282 1628 μετᾶ
3327 1563 3659 1633 τριακοστὴν

2009 1641 2216 1716 ἡμέραν
2251 1640 2613 1711 ἀκολουθήσει
2662 1663 2767 1697 σοι.
2803 1643 3028 1700 Τούτων
3066 1644 3246 1700 τοίνυν
3297 1646 3593 1721 ῥηθέντων,
3626 1652 3662 1718 ἡ

241 1741 419 1794 sterio
446 1743 643 1794 manet
665 1738 814 1795 398
840 1738 1231 1804 memorabile,
1275 1739 1474 1809 sicque
1500 1737 1607 1792 hoc
1629 1753 1662 1792 a
1682 1752 1888 1808 prisce-

2008 1732 2194 1808 ὅρασις
2227 1735 2322 1787 τοῦ
2351 1732 2659 1788 ἀποστόλου
2690 1738 2785 1788 τοῦ
2829 1739 3176 1809 παρεστῶτος
3209 1739 3296 1791 καὶ
3356 1740 3662 1814 συντυγχά-

245 1828 527 1884 dentibus
546 1830 624 1896 (ὁ)
657 1827 945 1884 Matribus
974 1827 1256 1884 traditum
1291 1842 1528 1883 narrare
1557 1825 1678 1882 illic
1709 1825 1900 1882 solent

241 1917 837 1988 subtiliterjuniores
885 1933 1010 1990 quas
1059 1935 1215 1974 nunc
1261 1921 1401 1972 sunt
1429 1915 1897 1971 sanctimoniales

237 2007 523 2078 virgines,
547 2023 616 2062 ac
637 2007 684 2060 al
721 2006 820 2062 illo
851 2006 907 2061 in
943 2013 1201 2078 tempore
1233 2006 1370 2062 huic
1397 2010 1518 2060 tam
1548 2004 1750 2076 grandi
1780 2002 1893 2058 mi-

236 2095 438 2151 raculo
467 2101 528 2151 et
557 2095 700 2168 ipse
732 2096 1075 2152 adfuissent.

2005 1842 2188 1886 νοντος
2218 1820 2355 1895 αὐτῇ
2382 1821 2549 1896 ᾔρθη.
2581 1823 2794 1892 Ἐκείνη
2830 1820 2887 1878 δὲ
2918 1823 3116 1887 εὐθέως
3165 1827 3264 1894 τήν
3313 1826 3522 1902 μητέρα
3559 1835 3663 1899 τῆς

2008 1908 2258 1972 συνοδίας
2291 1909 2775 1986 προσκαλεσαμένη
2810 1907 3016 1967 ἅπαντα
3054 1913 3190 1988 αὐτῇ
3237 1915 3371 1989 ἅπερ
3402 1915 3656 1972 ἐθεάσατο

2005 1999 2093 2054 καὶ
2113 2000 2344 2070 ἀκήκοεν
2368 1998 2620 2072 ἐμήνυσε.
2641 2004 2720 2074 Τῇ
2745 1998 2803 2056 δὲ
2832 2001 2987 2077 τρίτῃ
3011 2003 3193 2078 ἡμέρᾳ
3216 2005 3328 2076 ἅμα
3348 2008 3415 2076 τῇ
3441 2003 3651 2085 ἀδελφῇ

2006 2089 2435 2163 (ὴ)ᾔὲκελεύσθη
2459 2090 2596 2163 πρὸς
2614 2091 2798 2164 κύριον
2823 2088 3169 2163 ἐξεδήμησέ-θ.
3188 2093 3379 2162 Εκείνη
3401 2091 3458 2148 δέ
3479 2094 3651 2172 ἤνπερ

232 2183 369 2252 αὖτὴ
403 2183 678 2258 ᾐτήσατο,
696 2187 766 2255 τῇ
795 2183 1376 2258 τριακοστῇ(ἱ)ἡμέρᾳ
1401 2183 1464 2238 τὸ
1493 2185 1591 2238 τοῦ
1634 2179 1753 2256 βίου
1781 2181 1942 2242 τέλος
1974 2176 2403 2251 ἐδέξατο.Τοῦτο
2432 2177 2489 2234 δέ
2507 2178 2558 2234 έν
2586 2177 2666 2252 τῷ
2696 2181 2844 2252 αὖτῷ
2880 2182 3232 2256 μοναστηρίῳ
3263 2185 3527 2262 πραχθὲν,
3552 2184 3650 2258 μὲ-

235 2295 330 2351 χρι
385 2280 488 2330 τοῦ
538 2279 630 2330 νῦν
678 2277 834 2333 894
891 2273 1369 2348 μνημονευόμενον
1418 2271 1677 2344 διαμένει.
1711 2271 1862 2345 Παρὰ
1906 2270 2008 2346 γὰρ
2057 2274 2163 2326 τῶν
2195 2267 2646 2345 προοδευκουσῶν
2681 2272 2805 2344 (sic)
2841 2269 3092 2346 μητέρων
3124 2270 3296 2328 ἐκεῖσε
3325 2270 3650 2354 παραδοθὲν,

231 2364 410 2425 οὕτως
443 2363 535 2420 ἐπὶ
569 2362 777 2420 λεπτοῦ
809 2361 1122 2440 διηγοῦνται
1154 2363 1363 2420 αὖτόθι”
1398 2362 1642 2418 οἰκοῦσαι
1672 2358 1903 2421 νεάνιδες
1934 2359 2074 2434 ἱεραὶ
2120 2361 2376 2433 παρθένοι
2422 2358 2787 2434 ὑπάρχουσαι,
2820 2360 2894 2422 ὡς
2937 2359 3022 2415 δτι
3066 2359 3117 2415 ἐν
3152 2359 3339 2434 ἐκείνῳ
3368 2365 3446 2434 τῷ
3473 2365 3652 2438 καιρῶ

233 2456 512 2526 παροῦσαι
552 2455 617 2508 τὸ
645 2459 866 2510 τοιοῦτο
903 2453 1153 2529 μέγιστον
1184 2457 1363 2527 Θαῦμα
1393 2451 1695 2508 ἐθεάσαντο.

853 2544 1080 2602 CAPUT
1120 2545 1269 2602 XIV.

587 2635 664 2689 De
694 2635 937 2689 transitu
963 2633 1183 2690 Servuli
1209 2630 1539 2706 paralytici.

315 2719 598 2776 Sedinter
617 2719 739 2776 haec
760 2720 1062 2776 sciendum
1105 2724 1195 2777 est
1227 2720 1366 2792 quia
1405 2735 1557 2791 saepe
1578 2717 1887 2774 animabus

223 2810 586 2867 exeuntibus
599 2809 1264 2881 electorum,(c)dulcedo
1277 2805 1886 2864 soletlaudisccelestis

225 2915 564 2969 erumpere,
591 2903 657 2953 ut
677 2898 990 2954 dumillam
1011 2899 1256 2954 libenter
1277 2895 1884 2964 audiunt,dissolutio-

227 3003 368 3044 nem
393 2989 594 3044 carnis
615 2989 688 3043 ab
711 2989 906 3044 anima
937 2989 1147 3044 sentire
1179 2987 1415 3044 minime
1447 2987 1880 3058 permittuntur.

226 3071 465 3129 Undein
493 3073 764 3128 Homiliis
787 3089 1018 3145 quoque
1038 3072 1470 3145 Evangeliijam
1497 3087 1758 3126 narrasse
1791 3086 1883 3125 me

223 3164 468 3218 memini
496 3163 715 3220 tHomil.
742 3163 828 3233 15)
849 3165 1002 3234 quod
1028 3165 1082 3218 in
1111 3179 1178 3217 ea
1202 3163 1420 3234 porticu
1448 3177 1572 3231 qua:
1603 3161 1879 3215 euntibus

218 3254 288 3307 ad
322 3252 638 3308 ecclesiam
675 3251 822 3307 beati
871 3251 1182 3308 Clementis
1233 3257 1323 3307 est
1354 3251 1567 3322 pervia,
1610 3251 1717 3303 fuit
1745 3250 1878 3320 qui-

216 3340 764 3413 dam,(d)8ervulus
781 3342 1212 3408 nomine,cujus
1235 3345 1291 3396 te
1308 3357 1533 3409 quoque
1557 3356 1665 3394 non
1692 3339 1879 3393 ambi-

223 3392 578 3413 --τ-ηημ-
606 3392 611 3393 κ
637 3392 977 3396 νην-πη-
1242 3392 1284 3396 η
1513 3392 1524 3393 κ
1561 3392 1660 3394 ν
1761 3392 1764 3393 ν

219 3447 288 3503 go
308 3429 786 3501 meminisse,qui
811 3429 1047 3500 quidem
1073 3445 1293 3500 pauper
1315 3429 1508 3492 rebus,
1537 3429 1633 3482 sed
1663 3426 1879 3481 meritis
1911 3392 1953 3459 Ο

222 3520 378 3576 dives
400 3525 553 3587 erat,
569 3535 746 3591 quem
769 3518 940 3589 longa
959 3519 1236 3587 egritudo
1260 3518 1619 3572 dissolveret.
1649 3516 1790 3572 Nam
1813 3532 1881 3572 ex

224 3626 330 3677 quo
351 3609 530 3664 illum
547 3610 698 3662 scire
721 3607 1039 3678 potuimus,
1066 3622 1249 3678 usque
1271 3607 1341 3661 ad
1361 3607 1533 3661 tinem
1559 3606 1684 3659 vitea
1709 3621 1880 3675 para-

226 3697 430 3767 lyticns
452 3696 713 3766 jacebat.
749 3696 893 3762 Quid
929 3697 1118 3754 dicam
1145 3701 1281 3767 quia
1311 3703 1464 3750 stare
1485 3710 1597 3749 non
1633 3698 1878 3763 poterat,

229 3788 318 3859 qui
344 3803 661 3860 nunquam
683 3785 904 3842 iulecto
929 3803 1168 3859 surgere
1190 3786 1361 3841 velad
1384 3784 1702 3840 sedendum
1726 3782 1879 3838 vale-

231 3877 336 3944 bat,
361 3891 676 3948 nunquam
703 3891 942 3932 manum
960 3892 1128 3932 suam
1149 3877 1220 3931 ad
1246 3891 1310 3931 os
1325 3875 1556 3943 ducere,
1575 3888 1877 3942 nunquam

229 3981 282 4021 se
302 3965 494 4037 potuit
516 3967 588 4020 ad
622 3963 777 4020 latus
800 3964 954 4020 aliud
991 3963 1328 4020 declinare?
1358 3963 1504 4018 Huic
1533 3963 1603 4018 ad
1634 3962 1881 4017 servien-

229 4056 351 4110 dum
387 4060 584 4110 mater
612 4069 747 4109 cum
780 4054 955 4110 fratre
985 4055 1205 4122 aderat,
1238 4063 1290 4110 et
1312 4052 1586 4123 quidquid
1620 4067 1688 4106 ex
1719 4049 1870 4105 else-

231 4160 464 4217 mosyna
493 4144 779 4216 potuisset
799 4144 1082 4214 accipere,
1101 4144 1210 4200 hoc
1231 4159 1430 4198 eorum
1452 4143 1717 4199 manibus
1736 4159 1876 4214 pau-

230 4237 458 4303 peribus
484 4234 786 4304 erogabat.
819 4233 1202 4304 Nequaquam
1230 4232 1451 4287 litteras
1484 4239 1742 4296 noverat,
1775 4231 1874 4286 sed

229 4325 532 4396 Scriptura
565 4339 746 4378 sacra
769 4322 1006 4378 sibimet
1029 4322 1270 4378 Codices
1293 4325 1533 4384 emerat,
1567 4326 1624 4375 et
1654 4321 1878 4391 religio-

232 4428 315 4469 sos
333 4428 610 4486 quosque
630 4413 688 4467 in
714 4411 1164 4482 hospitalitatem
1189 4410 1660 4483 suscipiens,bos
1681 4426 1874 4466 coram

231 4516 284 4556 se
312 4502 587 4557 studiose
618 4503 806 4574 legere
830 4502 1093 4557 iaciebat.
1130 4501 1480 4572 Factumque
1511 4509 1593 4555 est
1625 4505 1687 4554 ut
1709 4500 1877 4569 juxta

229 4590 460 4644 modum
492 4604 672 4643 suum
708 4591 874 4660 plene
932 4605 1158 4644 sacram
1191 4588 1549 4658 Scripturam
1604 4587 1874 4654 disceret,

231 4693 374 4749 cum,
396 4679 556 4734 sicut
575 4676 716 4744 dixi,
751 4678 968 4734 litteras
985 4677 1246 4734 funditus
1267 4680 1577 4750 ignoraret.
1597 4677 1876 4732 Studebat

2619 2543 2877 2596 ΚΕΦΔΛ.
2922 2543 3010 2597 IE.

2107 2627 2234 2701 Περὶ
2266 2634 2367 2696 τῆς
2398 2627 2732 2689 τελειώσεως
2777 2623 3092 2702 Σερϐούλου
3139 2635 3533 2704 παραλυτικοῦ.

2069 2715 2164 2769 Καὲ
2195 2719 2356 2770 τοῦτο
2386 2712 2443 2771 δὲ
2470 2717 2749 2789 γνώριμον
2779 2723 3007 2786 ποιῆσαι
3060 2719 3346 2792 ἀναγκαῖον
3379 2719 3638 2793 ὑπάρχει,

1994 2801 2364 2868 ὅτιπολλᾶκις
2376 2809 2482 2859 τῶν
2503 2809 2694 2879 ψυχῶν
2709 2827 2817 2860 των
2833 2804 3100 2862 ἐκλεκτῶν
3115 2808 3303 2882 έξερχο
3313 2807 3486 2882 μένων
3585 2810 3644 2865 έκ

1991 2899 2088 2949 τοῦ
2121 2894 2560 2965 σώματος,αί’νος
2589 2894 2640 2948 έν
2672 2899 2789 2955 τοῖς
2819 2896 3074 2970 οὐρανοῖς
3107 2895 3561 2967 ἕπιτελεῖται,⁹ίνα
3581 2900 3634 2954 έν

1993 2985 2104 3056 ὅσῳ
2128 2984 2324 3039 τούτου
2353 2981 2529 3053 ἡδέως
2567 2985 2622 3038 αἱ
2668 2985 2840 3059 ψυχαὶ
2892 2986 3282 3061 έπακροῶνται,
3314 2989 3413 3058 τὴν
3445 2989 3505 3043 έκ
3532 2991 3631 3056 τῆς

1991 3073 2187 3147 σαρκὸς
2219 3070 2467 3126 διάλυσιν
2503 3073 2578 3144 μὴ
2606 3070 2892 3127 αἴσθωνται
2925 3079 3040 3136 πῶς
3066 3074 3441 3146 ὑπομένουσιν.
3475 3079 3634 3142 ’Ὀθεν

1990 3161 2112 3234 περὶ
2133 3161 2332 3215 τούτου
2364 3160 2454 3214 καὶ
2485 3161 2540 3214 έν
2565 3165 2683 3224 ταῖς
2701 3160 2948 3230 ὁμιλίαις
2975 3166 3073 3217 τοῦ
3091 3161 3415 3237 εὐαγγελίου
3436 3163 3640 3238 διηγή-

1990 3252 2178 3305 σασθαι
2197 3250 2372 3324 μέμνη
2385 3270 2500 3324 μαι,
2523 3251 2611 3306 Ἐν
2632 3251 2736 3324 γὰρ
2759 3247 3167 3325 τῷ(1ι)έμϐόλῳ
3187 3253 3642 3328 τῷάπερχομένῳ

1989 3341 2040 3395 έν
2061 3345 2129 3414 τῇ
2154 3339 2416 3410 ἐκκλησίᾳ
2436 3344 2534 3394 τοῦ
2552 3340 2820 3414 μακαρίου
2834 3340 3162 3412 Κλήμεντος
3187 3341 3291 3410 ὑπῆ
3304 3341 3496 3416 ρχέτις
3507 3344 3643 3400 κατὰ

1987 3431 2086 3497 τήν
2104 3427 2652 3500 ὁδὸνκατακείμενος,
2667 3429 2894 3503 ὀνόματι
2911 3425 3238 3505 Σέρϐουλος,
3254 3430 3418 3506 ὅνπερ
3433 3433 3643 3505 ἀγνοεῖν

1991 3539 2048 3572 σε
2061 3518 2123 3572 οὐ
2138 3517 2457 3591 λογίζομαι.
2479 3518 2650 3580 Οὗτος
2665 3515 2839 3587 οῦν,εί
2872 3519 2962 3572 καὶ
2990 3523 3217 3592 πτωχὸς
3244 3525 3365 3581 τοῖς
3384 3521 3641 3594 πράγμα-

1993 3627 2042 3660 σι
2063 3611 2161 3661 τοῦ
2186 3607 2310 3680 βίου
2326 3607 2646 3680 έτῦγχανεν,
2663 3606 2789 3662 ἀλλ’
2811 3605 2901 3661 οῦν
2941 3612 3058 3668 τοῖς
3101 3605 3436 3682 δικαιώμασι
3464 3607 3638 3664 πλοῦ-

1991 3717 2107 3760 σιος
2139 3696 2406 3771 ὑπῆρχεν,
2432 3699 2643 3752 Τοῦτου
2668 3693 2724 3750 δὲ
2749 3698 2811 3751 τὸ
2843 3701 3004 3769 σῶμα
3033 3697 3406 3772 πολυχρόνιος
3456 3698 3634 3774 ἀρῥω-

1989 3787 2111 3841 στία
2140 3783 2562 3859 παρέλυσεν.Έξ
2598 3784 2659 3838 οῦ
2693 3787 2796 3860 γὰρ
2822 3785 2981 3841 αὐτὸν
3015 3790 3215 3861 γνῶναι
3256 3785 3634 3860 ἠδ-νήθημεν,

1991 3876 2158 3950 μέχρι
2190 3879 2286 3930 τοῦ
2314 3873 2508 3935 τέλους
2535 3881 2635 3943 τῆς
2669 3880 2817 3944 ζωῆς
2841 3874 3005 3930 αὐτοῦ
3038 3876 3409 3951 παραλυτικὸς
3437 3869 3634 3934 ἔκειτο.

1987 3964 2056 4022 Τί
2088 3962 2144 4018 δέ
2175 3962 2645 4036 λέγω;υαντελῶς
2684 3965 2874 4034 στῆναι
2909 3964 3007 4019 οὐκ
3035 3962 3291 4034 ἠδύνατο,
3315 3963 3438 4020 οὔτε
3477 3966 3527 4020 έν
3567 3969 3636 4040 τῇ

1987 4053 2150 4128 κλίνῃ
2184 4052 2347 4108 αὐτοῦ
2378 4074 2509 4108 ποτε
2539 4053 2848 4117 ἆνακαθίσαι
2900 4054 3145 4130 ἴσχυσεν,
3177 4052 3301 4109 οὐδέ
3347 4076 3480 4110 ποτε
3535 4058 3633 4124 τὴν

1991 4149 2152 4218 χεῖρα
2183 4142 2347 4198 αὐτοῦ
2379 4143 2430 4197 έν
2460 4143 2540 4214 τῷ
2587 4143 2814 4214 στόματι
2869 4143 3159 4218 ἀπενέγκαι
3206 4141 3478 4215 ἠδυνήτιη,
3512 4143 3636 4200 οὐδέ

1985 4253 2116 4288 ποτε
2145 4233 2332 4288 ἑαυτὸν
2361 4235 2423 4303 (ί)
2457 4232 2533 4292 εἰς
2591 4232 2770 4306 έτέραν
2829 4231 3068 4306 πλευρὰν
3125 4234 3349 4307 στρέψαι
3391 4231 3631 4308 ἴσχυσεν.

1984 4324 2171 4396 Τούτῳ
2207 4320 2265 4377 δὲ
2310 4322 2446 4396 πρὸς
2500 4323 2792 4395 ὑπηρεσίαν
2823 4326 2857 4392 ἡ
2894 4326 3080 4396 μήτηρ
3111 4325 3202 4378 καὶ
3231 4320 3413 4399 ἕτερος
3466 4326 3630 4381 αὐτοῦ

1984 4410 2219 4485 ἀδελφὸς
2231 4412 2579 4480 παρίσταντο.
2607 4412 2724 4469 Εἶίτι
2739 4410 2795 4467 ὃὶ
2816 4412 2922 4468 ἀπὸ
2941 4411 3067 4479 ἔλεη
3078 4408 3628 4486 μοσύνηςέλάμϐανε,

1982 4506 2146 4557 τοῦτο
2178 4500 2341 4555 πάλιν
2369 4499 2457 4554 διὰ
2489 4505 2592 4555 τῶν
2645 4506 2847 4576 χειρῶν
2904 4504 3003 4572 (m)
3029 4501 3195 4554 αὐτοῦ
3232 4505 3350 4561 τοῖς
3381 4506 3629 4575 πτωχοῖς

1986 4587 2244 4646 διεδίδου·
2264 4591 2358 4644 Καὶ
2381 4591 2678 4664 γράμματα
2703 4591 2797 4663 μὲν
2822 4587 3078 4661 οὒδαμῶς
3103 4589 3378 4662 ἐγίνωσκε,
3397 4583 3628 4658 βίϐλους

1987 4678 2044 4735 δέ
2057 4687 2153 4749 τῆς
2177 4680 2323 4754 ἱερᾶς
2337 4685 2550 4757 γραφῆς
2575 4679 2751 4750 έαυτῷ
2772 4679 3028 4754 ἠγόρασε.
3048 4679 3152 4733 Καὶ
3175 4675 3473 4751 δεχόμενος
3490 4678 3629 4752 πρὸς

229 4782 450 4839 semper
473 4769 532 4822 in
566 4767 767 4823 dolore
795 4767 1015 4840 gratias
1041 4783 1233 4839 agere,
1263 4767 1496 4839 hymnis
1526 4765 1642 4822 Deo
1673 4771 1728 4822 et
1759 4765 1876 4820 lau-

2000 4769 2267 4844 ταροικίαν
2309 4763 2562 4830 εὐλαϐεῖς
2585 4788 2736 4830 τινας
2778 4764 3233 4841 ἄνδρας,τούτους
3266 4766 3498 4822 ὶνώπιον
3529 4767 3631 4821 αὐ-

230 4855 390 4913 dtbus
419 4856 631 4912 diebus
652 4873 718 4913 ac
743 4856 1013 4913 noctibus
1035 4871 1256 4913 vacare.
1291 4857 1402 4913 Sed
1425 4871 1558 4912 cum
1575 4856 1699 4927 jam
1724 4860 1865 4912 tem-

293 4981 574 5054 (a)Qujus
594 4981 863 5054 meminit
893 4982 1188 5054 Martyrol.
1222 4983 1388 5039 Rom.
1423 4981 1515 5039 die
1545 4983 1581 5036 6
1612 4981 1766 5054 Maii.

297 5053 367 5123 (ὁ)
390 5052 540 5109 Nota
561 5053 922 5127 iuGregorio
937 5052 1154 5110 morem
1174 5053 1519 5109 hodiernum
1538 5052 1870 5125 appellandi

237 5128 410 5202 sancti
422 5124 898 5202 moniales,_m_axi
910 5143 1000 5202 me
1013 5142 1138 5197 qua
1158 5136 1433 5202 provectas
1445 5130 1563 5195 jam
1579 5124 1710 5180 sunt
1732 5130 1870 5202 teta-

240 5197 325 5270 t_is,
348 5205 570 5253 matres.
601 5197 658 5270 In
683 5197 1033 5270 hisdialogis
1055 5201 1267 5270 sapius
1290 5197 1533 5267 legimus
1557 5199 1872 5270 monachos

241 5263 455 5340 Patrum
504 5265 675 5323 titulo
724 5263 1055 5334 insignitas,
1087 5263 1472 5324 m'axime'lib.
1515 5285 1579 5338 ιι,
1611 5269 1767 5340 quod
1814 5269 1873 5324 in

241 5337 385 5393 uotis
405 5339 484 5414 _ad
518 5340 796 5410 epistulas
827 5340 1138 5414 aliquando
1169 5341 1511 5414 illustratqu
1542 5337 1766 5414 sumus.

308 5415 367 5472 (ct
402 5412 487 5467 lta
517 5413 651 5466 Mss.
686 5410 1055 5481 omnesfetsi
1086 5412 1348 5475 legamus
1380 5413 1438 5467 in
1473 5410 1730 5476 Excusis,
1751 5410 1875 5466 dul-

241 5492 323 5555 m_
343 5482 510 5555 solent
542 5483 730 5539 laude:
755 5485 993 5542 caeleste:
1021 5500 1330 5555 erumpere,
1373 5489 1430 5538 ut
1458 5484 1589 5555 dum
1621 5482 1767 5538 illas.

303 5551 380 5622 (ά)
411 5552 724 5629 Ειρεωᾳάε
781 5557 1019 5614 Servulo
1066 5551 1479 5629 compendiose
1511 5554 1788 5626 leguntur
1816 5553 1878 5611 in

240 5617 596 5698 Iartyrolog.
631 5626 820 5701 Rom.,
854 5630 950 5687 die
978 5629 1049 5686 23
1079 5617 1438 5687 Decembris.

1979 4861 2076 4912 τοῦ
2089 4858 2488 4928 πεπονημένως
2506 4855 2814 4929 ἀναγνῶναι
2838 4855 3032 4912 έποίει.
3047 4853 3240 4930 Γέγονε
3259 4852 3314 4911 δὶ
3340 4854 3478 4910 ὥστε
3495 4856 3633 4912 κατὰ

2054 4986 2127 5056 (e)
2151 4983 2283 5056 Ms,
2327 4976 2459 5056 μηδ’
2491 4979 2657 5044 ὅλως.

2055 5051 2127 5142 (η
2162 5054 2296 5142 Ms”
2324 5051 2524 5142 ἱλαρῷ.

2052 5125 2130 5197 (g)
2163 5127 2289 5192 Ms.,
2317 5125 2596 5197 παρθένον.

2053 5193 2134 5268 (7t)
2172 5199 2300 5266 Ms.,
2331 5193 2364 5263 ἢ
2393 5193 2704 5268 έκελεῦσθη.

2056 5267 2124 5345 (ἱ)
2151 5268 2284 5334 Ms.,
2317 5267 2496 5345 ᾑμέρᾳ
2525 5267 2630 5322 ἀπὸ
2661 5271 2756 5345 τοῦ
2786 5270 2931 5345 βίου.

2153 5346 2280 5416 ῌ-θσν
2312 5338 2372 5416 if-
2402 5338 2517 5416 Et'uv
2535 5338 2829 5416 σωμάτων.

2080 5405 2131 5474 It)
2161 5405 2292 5482 Ms.,
2325 5405 2608 5483 ἔμϐοὖλῳ.

2319 5480 2604 5560 ιίςιῖτερον
2637 5482 2820 5560 μέρος.

2085 5551 2161 5626 νὴ)
2193 5555 2326 5620 Ms.,
2362 5551 2560 5613 αὒτῶν.
