4168 6170
463 331 579 395 343

1715 324 1994 388 SANCTI
2040 323 2410 386 GREGORII
2459 320 2697 384 MAGNl

3757 320 3876 379 3M

460 465 524 521 τὸ
555 462 776 520 δυνατὸν
805 462 975 535 αὑτῷ,
1009 462 1304 537 χρησίμως
1333 460 1433 528 τὴν
1483 459 1626 534 ἱερᾶν
1679 460 1890 539 γραφήν
1932 457 2101 530 ἐκμα-

2221 476 2327 531 pus
2357 462 2510 514 esset
2540 462 2600 513 ut
2622 459 2782 512 tanta
2804 455 2932 524 ejus
2958 451 3237 524 patientia
3264 451 3626 507 remunerari
3649 451 3886 508 debuis'

464 560 594 620 θεῖν,
609 551 1108 630 γράμματα,καθὼς
1120 555 1378 624 προεῖπον
1389 548 1688 614 ,παντελῶς
1708 551 1783 622 μή
1798 551 2104 624 γινώσκων.

463 642 822 719 Εὑχαρίστως
851 639 907 694 δὲ
955 640 1184 695 πάντοτε
1223 641 1316 694 τὸν
1347 641 1511 694 πόνον
1553 639 1802 718 ὑπέφερε,
1833 639 1921 694 καὶ
1954 638 2008 694 ἐν
2039 643 2106 712 τῇ

462 737 560 787 τοῦ
606 736 743 786 Θεοῦ
773 731 964 785 αἰνὲσει
995 729 1159 782 νύκτα
1193 729 1280 784 καὶ
1316 728 1523 802 ἡμέραν
1567 727 1889 804 ἐσχόλαζεν.
1921 730 2009 789 Ὠς
2050 725 2107 783 δὲ

469 819 664 876 λοιπὸν
696 820 883 893 καιρὸς
918 819 1294 893 ὑπῆρχεν.’ἰνα
1325 821 1358 888 ἡ
1389 820 1623 890 τοσαύτη
1656 819 1820 873 αὑτοῦ
1854 819 2106 892 ὑπομονὴ

461 910 562 978 τήν
595 909 909 982 ἀντάμειψιν
953 903 1226 982 ἀπολάϐῃ,
1262 909 1290 962 6
1346 912 1454 963 τῶν
1513 907 1695 980 μελῶν
1746 908 1912 962 αὑτοῦ
1942 907 2107 970 πόνος

464 995 710 1053 ἔπαυσεν.
726 999 915 1054 Ἦνίκα
937 994 995 1052 δὲ
1014 1001 1093 1069 τῷ
1117 997 1328 1068 θανάτῳ
1348 995 1668 1068 πλησιάζειν
1693 995 1865 1069 ἑαυτῷ
1883 996 2106 1073 ἐπέγνω,

467 1089 668 1163 οῦσπερ
701 1088 768 1156 ἦν
803 1084 1196 1160 ὑποδεξάμενος
1250 1083 1442 1161 ἄνδρας
1484 1087 1619 1162 πρὸς
1660 1088 1721 1142 τὸ
1751 1085 2108 1161 ξενοδοχῆσαι

461 1174 850 1248 παρεκάλεσεν,
882 1177 1031 1237 ὅπως
1089 1174 1380 1244 ἀναστῶσι,
1415 1176 1501 1230 καὶ
1562 1174 1654 1230 σὺν
1697 1175 1845 1247 αύτῷ
1890 1173 1980 1229 διὰ
2008 1177 2106 1245 την

461 1265 736 1338 ἀναμονὴν
766 1272 865 1334 τῆς
899 1262 1083 1335 ἐξόδου
1113 1271 1212 1334 τῆς
1244 1265 1429 1340 ψυχης
1460 1264 1625 1320 αὑτοῦ
1673 1262 2002 1338 ψαλμῳδίαν
2031 1270 2110 1338 τῷ

461 1359 578 1427 Θεῷ
607 1353 831 1425 ᾄσωσιν.
868 1356 951 1408 Ἐν
985 1352 1097 1426 ὅσῳ
1129 1351 1185 1409 δὶ
1216 1353 1306 1408 σὺν
1337 1354 1520 1416 αὐτοῖς
1544 1355 1632 1409 καὶ
1665 1353 1821 1416 αὐτὸς
1855 1356 1882 1409 6
1916 1355 2107 1410 τελευ-

459 1449 568 1500 τῶν
599 1441 861 1518 ἔψαλλεν,
878 1439 1073 1520 αἶ’φνης
1092 1443 1317 1506 τούτους
1339 1446 1434 1498 τοῦ
1456 1442 1686 1517 ψάλλειν
1712 1443 1950 1500 ἐκώλυσε
1975 1445 2109 1517 μετὰ

458 1526 630 1607 φόϐου
660 1532 746 1585 καὶ
781 1538 1026 1606 κραυγῆς
1063 1530 1334 1605 μεγάλης,
1367 1529 1561 1607 λέγων·
1595 1538 1866 1601 Σιωπᾶτε,
1894 1535 1969 1605 μή
2003 1533 2108 1608 γὰρ

459 1622 561 1677 οὐκ
579 1620 797 1675 ἀκούετε
823 1624 937 1682 πῶς
968 1622 1045 1693 (α)
1064 1619 1381 1695 ἀντηχῶσιν
1405 1620 1631 1683 αἰνέσεις
1661 1620 1716 1676 ἐν
1745 1625 1824 1693 τῷ
1855 1621 2066 1695 οὐρανῷ
2091 1641 2104 1692 ;

459 1710 554 1774 Είς
593 1709 684 1764 οῦν
705 1710 799 1770 τὰς
819 1708 1044 1770 αἷνέσεις
1078 1709 1281 1771 ἐκείνας
1312 1711 1624 1789 προσέχων,
1648 1711 1722 1771 ὡς
1755 1709 1836 1765 ὅτι
1868 1709 2020 1766 ἔνδον
2052 1711 2104 1766 ἐν

2218 556 2328 614 set,
2366 549 2760 604 membrorum
2811 544 2976 600 dolor
3023 544 3094 597 ad
3144 541 3344 597 vitalia
3376 543 3566 597 rediit.
3617 544 3879 615 Cumque

2208 639 2331 710 jam
2352 655 2414 694 se
2437 638 2609 692 morti
2639 635 2965 703 proximum
2983 631 3684 704 agnovisset,peregrinos
3702 633 3877 700 viros,

2216 736 2392 799 atque
2419 729 2476 783 in
2495 726 2947 797 hospitalitatem
2973 728 3299 791 susceptos,
3333 721 3638 776 admonuit
3662 726 3727 776 ut
3750 738 3876 777 sur-

2217 823 2440 889 gerent,
2473 823 2680 873 etcum
2705 831 2769 871 eo
2802 815 3056 883 psalmos
3080 828 3180 883 pro
3197 811 3627 882 exspectatione
3649 813 3739 866 sui
3763 810 3879 866 cxi-

2216 915 2314 966 tus
2346 912 2746 966 decantarent.
2781 909 3044 977 Cumque
3075 920 3207 960 cum
3259 904 3343 959 eis
3373 908 3429 959 et
3460 903 3587 976 ipse
3620 904 3877 959 moriens

2219 1000 2508 1076 psalleret,
2533 1017 2700 1057 voces
2725 997 3089 1069 psallentium
3109 1002 3342 1066 repente
3364 995 3712 1064 compescuit
3733 1011 3871 1054 eum

2217 1097 2436 1148 terrore
2469 1089 2667 1162 magni
2697 1087 2995 1154 clamoris,
3027 1086 3229 1141 dicens
3256 1101 3270 1139 :
3302 1085 3546 1152 Tacete;
3600 1085 3869 1155 nunquid

2219 1196 2332 1236 non
2357 1180 2574 1234 auditis
2591 1183 2822 1250 quantae
2845 1180 3120 1232 resonent
3136 1173 3412 1230 laudesin
3435 1172 3615 1230 caelo?
3639 1173 3708 1228 Et
3727 1173 3877 1230 dum

2217 1269 2292 1325 ad
2315 1269 2548 1326 easdem
2570 1267 2776 1324 laudes
2797 1283 2941 1338 quas
2965 1265 3125 1321 intus
3153 1263 3440 1332 audierat,
3459 1278 3658 1319 aurem
3679 1263 3879 1320 cordis

2214 1358 2565 1426 intenderet,
2598 1362 2800 1412 sancta
2840 1354 2941 1410 illa
2969 1354 3168 1410 anima
3196 1368 3368 1409 carne
3389 1351 3578 1408 soluta
3605 1359 3711 1409 est.
3746 1351 3878 1417 Qua

2217 1445 2440 1503 scilicet
2460 1449 2728 1512 exeunte,
2752 1448 2913 1500 tanta
2937 1442 3058 1498 illic
3075 1440 3386 1513 fragrantia
3407 1440 3602 1498 odoris
3637 1457 3881 1512 aspersa

2217 1540 2329 1603 est,
2365 1543 2421 1590 ut
2452 1551 2656 1591 omnes
2683 1533 2780 1605 qui
2814 1532 2930 1588 illic
2961 1533 3202 1588 aderant
3238 1529 3635 1587 inestimabili
3671 1530 3880 1586 suavi-

2215 1628 2332 1680 tate
2351 1623 2737 1696 replerentur,
2755 1622 2836 1678 ita
2859 1626 2922 1678 ut
2945 1637 3044 1692 per
3060 1621 3165 1676 hoc
3185 1624 3442 1691 patenter
3455 1623 3882 1692 cognoscerent

2217 1713 2374 1787 quod
2406 1730 2532 1769 eam
2570 1713 2770 1769 laudes
2793 1713 2850 1767 in
2884 1711 3027 1768 cmlo
3050 1709 3472 1780 suscepissent.
3506 1711 3605 1765 Cui
3638 1709 3717 1765 rei
3744 1725 3877 1766 mo-

457 1804 574 1859 τοῖς
604 1799 736 1853 ὠσὶν
795 1805 894 1867 τῆς
946 1795 1168 1872 καρδίας
1223 1799 1390 1854 αὑτοῦ
1443 1799 1651 1854 τούτων
1681 1796 1870 1868 ἤκοεν,
1901 1803 1936 1870 ἡ
1980 1801 2104 1876 ἁγία

2221 1805 2444 1860 nacbus
2469 1813 2664 1860 noster
2686 1802 3068 1872 interfuit,qni
3096 1817 3252 1857 nunc
3274 1817 3461 1873 usque
3481 1801 3643 1866 vivit,
3660 1806 3874 1857 etcum

460 1888 635 1957 ἐκείνη
661 1890 813 1963 ψυχή
840 1889 898 1943 ἐκ
918 1893 1023 1942 τῶν
1048 1886 1261 1960 δεσμῶν
1284 1892 1381 1943 τοῦ
1404 1889 1660 1962 σώματος
1685 1887 2107 1960 analemmat-

457 1997 560 2044 της
583 1974 640 2030 δὲ
660 1975 1004 2047 ἐξελθούσης,
1022 1977 1252 2044 τοσαὺτη
1281 1972 1545 2052 ὄσφρησις
1570 1974 1802 2040 εὐωδίας
1832 1975 1884 2030 ἐν
1915 1983 1994 2050 τῷ
2024 1979 2112 2033 τό-

455 2085 542 2136 πῳ
573 2063 760 2136 ἐκείνῳ
792 2062 1198 2133 ἐπῆλθεν,ὥστε
1244 2066 1446 2125 πάντας
1486 2067 1612 2127 τοῦς
1645 2066 1815 2120 ἐκεῖσε
1845 2087 2111 2140 παριστα-

2223 1910 2438 1965 magno
2471 1893 2605 1949 fletu
2639 1896 2896 1948 attestari
2929 1892 3098 1960 solet,
3131 1891 3270 1963 quia
3319 1907 3624 1963 quousque
3652 1906 3874 1959 corpus

2220 1985 2348 2052 ejus
2379 1983 2690 2052 sepulturae
2723 1983 3040 2045 traderent,
3062 1982 3134 2036 ab
3165 1997 3368 2036 eorum
3402 1980 3640 2036 naribus
3670 1981 3876 2039 odoris

2221 2071 2376 2126 illius
2411 2071 2724 2144 fragrantia
2759 2088 2870 2126 non
2906 2071 3162 2126 recessit.

457 2155 650 2226 μὲνους
681 2152 883 2223 ταύτης
907 2151 1310 2225 ἐμπλησθῆναι.
1339 2155 1496 2218 Ὅθεν
1529 2154 1588 2210 ἐκ
1615 2154 1811 2210 τούτου
1839 2158 2065 2234 φανερὸν
2092 2162 2208 2218 τοῖς
2238 2165 2367 2213 πᾶσι
2399 2160 2669 2234 γενέσθαι,
2703 2157 2787 2213 ὅτι
2819 2157 3020 2228 ταύτην
3055 2159 3110 2212 αἱ
3143 2156 3194 2212 ἐν
3241 2160 3321 2229 τῷ
3373 2155 3587 2231 οὐρανῷ
3633 2155 3873 2220 αίνέσεις

449 2239 712 2311 ἐδεξαντο.
749 2242 836 2298 Ἐν
871 2240 925 2296 δὲ
957 2246 1034 2312 τῷ
1065 2243 1342 2319 πράγματι
1371 2244 1549 2315 τούτῳ
1584 2245 1826 2320 μοναχὸς
1856 2244 2123 2321 ἡμέτερος
2153 2249 2339 2321 παρὼν
2371 2247 2558 2304 αὐτόθι
2593 2249 2864 2323 ὑπῆρχεν.
2896 2249 3084 2311 Ὅστις
3107 2245 3196 2302 καὶ
3231 2246 3398 2321 μέχρι
3429 2249 3527 2301 τοῦ
3567 2249 3659 2300 νῦν
3692 2247 3863 2320 περί-

448 2352 580 2388 εστι.
612 2332 786 2394 Οὗτος
843 2333 977 2404 μετᾶ
1019 2330 1235 2386 πολλοῦ
1277 2331 1567 2406 κλαυθμοῦ
1599 2340 1880 2409 μαρτυρεῖ,
1915 2333 2090 2410 λέγων
2123 2337 2206 2392 ὅτι
2235 2335 2340 2400 ἓως
2371 2339 2433 2393 οῦ
2463 2339 2526 2394 τὸ
2555 2342 2715 2412 σῶμα
2745 2338 2910 2392 αὐτοῦ
2932 2340 3002 2411 τῇ
3030 2341 3176 2414 ταφῇ
3206 2332 3608 2411 παρεδώκασιν,
3641 2333 3702 2390 ἐκ
3747 2339 3862 2391 τῶν

454 2420 614 2494 ῥινῶν
652 2421 833 2476 αὐτῶν
867 2421 1069 2490 ἐκείνης
1095 2428 1196 2490 τῆς
1231 2418 1458 2483 εὐωδίας
1494 2423 1529 2491 ἡ
1562 2421 1829 2500 ὄσφρησις
1855 2421 1954 2478 οὑκ
1982 2424 2210 2496 ἀπέστη.

983 2541 1132 2598 895
1179 2540 1437 2597 ΚΕΦΑΛ.
1481 2541 1558 2604 Ις.

580 2630 712 2703 Περὶ
742 2636 844 2698 τῆς
876 2629 1220 2692 τελειώσεως
1250 2628 1582 2702 Ῥωμύλλης
1618 2633 1962 2708 μοναστρίας.

536 2721 625 2776 Ἑν
653 2724 770 2780 ταῖς
790 2719 973 2780 αὑταῖς
993 2723 1088 2773 τοῦ
1111 2718 1430 2794 εὐαγγελίου
1454 2720 1961 2800 ὁμιλίαις,πρᾶγμα
1984 2721 2104 2794 διη-

465 2811 731 2887 γήσασθαι
768 2807 1216 2881 μὲμνημαι,ὅπερ
1235 2809 1322 2863 καὶ
1347 2812 1422 2883 (b)
1442 2814 1756 2874 Σπεκιῶσος
1776 2812 1804 2866 6
1832 2833 2105 2886 συμπρεσ-

466 2895 695 2973 Εύτερός
721 2918 828 2970 μου
851 2897 902 2951 ἐν
931 2902 1012 2968 τῷ
1033 2894 1341 2974 διηγεῖσθαί
1365 2920 1431 2970 με
1454 2899 1712 2964 αὐτο,καὶ
1735 2899 1894 2958 αὐτὸς
1915 2903 2108 2976 γινώσ-

461 3009 573 3046 κειν
594 2988 722 3044 αὐτὸ
751 2988 1188 3062 μεμαρτύρηκεν.
1204 2990 1290 3045 Ἑν
1313 2994 1392 3060 τῷ
1408 2994 1589 3064 χαιρῷ
1609 2988 1659 3044 ἐν
1675 2991 1721 3063 ᾧ
1741 2991 1803 3046 τὸ
1837 2995 2107 3065 μοναστή-

461 3098 578 3152 ριον
610 3077 928 3152 ᾐτησάμην,
959 3081 1123 3152 γραῦς
1169 3099 1250 3140 τις
1295 3077 1599 3150 Ῥεδέμπτα
1639 3079 1892 3152 ὀνόματι,
1923 3081 1974 3135 ἐν
2027 3087 2107 3154 τῷ

457 3169 668 3242 (ε)⁴ίερῷ
692 3168 1009 3242 ὑπάρχουσα
1040 3170 1308 3243 σχήματι,
1326 3169 1377 3224 ἐν
1411 3169 1579 3243 ταύτῃ
1603 3174 1669 3243 τῇ
1691 3176 1798 3225 τῶν
1820 3171 2104 3245 Ῥωμαίων

457 3255 618 3313 πόλει
647 3257 879 3328 κατῴκει
910 3255 1150 3326 πλησίον
1183 3261 1278 3312 τοῦ
1302 3261 1431 3313 ναοῦ
1457 3265 1556 3327 τῆς
1592 3259 1857 3331 μακαρίας
1884 3260 2105 3335 ἆειπαρ·

457 3347 610 3402 θένου
631 3344 719 3400 καὶ
744 3345 1000 3409 θεοτόκου
1019 3345 1251 3419 Μαρίας,
1269 3349 1541 3421 μαθήτρια
1563 3348 1824 3424 γενομένη
1852 3347 2102 3424 Ἰρουνδίο

454 3455 552 3506 νης
575 3433 784 3505 ἐκείνης
808 3439 906 3500 τῆς
928 3433 981 3490 ἐν
1007 3435 1286 3510 μεγίσταις
1309 3439 1382 3507 (d)
1407 3433 1693 3508 δυνάμεσιν
1723 3437 2102 3512 ὑπεραυξησά-

455 3543 575 3593 σης.
607 3524 760 3585 Ἥτις
793 3522 974 3578 ἐπάνω
1005 3529 1110 3578 τῶν
1146 3525 1540 3597 Πραινεστίνων
1565 3526 1754 3600 ὀρέων,
1779 3526 2104 3601 ἐρημιτικήν

457 3615 600 3682 ζωήν
635 3613 1019 3688 ἀπενέγκασθαι
1052 3609 1516 3689 φέρεται.Ταύτης
1550 3611 1606 3668 δὲ
1636 3622 1734 3684 τῆς
1769 3613 2106 3688 Ῥεδέμπτης

456 3699 553 3756 δύο
587 3704 883 3776 μαθήτριαι
919 3703 1171 3776 ὑπῆρχον
1198 3701 1248 3756 ἐν
1275 3707 1356 3773 τῷ
1378 3701 1522 3775 αὖτῷ
1544 3704 1674 3777 ἰερῷ
1698 3708 1963 3780 σχήματι·
1983 3705 2100 3763 ὄνοι

459 3813 534 3864 μα
557 3795 624 3864 τῇ
660 3797 757 3863 μιᾷ
787 3791 1108 3865 Ῥωμύλλα,
1138 3799 1240 3860 τῆς
1269 3789 1326 3846 δὲ
1355 3793 1537 3866 ἒτὲρας
1566 3794 1629 3848 τὸ
1679 3795 1774 3868 μὶν
1817 3794 1991 3868 ὄνομα
2041 3798 2102 3853 οὐ

453 3882 728 3955 γινώσκω,
745 3882 1026 3954 προσώπῳ
1049 3878 1106 3935 δὲ
1125 3881 1324 3952 ταύτην
1351 3881 1662 3955 ἐπίσταμαι,
1679 3884 1801 3952 ἥτις
1822 3885 1908 3940 καὶ
1935 3886 2100 3963 μέχρι

451 3973 549 4023 τοῦ
580 3972 669 4021 νῦν
693 3967 1064 4040 περίεστιν.Α¹ί
1081 3975 1228 4044 τρεῖς
1257 3969 1348 4023 οὖν
1370 3969 1522 4025 αῦται
1547 3970 1598 4026 ἐν
1621 3977 1718 4045 μιᾷ
1739 3972 1948 4044 οἰκήσει
1971 3996 2099 4030 κατ-

454 4058 666 4130 έμενον,
698 4057 850 4124 ἤθεσι
905 4057 999 4128 μὲν
1049 4064 1314 4133 χρηστοῖς
1362 4059 1718 4132 πλουτοῦσαι,
1749 4065 1884 4118 κατὰ
1914 4061 1971 4118 δὲ
2000 4066 2098 4134 τὴν

449 4145 782 4221 πρόσκαιρον
815 4147 1014 4215 ταύτην
1047 4149 1190 4216 ζωήν
1219 4146 1271 4203 ἐν
1295 4146 1471 4220 ἐνδείᾳ
1491 4151 2019 4225 (σ)ὑποὶρχουσαι.Ἢ
2046 4151 2103 4209 δὶ

452 4241 713 4311 προεῖπον
743 4233 1079 4309 Ῥωμύλλαν
1109 4237 1208 4303 τὴν
1230 4241 1649 4313 ουμμαθήτριαν
1681 4240 1850 4310 αὐτῆς
1875 4241 1926 4296 ἐν
1953 4243 2104 4319 μεγί-

451 4344 596 4385 στοις
617 4331 680 4392 τῆ
693 4345 716 4385 ς
731 4323 1012 4384 πολιτείας
1028 4321 1390 4397 δικαιώμασιν
1413 4323 1797 4399 ὑπερέϐαλλεν.
1812 4331 2094 4401 (ΗΎπῆρο

451 4409 594 4489 χεδέ
615 4412 783 4486 ἄκρας
808 4413 1092 4486 ὑπομονῆς
1114 4416 1200 4470 καὶ
1231 4417 1474 4485 ὑπακοῆς
1500 4418 1874 4491 θυγάτηρ,τοῦ
1897 4439 2104 4493 στομα-

445 4523 540 4564 τος
599 4500 793 4581 φύλαξ,
824 4506 1116 4576 καρτερική
1178 4503 1229 4558 ἐν
1279 4509 1348 4578 τῇ
1395 4504 1555 4579 εὐχῇ,
1592 4507 1682 4560 καὶ
1724 4509 1858 4580 πρὸς
1890 4511 2101 4578 σιωπὴν

445 4588 919 4660 ἐπιτηδεία.’Λλλ’
933 4589 1121 4661 ἐπειδη
1136 4591 1509 4664 ἐντελειότητι
1530 4594 1794 4670 ὑπάρχειν
1810 4597 1960 4659 τινας
1977 4598 2109 4654 ὑπο-

449 4677 822 4756 λαμϐάνουσιν
854 4682 905 4736 οἱ
937 4679 1303 4756 ἅνθρωποι,ἐν
1326 4681 1510 4746 δὶτοῖς
1537 4683 1845 4763 ὀφθαλμοῖς
1867 4691 1964 4742 τοῦ
1978 4689 2108 4743 πάν·

2744 2547 2899 2602 ³96
2939 2544 3172 2602 CAPUT
3209 2544 3327 2602 XV.

2511 2637 2585 2692 De
2615 2638 2860 2691 transitu
2890 2635 3136 2691 Romulae
3176 2633 3415 2690 ancilla
3444 2632 3565 2689 Dei.

2284 2725 2346 2779 In
2370 2724 2589 2780 eisdem
2614 2741 2847 2797 quoque
2861 2723 3606 2795 Homiliis(flomit.15)rem
3631 2738 3871 2778 narras-

2216 2831 2278 2869 se
2293 2830 2382 2868 me
2395 2813 2690 2886 recolo,(g)
2710 2830 2880 2886 quam
2895 2813 3204 2885 Speciosus
3217 2828 3344 2868 com
3354 2811 3654 2884 presbyter
3669 2826 3864 2879 meus,

2216 2902 2316 2974 qui
2351 2902 2496 2958 hanc
2538 2908 2793 2971 noverat,
2847 2919 2938 2958 me
2983 2906 3257 2958 narrante
3303 2907 3614 2956 attestatus
3644 2911 3751 2956 est.
3787 2901 3871 2956 Eo

2215 3007 2467 3060 namque
2492 2998 2749 3061 tempore
2772 3009 2887 3066 quo
2911 2993 3328 3047 monasterium
3356 2990 3510 3059 petii,
3535 3007 3682 3046 anus
3701 3006 3870 3062 qua-

2217 3081 2350 3136 dam
2376 3082 2454 3153 (li)
2481 3082 2791 3151 Redempta
2816 3083 3068 3145 nomine.
3099 3081 3159 3136 in
3195 3079 3628 3136 sanctimoniali
3663 3081 3870 3136 habitu

2217 3173 2535 3225 constituta
2565 3172 2620 3225 in
2665 3173 2803 3227 urbe
2844 3170 2953 3227 bac
2986 3173 3153 3239 juxta
3187 3175 3361 3226 beata:
3411 3169 3604 3226 Mariae
3634 3186 3875 3240 semper

2215 3260 2462 3329 virginis
2492 3260 2787 3316 ecclesiam
2821 3261 3106 3316 manebat.
3141 3263 3272 3314 Haec
3318 3258 3479 3314 illius
3511 3257 3874 3315 Herundinis

2219 3348 2504 3418 discipula
2527 3350 2731 3417 fuerat,
2759 3366 2883 3421 quis
2907 3350 3132 3419 magnis
3153 3348 3466 3404 virtutibus
3490 3348 3738 3420 pollens,
3759 3364 3872 3404 su-

2216 3455 2315 3508 per
2331 3438 2399 3509 (i)
2423 3438 2804 3494 Prmuestinos
2827 3445 3050 3494 montes
3063 3441 3236 3494 vitam
3259 3438 3611 3494 eremiticam
3628 3437 3876 3494 duxisse

2215 3527 2522 3582 ferebatur.
2549 3527 2693 3584 Huic
2715 3534 2908 3582 autem
2933 3528 3262 3597 Redemptze
3294 3531 3418 3581 dum
3451 3529 3508 3582 in
3530 3527 3733 3582 eodem
3758 3527 3873 3582 be.-

2211 3618 2339 3671 bitu
2358 3616 2656 3688 discipula:
2687 3618 2951 3685 aderant,
2985 3634 3100 3672 una
3133 3617 3368 3672 nomine
3400 3615 3665 3683 Romula,
3698 3621 3757 3671 et
3787 3616 3878 3672 al-

2212 3709 2356 3769 tera,
2376 3722 2502 3777 quin
2539 3720 2696 3760 nunc
2719 3706 2907 3760 adhuc
2925 3711 3214 3774 superest,
3238 3721 3412 3776 quam
3446 3705 3683 3776 quidem
3719 3705 3879 3762 facie

2213 3793 2353 3860 scio,
2388 3798 2486 3849 sed
2522 3794 2760 3849 nomine
2793 3795 3008 3850 nescio.
3033 3794 3173 3850 Tres
3199 3795 3388 3865 itaque
3421 3793 3504 3849 hae
3528 3794 3588 3850 in
3620 3810 3737 3849 uno
3756 3794 3878 3850 ba-

2212 3882 2462 3938 bitaculo
2493 3888 2956 3949 commanentes,
2986 3899 3212 3940 morum
3231 3883 3462 3955 quidem
3491 3884 3707 3938 divitiis
3740 3885 3874 3956 ple-

2212 3989 2372 4036 nam,
2406 3973 2505 4028 sed
2539 3977 2729 4028 tamen
2770 3973 2941 4028 rebus
2973 3989 3284 4044 pauperem
3319 3973 3490 4027 vitam
3546 3972 3874 4030 ducebant.

2211 4061 2343 4116 Ilaec
2361 4067 2556 4116 autem
2581 4079 2757 4134 quam
2777 4062 3048 4131 praefatus
3073 4077 3200 4116 sum
3224 4062 3463 4116 Romula
3486 4060 3660 4117 aliam
3684 4077 3879 4132 quam

2213 4151 2447 4220 praedixi
2480 4150 2946 4223 condiscipulam
2999 4167 3166 4206 suam
3202 4151 3433 4222 magnis
3476 4151 3605 4206 vita:
3638 4151 3883 4209 meritis

2211 4241 2484 4297 anteibat.
2517 4242 2891 4314 Eratquippe
2925 4241 3082 4296 mirae
3106 4241 3420 4312 patientiae,
3451 4257 3700 4296 summa
3733 4243 3886 4298 obe-

2213 4330 2463 4395 dientize,
2494 4335 2691 4386 custos
2723 4333 2840 4385 oris
2859 4331 2948 4385 sui
2971 4331 3046 4386 ad
3064 4331 3382 4394 silentium,
3411 4330 3678 4386 studiosa
3699 4331 3886 4388 valde

2215 4419 2285 4474 ad
2309 4421 2599 4472 continua:
2621 4418 2902 4473 orationis
2926 4418 3243 4474 usum.Sed
3264 4418 3403 4490 quia
3419 4417 3768 4489 plerumque
3783 4417 3885 4489 hi,

2215 4508 2492 4579 quosjam
2513 4505 2779 4561 homines
2794 4507 3075 4576 perfectos
3089 4507 3407 4574 mstiment,
3427 4506 3619 4560 adbuc
3643 4506 3701 4560 in
3724 4521 3888 4562 ocu-

2214 4596 2288 4652 lis
2311 4595 2529 4650 summi
2552 4596 2780 4667 Opiﬁcis
2803 4594 3023 4668 aliquid
3049 4595 3502 4666 iuiperfectiouis
3523 4593 3764 4662 habent,
3787 4597 3890 4652 si-

2221 4690 2316 4741 cut
2346 4701 2496 4755 stepe
2517 4683 2768 4756 imperiti
2805 4685 3069 4740 homines
3094 4685 3339 4740 necdum
3361 4683 3611 4756 perfecte
3634 4685 3894 4757 sculpta

447 4793 555 4828 των
589 4769 936 4849 δημιουργοῦ
966 4773 1181 4835 πάντως
1215 4772 1400 4836 ἀτελές
1433 4795 1483 4828 τι
1516 4768 1767 4849 ἔχουσιν
1795 4773 1979 4852 ὥσπερ
2001 4780 2103 4854 γὰρ

2221 4773 2404 4845 sigilla
2417 4772 2833 4844 conspicimus,
2850 4779 2906 4829 et
2921 4775 3044 4844 jam
3059 4772 3226 4846 quasi
3249 4773 3506 4846 perfecta
3522 4771 3886 4843 laudamus,

450 4863 505 4917 αἱ
525 4859 753 4924 τελείως
782 4863 858 4934 μὴ
883 4861 1173 4938 γλυφεῖσαι
1199 4861 1506 4940 σφραγῖδες,
1534 4860 1812 4926 πολλάκις
1833 4868 1977 4940 παρὰ
1998 4872 2103 4923 τῶν

454 4952 530 5023 μή
555 4950 930 5024 γινωσκόντων
956 4952 1340 5025 ὁρώμεναι,ὡς
1353 4949 1462 5022 ἤδη
1478 4953 1672 5007 λοιπὸν
1687 4952 2103 5028 τετελειωμέναι

451 5039 1004 5118 ἰπαινοῦνται,ἆ’στιερ
1035 5042 1215 5116 ἀκμήν
1240 5045 1268 5098 6
1297 5044 1574 5120 τεχνίτης,
1598 5043 1749 5099 εἶκαὶ
1784 5043 2102 5120 ἐπαινουμέ-

521 5189 602 5260 (tt)
635 5185 742 5241 Ms.
755 5228 768 5248 ,
801 5183 934 5260 αὕτη
946 5190 1157 5260 χοῦσιν.

521 5251 616 5340 (II).
632 5261 757 5336 Ms,
783 5251 1009 5319 Σπέκιος
1042 5259 1070 5312 6
1084 5251 1444 5332 πρεσϐύτερός
1462 5279 1566 5332 μου
1581 5259 1632 5316 ἐν
1646 5262 1725 5331 τῷ
1739 5255 2102 5333 διηγήσασθαί

504 5347 527 5381 ε
560 5348 727 5383 αυτω.

460 5349 1150 5481 μεςσῖέίξίωοναχικῶωι
1177 5403 1353 5481 paulo
1387 5409 1514 5470 post
1537 5409 1635 5473 τῆς
1660 5403 1816 5481 ἁγίας
1847 5402 2096 5480 ἆειπαρθ.

524 5468 604 5545 (ἄν)
635 5468 778 5545 _Ms.,
812 5468 1073 5545 δυνῖμεσι
1102 5468 1196 5525 καί
1220 5468 1457 5545 τέρασιν.

525 5543 599 5618 (σν)
625 5543 778 5618 _Ms_._,
850 5539 1096 5618 ιάγουσαι
1107 5585 1120 5598 .

521 5615 591 5683 (Ῑ)
625 5614 686 5670 In
716 5614 974 5692 Vatic.e_t
1003 5615 1519 5692 Gussanv.la_cuna
1537 5622 1628 5692 est
1649 5634 1823 5692 quam
1856 5617 2098 5691 replevi-

453 5697 586 5737 mus
639 5701 747 5757 ope
803 5689 902 5742 Ms.
939 5687 1078 5759 Reg.
1112 5687 1314 5760 sicque
1345 5687 1542 5746 Graeca
1572 5687 1792 5746 Latinis
1851 5687 2096 5763 perfecte

2215 4880 2344 4936 quae
2365 4867 2560 4918 tamen
2577 4861 2766 4920 adhuc
2782 4863 2985 4919 artifex
3005 4863 3332 4920 considerat
3349 4868 3405 4918 et
3425 4861 3612 4932 limat,
3635 4861 3897 4922 laudari

2206 4952 2332 5024 jam
2357 4953 2542 5018 audit,
2565 4957 2619 5008 et
2644 4957 2832 5008 tamen
2848 4969 2916 5008 ea
2938 4953 3180 5008 tundere
3202 4951 3560 5007 meliorando
3582 4967 3700 5006 non
3723 4953 3898 5008 desi-

2213 5041 2319 5110 nit;
2343 5040 2652 5112 bacquam
2677 5041 3054 5113 praediximus
3098 5040 3346 5098 Romula
3365 5055 3432 5097 ea
3465 5055 3641 5112 quam
3663 5042 3895 5100 Greco

2212 5189 2587 5259 respondent.

2281 5262 2356 5332 (g)
2392 5261 2516 5316 Duo
2547 5262 2794 5330 Gemet.,
2826 5262 3064 5317 totidem
3096 5260 3343 5329 Theod.,
3395 5264 3454 5318 et
3483 5260 3696 5318 tertius
3726 5261 3904 5320 Car-

2210 5341 2356 5398 not.,
2401 5336 2491 5387 cui
2515 5333 2864 5402 Speciosus...
2897 5338 3185 5389 attestatus
3215 5345 3312 5390 est.

2281 5404 2360 5476 (ἡ)
2419 5405 2617 5476 Trium
2683 5405 2912 5460 illarum
2976 5406 3274 5475 Virginum
3336 5404 3571 5462 nomina
3629 5405 3911 5469 exhibet

2208 5475 2581 5546 Martyrolog.
2618 5477 2780 5532 Rom.
2815 5477 2908 5530 die
2935 5477 3007 5531 23
3034 5477 3154 5532 Jul.

2279 5547 2347 5632 (ᾗ)
2380 5549 2742 5604 Prenestinm
2775 5549 2936 5607 urbis
2965 5549 3145 5606 situm
3175 5547 3236 5605 in
3271 5553 3472 5606 monte
3495 5548 3622 5620 jam
3657 5546 3908 5606 obest-

2207 5632 2495 5675 νενιωυε.
