4168 6170
275 237 396 297 345
1512 244 2031 312 DIALOGORUM
2077 251 2308 313 LIBER
2356 254 2458 315 ιν.
3571 261 3690 324 346

270 370 562 428 vocabulo
595 373 800 429 medici
833 373 1122 448 paralysin
1146 384 1348 433 vocant
1369 377 1905 454 molestiaeorporal

2043 405 2135 446 νας
2166 385 2328 450 αὐτας
2370 387 2578 458 ἀκούει,
2609 389 2734 444 ἀλλ’
2766 388 2862 444 οῦν
2923 391 3141 466 ῥινίζων
3174 394 3260 449 καὶ
3318 397 3688 471 κατακρούων,

271 479 559 534 percussa
580 470 697 527 est,
721 464 1042 536 multisque
1076 465 1250 521 annis
1280 466 1337 522 in
1369 466 1582 524 lectulo
1619 472 1939 542 decubans,

269 569 426 626 pene
451 553 860 626 omnijacebat
883 557 1279 613 membrorum
1305 559 1494 615 olﬁcio
1512 561 1810 630 destituta,
1836 581 1940 621 nec

271 648 476 698 tamen
504 645 626 698 haec
647 644 843 701 eadem
869 647 999 716 ejus
1024 657 1276 703 mentem
1298 649 1371 704 ad
1393 651 1816 722 impatientiam
1841 654 1940 710 ﬂa-

265 734 428 804 gella
453 736 859 804 perduxerant.
881 735 1023 790 Nam
1047 736 1172 807 ipsa
1193 740 1242 792 ei
1265 737 1618 796 detrimenta
1641 744 1932 799 membro-

268 838 404 878 rum
439 825 590 878 facta
633 827 865 880 fuerant
895 827 1244 883 incrementa
1276 829 1575 894 virtutum,
1618 847 1750 902 quia
1775 839 1936 888 tanto

260 911 586 967 sollicitius
609 914 678 968 ad
721 931 890 970 usum
925 917 1206 972 orationis
1247 926 1599 986 excreverat,
1642 928 1861 992 quanto
1883 917 1936 978 οι

258 1002 426 1057 aliud
454 1003 756 1072 quodlibet
777 1021 948 1076 agere
971 1021 1335 1078 nequaquam
1363 1009 1606 1064 valebat.
1631 1009 1807 1067 Nocte
1831 1012 1935 1077 igi—

260 1100 366 1146 tur
399 1092 650 1162 quadam
700 1100 962 1150 eamdem
1015 1095 1394 1168 Redemptam
1453 1116 1628 1171 quam
1666 1103 1934 1172 praafatus

258 1197 424 1250 sum,
450 1197 578 1252 qua:
603 1189 884 1255 utrasque
904 1183 1226 1256 discipulae
1249 1203 1386 1242 suas
1409 1188 1661 1244 filiarum
1686 1188 1812 1245 loco
1828 1205 1931 1246 nu-

251 1271 497 1338 triebat,
532 1273 778 1340 vocavit,
811 1273 1012 1330 dicens
1042 1292 1061 1330 :
1095 1276 1302 1345 Mater,
1333 1277 1486 1344 veni,
1529 1284 1732 1346 mater,
1776 1281 1930 1342 veni.

249 1363 395 1428 Qua:
428 1377 565 1418 mox
584 1379 718 1418 cum
742 1362 856 1418 alia
888 1364 1017 1434 ejus
1057 1365 1459 1439 condiscipula
1493 1372 1759 1433 surrexit,
1784 1369 1932 1427 sicut

251 1453 532 1524 utrisque
555 1453 946 1510 referentibus
967 1460 1024 1510 et
1045 1455 1246 1512 multis
1270 1458 1468 1514 eadem
1503 1473 1596 1514 res
1619 1461 1848 1528 claruit,
1871 1460 1930 1517 et

249 1557 361 1615 ego
385 1558 629 1614 quoque
650 1543 852 1598 eodem
879 1551 1134 1616 tempore
1165 1547 1392 1618 agnovi.
1439 1551 1701 1621 Cumque
1741 1550 1930 1607 noctis

251 1632 454 1687 medio
480 1631 968 1703 lectulojacentis
991 1635 1359 1706 assisterent,
1382 1637 1574 1693 subito
1589 1637 1928 1695 cmlituslux

2043 473 2413 545 καλλωπίζων
2447 477 2551 532 οὐκ
2583 477 2888 556 ἀφίσταται·
2923 482 3042 544 ὅθεν
3068 503 3119 536 τι
3170 487 3417 540 τοιοῦτον
3464 487 3549 540 καὶ
3602 488 3690 542 ini

2042 564 2212 637 ταύτῃ
2246 562 2478 641 γέγονεν.
2515 568 2617 623 Ἤν
2648 569 2751 642 γὰρ
2782 569 3098 645 προέφημεν
3131 571 3458 644 Ῥωμύλλαν
3492 571 3687 646 συνέϐη

2042 654 2183 726 νόσῳ
2215 660 2502 730 σωματικῇ
2534 664 2862 732 περιπεσεῖν.
2882 661 3086 734 Ἤνπερ
3118 663 3274 717 νόσον
3301 667 3370 735 τῇ
3405 664 3691 736 Ἑλληνίδι

2043 741 2314 818 διαλέκτῳ
2334 747 2385 800 οἱ
2409 745 2584 822 ἰατροὶ
2599 752 2672 822 (Γ)
2687 747 2988 823 παράλυσιν
3014 751 3395 823 ὀνομάζουσιν.
3411 756 3532 810 Ἑπῖ
3551 755 3690 811 πολ-

2042 834 2174 897 λοὺς
2204 833 2260 890 δὲ
2292 835 2522 910 χρόνους
2551 837 2602 892 ἐν
2633 842 2701 904 τῆ
2731 839 2894 914 κλίνῃ
2927 841 3290 913 κατακειμένη
3333 842 3392 898 ἐκ
3440 851 3540 908 τῖς
3583 851 3690 901 τῶν

2043 923 2227 996 μελῶν
2243 926 2412 994 αὐτῆς
2437 927 2738 1002 ὑπηρεσίας
2759 929 3016 1000 ἀκίνητος
3031 927 3286 1003 διέμενεν.
3305 933 3384 990 Οὐ
3410 933 3502 1005 μέν
3524 935 3609 990 τοί
3630 957 3692 1011 γε

2037 1014 2127 1069 τὸν
2155 1015 2354 1085 ταύτης
2386 1015 2651 1093 λογισμὸν
2685 1019 2738 1072 αἱ
2769 1022 2868 1086 τῆς
2894 1021 3060 1074 νόσου
3093 1021 3351 1097 μάστιγες
3383 1023 3458 1084 εἰς
3489 1025 3690 1080 ἀνυπο-

2041 1104 2303 1178 μονησίαν
2323 1107 2681 1162 κατέσπασαν.
2704 1105 2882 1164 Ἀλλὰ
2905 1108 3118 1181 μᾶλλον
3137 1108 3294 1166 αὗται
3308 1112 3363 1166 αἱ
3383 1109 3562 1168 ὀδύναι
3581 1120 3688 1170 τῶν

2040 1193 2246 1268 μελῶν,
2271 1197 2557 1270 προσθήκη
2583 1193 2864 1269 δυνάμεως
2889 1197 2940 1252 ἐν
2964 1199 3099 1268 αὐτῆ
3131 1199 3400 1278 γεγόνασι.
3428 1203 3688 1276 Τοσούτῳ

2035 1285 2141 1360 γὰρ
2176 1280 2570 1360 σπουδαιοτέρα
2601 1285 2653 1339 έν
2681 1292 2749 1355 τῆ
2781 1285 2917 1362 εὐχῇ
2940 1285 3279 1365 γέγονεν,ὅτι
3304 1289 3352 1344 εἴ
3369 1292 3460 1346 καὶ
3482 1292 3686 1363 ἠθέλη-

2035 1393 2119 1428 σεν
2147 1370 2330 1448 ἕτερόν
2376 1396 2427 1429 τι
2460 1381 2709 1444 ποιῆσαι,
2739 1373 2999 1448 οὐδαμῶς
3046 1375 3303 1448 ἠδύνατο.
3339 1381 3425 1436 Ἐν
3477 1385 3572 1453 μιᾷ
3623 1378 3681 1438 δὲ

2031 1465 2184 1518 νυκτὶ
2225 1465 2322 1531 τήν
2354 1463 2758 1540 προρρηθεῖσαν
2786 1464 3138 1541 Ῥεδέμπταν,
3164 1469 3286 1538 ἥτις
3315 1470 3408 1532 τὰς
3445 1469 3684 1551 ἀμφοτέ-

2035 1572 2128 1626 ρας,
2156 1553 2326 1621 αὐτῆς
2361 1555 2668 1628 μαθητρίας
2688 1554 2739 1609 ἐν
2760 1557 2902 1626 τάξει
2930 1557 3238 1632 Θυγατέρων
3259 1558 3527 1633 ἀνέτρεφε,
3547 1561 3685 1631 πρὸς

2032 1640 2226 1709 ἑαυτὴν
2258 1640 2496 1711 ἐκάλεσε,
2521 1641 2773 1717 λέγουσα⁹
2791 1642 2968 1713 Ἐλθέ,
2991 1647 3185 1721 μῆτερ,
3211 1645 3351 1710 ἐλθέ.
3378 1648 3596 1711 Εὐθέως
3628 1646 3684 1705 δὶ

252 1721 475 1776 emissa
524 1737 698 1776 omne
746 1722 908 1778 illius
954 1723 1178 1779 cellulae
1227 1725 1485 1795 spatium
1538 1727 1820 1799 implevit,
1872 1737 1912 1784 et

259 1810 348 1830 ,γι
397 1816 680 1830 μημί,
769 1813 807 1830 _.
970 1815 1006 1830 ,.
1164 1814 1176 1826 .
1265 1817 1296 1830 .,
1397 1826 1405 1830 _
1561 1818 1576 1830 .
1738 1820 1803 1830 ..

2033 1727 2126 1782 σὺν
2155 1736 2222 1798 τῆ
2257 1728 2402 1805 ἄλλῃ
2428 1729 2594 1798 αὐτῆς
2629 1731 2903 1803 μαθητρίᾳ
2932 1732 3150 1802 ἀνέστη,
3180 1735 3270 1789 καὶ
3330 1737 3465 1807 πρὸς
3516 1736 3684 1807 αὐτὴν

255 1810 541 1881 Splendor
561 1817 738 1868 tantm
758 1813 1043 1870 claritatis
1064 1814 1325 1881 emicuit,
1353 1826 1407 1870 ut
1442 1818 1617 1872 corda
1638 1820 1927 1874 assisten-

258 1903 416 1956 tium
460 1902 855 1959 insestimabili
892 1920 1098 1976 pavore
1138 1908 1576 1978 perstringeret,
1617 1919 1812 1980 atque,
1866 1916 1928 1966 ut

253 2003 381 2065 post
417 1991 561 2064 ipsa:
590 1997 1131 2063 rel'erebant,omne
1156 1996 1212 2050 in
1236 1997 1318 2052 eis
1339 2013 1554 2069 corpus
1588 1998 1920 2070 obrigesce-

260 2089 370 2148 ret,
405 2091 457 2136 et
481 2083 540 2136 in
565 2082 757 2139 subito
779 2089 1016 2153 stupore
1037 2095 1426 2142 remanerent.
1458 2087 1642 2155 Capit
1673 2105 1923 2160 namque

255 2172 426 2242 quasi
447 2171 759 2241 cujusdam
784 2188 1012 2244 magnae
1031 2173 1808 2248 multitudinisingredientis
1830 2195 1921 2236 so-

255 2265 413 2318 nitus
433 2265 648 2332 audiri,
672 2265 1010 2338 ostiumque
1031 2266 1250 2322 cellulae
1273 2269 1527 2337 concuti,
1549 2286 1613 2324 ac
1637 2272 1686 2325 si
1727 2271 1917 2343 ingre-

252 2352 545 2410 dientium
569 2355 737 2410 turba
758 2363 1123 2426 premeretur
1144 2372 1159 2424 ;
1183 2368 1377 2430 atque,
1412 2363 1476 2413 ut
1503 2359 1795 2427 dicebant,
1820 2362 1917 2416 in-

253 2444 544 2500 trantium
570 2443 1006 2500 multitudinem
1030 2446 1380 2516 sentiebant,
1405 2447 1508 2504 sed
1531 2447 1824 2506 nimietate
1847 2447 1919 2504 ti-

253 2532 439 2589 moris
481 2541 536 2589 et
582 2533 828 2590 luminis
871 2535 1020 2590 893
1066 2535 1261 2592 videre
1302 2553 1416 2592 non
1448 2543 1733 2607 poterant,
1776 2539 1917 2611 quia

247 2636 452 2678 earnm
474 2621 679 2679 oculos
701 2628 758 2678 et
780 2640 957 2696 pavor
977 2624 1360 2696 depresserat,
1393 2631 1450 2682 et
1468 2625 1598 2699 ipsa
1636 2629 1780 2684 tanti
1821 2631 1911 2687 lu-

252 2711 430 2766 minis
449 2711 686 2768 claritas
709 2713 1421 2783 reverberabat.(a)0uam
1439 2715 1622 2772 lucem
1645 2719 1913 2790 protinus

250 2804 337 2854 est
366 2802 499 2856 miri
524 2801 720 2857 odoris
765 2802 1082 2874 fragrantia
1121 2803 1458 2870 subsecuta,
1491 2805 1574 2862 ita
1615 2811 1680 2862 ut.
1709 2823 1908 2866 earum

249 2890 516 2945 animum
544 2907 716 2962 quem
738 2890 837 2946 lux
857 2891 1074 2948 emissa
1111 2899 1397 2949 terruerat
1437 2897 1632 2952 odoris
1653 2899 1910 2956 suavitas

249 2986 548 3040 refoveret.
593 2983 710 3040 Sed
758 3001 892 3040 cun:
928 2985 1043 3040 vim
1075 2984 1360 3042 claritatis
1413 2987 1570 3044 illius
1611 2990 1760 3047 terre
1793 3008 1906 3048 non

249 3078 513 3144 possent,
553 3073 732 3139 cepit
766 3074 971 3130 eadem
1025 3075 1275 3132 Romula
1310 3077 1673 3134 assistentem
1705 3084 1762 3135 et
1791 3087 1909 3136 tre-

249 3169 506 3217 mentem
543 3162 925 3234 Redemptam
974 3181 1215 3220 suorum
1275 3181 1499 3223 morum
1560 3169 1902 3241 magistram

249 3248 457 3307 blanda
487 3267 629 3307 voce
649 3253 961 3316 consolari,
992 3254 1236 3310 dicens:
1273 3255 1397 3311 Noli
1444 3256 1665 3326 limere,
1699 3265 1902 3328 mater,

248 3356 357 3395 non
384 3341 607 3396 morior
625 3343 817 3397 modo.
841 3345 1101 3413 Cumque
1127 3344 1235 3400 hoc
1257 3345 1459 3400 crebro
1499 3345 1736 3414 diceret,
1762 3365 1902 3417 pau-

245 3427 401 3485 latim
428 3432 531 3485 lux
555 3445 684 3501 quae
708 3431 893 3486 fuerat
913 3433 1133 3487 emissa
1151 3432 1452 3489 subtracta
1471 3439 1581 3500 est,
1607 3436 1707 3490 sed
1732 3437 1780 3492 is
1804 3436 1903 3508 qui

243 3518 600 3574 subsecutus
620 3524 713 3576 est
734 3521 878 3575 odor
901 3522 1206 3578 remansit.
1230 3521 1440 3594 Sicque
1462 3524 1586 3578 dies
1609 3527 1904 3583 secundus

241 3617 288 3664 et
308 3610 524 3664 tertius
543 3610 792 3680 transiit,
817 3615 881 3666 ut
903 3627 1134 3682 aspersa
1152 3613 1349 3668 odoris
1369 3613 1690 3685 fragrantia
1723 3632 1905 3672 rema-

243 3704 414 3753 neret.
442 3697 625 3754 Nocte
647 3699 824 3770 igitur
845 3705 1051 3772 quarta
1072 3702 1338 3757 eamdem
1363 3703 1707 3775 magistram
1732 3722 1901 3761 suam

241 3787 446 3844 iterum
474 3789 743 3857 vocavit;
773 3805 889 3860 qua
918 3791 1207 3855 veniente,
1243 3791 1318 3864 (ὁ)
1341 3792 1613 3847 viaticum
1641 3793 1826 3864 petiit,
1849 3798 1906 3850 et

241 3878 490 3950 accepit.
513 3876 774 3934 Necdum
800 3895 934 3934 vero
957 3881 1156 3936 eadem
1185 3880 1523 3953 Redempta,
1558 3883 1644 3937 vel
1672 3882 1768 3938 illa
1791 3883 1906 3940 alia

236 3968 357 4035 ejns
379 3967 678 4038 discipula
701 3985 733 4024 ει
756 3967 966 4024 lectulo
980 3971 1233 4040 jacentis
1256 3972 1680 4039 abscesserant,
1700 3984 1756 4028 et
1771 3989 1904 4030 ecce

236 4056 424 4112 subito
457 4055 519 4110 in
564 4055 758 4126 platea
796 4064 931 4113 ante
953 4059 1217 4128 ejusdem
1260 4058 1479 4115 cellula:
1518 4061 1739 4116 ostium
1785 4063 1901 4119 duo

236 4145 392 4202 ebori
423 4143 804 4218 psallentium
831 4149 1237 4211 constiterunt,
1267 4154 1323 4203 et
1353 4148 1500 4205 sicut
1529 4166 1592 4204 se
1633 4151 1904 4207 dicebant

235 4248 408 4290 sexus
423 4251 498 4290 ex
515 4235 760 4291 vocibus
781 4237 1145 4304 discrevisse,
1165 4236 1503 4309 psalmodiae
1525 4239 1904 4294 cantusdice—

233 4325 374 4381 bant
405 4326 542 4392 viri,
583 4331 642 4382 et
691 4327 918 4384 femina
969 4329 1414 4400 respondebant.
1467 4331 1728 4400 Cumque
1769 4336 1902 4386 ante

237 4415 386 4471 fores
403 4414 632 4470 cellulas
656 4417 1338 4474 esbiberenturcmlestes
1369 4421 1675 4490 exsequiae.
1700 4426 1903 4476 sancta

2038 1817 2498 1886 ἀπῆλθον,καοὼς
2529 1820 2851 1898 ἀμφοτέρων
2875 1820 3048 1875 αὐτῶν
3075 1819 3452 1898 διηγουμένων
3475 1825 3562 1880 καί
3579 1826 3685 1882 έτέ’

2032 1927 2141 1982 ρων
2173 1907 2397 1962 πολλῶν
2425 1909 2488 1962 τὸ
2518 1912 2739 1984 πρᾶγμα
2766 1907 3167 1980 ἐδηλοποιήοη.
3196 1911 3356 1989 Κάγὼ
3375 1911 3432 1968 δέ
3461 1913 3512 1968 έν
3536 1913 3682 1987 αὐτῷ

2029 1997 2109 2070 τῷ
2129 2002 2478 2070 καιρῷτοῦτο
2499 1995 2741 2074 διέγνων.
2758 2001 2846 2056 Ἐν
2867 1999 2978 2072 ὅσῳ
2995 1999 3088 2054 οὖν
3105 2001 3314 2056 κατὰτὸ
3331 2003 3680 2074 μεσονύκτιον

2025 2090 2094 2161 τῇ
2117 2085 2275 2161 κλίνῃ
2295 2095 2392 2155 τῆς
2412 2089 2665 2160 κειμένης
2681 2089 3040 2162 παρέστησαν,
3056 2095 3254 2169 αἴφνης
3271 2091 3555 2165 οὐρανόθεν
3571 2116 3680 2172 φω-

2025 2176 2118 2239 τὸς
2141 2174 2562 2245 ἀποσταλέντος,
2577 2178 2745 2232 πάντα
2755 2178 2922 2234 τόπον
2942 2185 3040 2247 τῆς
3062 2177 3270 2249 κέλλης
3285 2178 3487 2248 ἐκείνης
3502 2179 3644 2251 ἐπλή
3657 2213 3676 2224 -

2030 2265 2479 2341 ρωσεν.Τοσαὺτη
2510 2263 2566 2322 δὲ
2597 2267 2841 2342 ἀστραπὴ
2873 2271 2942 2341 τῇ
2981 2265 3332 2344 λαμπρότητι
3366 2273 3462 2324 τοῦ
3493 2269 3674 2344 φωτὸς

2023 2355 2231 2412 ἐκείνου
2261 2356 2582 2433 ἐξελαμψεν,
2615 2355 2756 2414 ὥστε
2782 2359 2876 2422 τὰς
2917 2359 3143 2435 καρδίας
3168 2364 3278 2415 τῶν
3309 2362 3671 2435 παρεστώτων

2023 2445 2180 2526 φόϐῳ
2201 2445 2588 2522 ἐκπλῆξαι,καὶ
2604 2449 2780 2512 καθὼς
2805 2449 3111 2522 μετέπειτα’
3130 2448 3327 2505 ἐκεῖναι
3357 2445 3671 2525 διηγοῦντο,

2018 2532 2243 2593 ’ἑκαστον
2269 2536 2438 2610 μέλος
2459 2542 2556 2594 τοῦ
2578 2539 2830 2613 σώματος
2855 2538 3027 2594 αὐτῶν
3060 2539 3334 2614 ἄπεπάγη.
3353 2541 3438 2597 Ἐν
3465 2538 3674 2612 ἐκπλή-

2021 2626 2096 2696 ξει
2129 2628 2185 2681 δί
2207 2627 2387 2682 αὐτῶν
2409 2628 2837 2701 ἀπομεινάντων,
2857 2628 3062 2702 ἤρξατο
3093 2629 3240 2704 ἦχος
3279 2629 3448 2704 μέγας
3478 2629 3671 2685 ἀκούε-

2019 2727 2164 2784 σθαι,
2198 2717 2272 2780 ὡς
2301 2715 2518 2771 πολλοῦ
2545 2716 2795 2788 πλήθους
2827 2717 3238 2796 εἰσερχομένου,
3261 2719 3351 2773 καὶ
3371 2723 3476 2774 τῶν
3495 2724 3668 2794 θυρῶν

2014 2809 2112 2862 τοῦ
2134 2804 2360 2862 κελλίου
2384 2804 2746 2880 δονουμένων,
2767 2809 2840 2870 ὡς
2864 2807 2946 2863 ὅτι
2962 2805 3136 2883 ὄχλος
3151 2807 3324 2870 πολὺς
3349 2809 3670 2883 εἰσερχόμε-

2015 2917 2106 2957 νος
2135 2897 2334 2959 ταὺτας
2367 2892 2627 2967 ἐξέθλιϐε,
2659 2896 2748 2951 καὶ
2780 2896 2972 2960 ἁπλῶς
2999 2899 3174 2960 καθὼς
3207 2895 3393 2972 ἔλεγον
3448 2897 3662 2968 πλῆθος

2015 2984 2152 3040 λαυῦ
2184 2989 2260 3059 (Λ)
2291 2987 2680 3060 εἰσερχόμενον)
2708 2987 2980 3042 ὑπενόουν.
3005 2989 3088 3062 Τῇ
3137 2985 3194 3042 δὲ
3233 2981 3514 3062 ὑπερϐολῇ
3563 2991 3658 3042 τοῦ

2013 3067 2188 3151 φόϐου
2215 3073 2365 3130 398
2384 3072 2473 3126 καὶ
2507 3077 2576 3146 τῇ
2607 3072 2854 3148 ἀστραπῇ
2895 3077 2990 3128 τοῦ
3017 3077 3198 3152 φωτὸς
3234 3075 3507 3146 θεωρῆσαί
3536 3095 3658 3130 τινα

2013 3161 2118 3216 οὐκ
2139 3159 2421 3231 ἠδύναντο.
2447 3163 2513 3218 Ui.
2535 3163 2636 3238 γὰρ
2658 3161 2938 3240 όφῡαλμοῖ
2959 3163 3134 3219 αὐτῶν
3155 3164 3245 3219 καὶ
3267 3163 3326 3218 ἐκ
3353 3168 3451 3219 τοῦ
3483 3160 3657 3242 φόϐου

2015 3247 2326 3324 ἐϐαροῦντο,
2348 3251 2434 3305 καὶ
2461 3252 2522 3307 tu
2534 3258 2633 3321 τῆς
2649 3251 2914 3322 τυσαύτης
2932 3255 3030 3306 τοῦ
3063 3251 3240 3330 φωτὸς
3263 3251 3656 3327 λαμπρότητος

2014 3341 2449 3396 ἀντεσκοτοῦντο.
2485 3343 2577 3412 Τῷ
2607 3337 2664 3396 δὶ
2695 3340 2834 3418 φωτὶ
2873 3342 3062 3408 ἐκείνῳ
3101 3343 3382 3414 Θαυμαπή
3425 3338 3654 3418 ὅσφησις

2015 3427 2242 3491 εὐωδίας
2273 3428 2659 3501 ἱπηκολούθει,
2677 3430 2812 3486 ὥστε
2839 3431 2934 3493 τὰς
2965 3430 3172 3486 τοὺτων
3194 3429 3503 3507 ψυχὰς,κᾶν
3530 3432 3575 3485 εί
3593 3433 3655 3487 τὸ

2014 3525 2130 3594 φῶς
2149 3515 2431 3597 ἐφόϐησεν,
2456 3517 2580 3575 ἀλλ’
2613 3519 2704 3576 οὖν
2724 3523 2757 3590 ἡ
2789 3527 2887 3591 τῆς
2904 3518 3130 3584 εὐωδίας
3150 3517 3414 3598 ὄσφρησις
3441 3518 3655 3595 μᾶλλον

2014 3610 2382 3688 ἐψυχαγώγει.
2407 3611 2494 3672 Ὠς
2519 3608 2576 3666 δὶ
2604 3611 2703 3679 την
2723 3615 2819 3667 τοῦ
2851 3613 3030 3688 φωτὸς
3063 3611 3268 3668 ἐκείνου
3293 3611 3657 3687 λαμπρότητα

2015 3699 2299 3776 ὑπενέγκαι
2332 3699 2430 3755 οὐκ
2445 3697 2734 3770 ἠδύναντο,
2749 3699 2951 3774 ἤρξατο
2969 3703 3004 3770 ἡ
3021 3700 3154 3772 αὐτὴ
3175 3700 3474 3775 Ῥωμύλλα
3491 3721 3654 3774 παρι-

2014 3810 2109 3844 στα
2119 3791 2285 3863 μένην
2301 3789 2390 3844 καὶ
2410 3791 2713 3864 τρέμουσαν
2736 3787 3062 3864 Ῥεδέμπταν
3079 3792 3294 3860 τὴντῶν
3312 3792 3461 3862 ἠθῶν
3486 3790 3654 3860 αὐτῆς

2013 3875 2336 3934 διδάσκαλον
2360 3877 2721 3954 κολακευτικῇ
2743 3882 2898 3958 φωνῇ
2919 3879 3431 3955 παραμυθήσασθαι,
3455 3875 3654 3953 λέγου-

2013 3989 2096 4024 σα·
2114 3970 2204 4038 Μή
2221 3962 2415 4044 φοϐοῦ,
2434 3974 2625 4042 μῆτερ,
2641 3967 3077 4038 οὐκάποθνήσκω
3091 3969 3231 4039 ἄρτι.
3245 3971 3332 4026 Ἐν
3349 3965 3497 4040 δὶτῷ
3517 3987 3656 4042 συχ-

2011 4059 2117 4116 νῶς
2130 4058 2291 4109 τοῦτο
2315 4051 2494 4130 λέγειν
2507 4054 2698 4123 αὐτὴν,
2713 4057 2829 4111 κατ’
2844 4053 3034 4132 ὀλίγον
3047 4056 3108 4110 τὸ
3127 4059 3240 4133 φῶς
3256 4056 3428 4112 έκεῖνο
3441 4053 3573 4131 ὅπερ
3586 4056 3652 4124 ἦν

2011 4146 2086 4217 (ε)
2107 4143 2292 4199 αὐτόοι
2313 4142 2615 4199 ἀποσταλέν
2644 4145 3022 4220 ὑπεχώρησεν.
3039 4146 3097 4202 Ἦ
3131 4142 3190 4201 δὲ
3209 4144 3654 4208 ἑπακολουθοῦσα

2011 4231 2153 4289 εὐωδ
2163 4234 2214 4287 ία
2224 4233 2567 4306 έναπὲμεινεν
2578 4256 2590 4267 ·
2606 4236 2866 4309 Δευτέρας
2880 4236 2970 4291 οῦν
2985 4236 3071 4291 καὶ
3087 4239 3279 4309 τρίτης
3293 4235 3503 4310 ἡμέρας
3514 4253 3654 4308 παρ-

2012 4321 2301 4392 ελθούσης,
2329 4325 2362 4392 ἡ
2396 4331 2496 4393 τῆς
2528 4322 2916 4394 ἐκκενωθεισης
2949 4321 3180 4388 εὐωδίας
3213 4323 3476 4400 ὄσφρησις
3509 4323 3651 4378 οὕτω

2012 4410 2298 4487 διέμεινεν.
2312 4415 2395 4488 Τῇ
2415 4410 2471 4468 δὲ
2490 4413 2717 4488 τετάρτῃ
2828 4416 2926 4483 τὴν
2950 4414 3115 4483 αὐτὴν
3141 4411 3464 4470 διδάσκαλον
3481 4413 3651 4480 αὐτῆς

234 4504 333 4559 illa
363 4505 568 4560 anima
599 4521 775 4561 carne
820 4506 1016 4563 soluta
1048 4513 1157 4564 est.
1201 4509 1326 4574 Qua
1357 4509 1424 4562 ad
1461 4509 1668 4564 emtum
1703 4509 1896 4575 ducta,

2021 4502 2176 4558 πάλιν
2197 4501 2782 4574 ὶκάλεσεν.Ἐλθούσης
2803 4501 2862 4558 δὲ
2880 4501 3070 4572 αὐτῆς,
3087 4499 3308 4571 δοθῆναι
3335 4500 3471 4575 αὐτῇ
3499 4521 3650 4555 συνο·

240 4600 459 4664 quanto
482 4595 645 4650 ebori
681 4594 1060 4668 psallentium
1090 4596 1270 4652 altius
1290 4597 1705 4666 ascendebant,
1736 4604 1897 4655 tanto

243 4685 413 4754 copit
463 4683 791 4754 psalmodia
828 4684 1022 4742 lenius
1060 4686 1273 4755 audiri,
1313 4702 1619 4759 quousque
1648 4693 1707 4743 et
1733 4688 1895 4757 ejus-

247 4773 369 4828 dem
395 4773 736 4843 psalmodia
761 4776 1012 4842 sonitus,
1034 4780 1092 4833 et
1119 4775 1314 4833 odoris
1336 4775 1596 4832 suavitas
1624 4775 1894 4850 elongata

251 4859 528 4918 ﬁniretur.

317 5002 392 5074 (a)
411 5004 684 5061 German.
708 5009 766 5063 et
785 5006 973 5080 Becc.,
995 5023 1162 5081 quam
1183 5007 1358 5064 lucem
1377 5007 1740 5065 suavissimus
1758 5009 1894 5068 odor

257 5088 454 5129 secutus
484 5081 586 5131 est.

321 5147 389 5220 (b)
413 5148 527 5203 Etsi
553 5147 840 5212 viaticum,
863 5148 922 5204 in
945 5150 1206 5205 conciliis
1227 5155 1284 5206 et
1303 5150 1359 5205 in
1385 5150 1775 5220 scriptoribus
1797 5169 1894 5212 ec-

262 5213 588 5307 clesiasticis
610 5237 756 5307 ςιςιεε
780 5237 882 5307 pro
902 5221 1268 5307 absolutionc
1290 5213 1666 5307 intelligatur,
1695 5225 1785 5307 hic
1807 5231 1894 5307 ta-

261 5300 379 5345 men
399 5289 686 5354 signiﬁcat
708 5289 1136 5350 Eucharistiam
1165 5311 1200 5350 a
1239 5289 1536 5350 morituris
1576 5297 1729 5351 sumi
1752 5298 1892 5352 soli-

263 5363 389 5415 tam.
425 5361 569 5437 νῆάς
607 5380 735 5435 cap.
780 5381 903 5437 sup.
936 5365 1015 5437 De
1048 5367 1261 5423 viatico
1305 5365 1599 5437 bujusque
1645 5367 1804 5422 vocis
1831 5369 1892 5426 in

264 5444 465 5508 Egone
493 5433 725 5508 Nicon—0
760 5433 1212 5508 signiﬁcatione,
1235 5433 1889 5497 consuledoetissimum

261 5498 696 5572 'l'illemontlum,
719 5513 761 5565 t.
804 5498 859 5565 ἦ
881 5498 1276 5569 Commentar.
1300 5511 1360 5566 in
1388 5511 1528 5565 Hist.
1557 5508 1888 5568 Ecclesiast.

264 5568 336 5654 De
364 5577 600 5654 concilio
639 5568 874 5652 Niceno,
917 5587 1028 5640 art.
1077 5583 1162 5640 15.
1193 5568 1413 5654 Eadem
1446 5596 1621 5637 sensu
1656 5598 1771 5654 quo
1795 5581 1891 5640 hie

269 5643 491 5721 latelligi
503 5649 668 5711 debet
689 5654 839 5728 apud
860 5643 1184 5714 'Paulinum
1209 5655 1269 5712 in
1290 5653 1422 5712 Vita
1441 5654 1626 5710 sancti
1646 5643 1892 5711 Kmbro-

2009 4589 2268 4665 δοίπορον
2281 4591 2344 4648 τὸ
2365 4588 2680 4648 δεσποτικὸν
2701 4597 2863 4664 σῶμα
2881 4591 3151 4666 ᾐτήσατο,
3171 4590 3302 4665 ὅπερ
3320 4589 3410 4645 καὶ
3431 4583 3646 4646 ἔλαϐεν.
3678 4656 3681 4659 η

2003 4681 2082 4740 Οὐ
2103 4679 2198 4754 μέν
2215 4682 2301 4736 τοί
2327 4703 2390 4756 γε
2410 4683 2444 4750 ἡ
2475 4680 2611 4752 αὐτή
2628 4679 2949 4754 Ῥεδέμπτα,
2974 4676 3096 4736 οὔτε
3116 4683 3150 4750 ἡ
3170 4677 3316 4749 ἄλλη
3348 4679 3515 4748 αὐτῆς
3541 4701 3647 4752 μαι

2003 4773 2201 4846 θήτρια
2212 4771 2428 4841 ἀπὸτῆς
2441 4770 2638 4842 κλίνης
2649 4778 2749 4842 τῆς
2761 4771 3016 4844 κειμένης
3032 4771 3417 4846 ὑπεχώρησαν.
3437 4768 3648 4848 Δί’φνης

2005 4858 2098 4916 οῦν
2127 4859 2179 4916 ἐν
2207 4865 2274 4935 τῇ
2307 4859 2538 4934 πλατείᾳ
2563 4855 2862 4936 ἔμπροσθεν
2903 4863 3014 4915 τῶν
3046 4861 3222 4936 θυρῶν
3252 4862 3350 4914 τοῦ
3397 4857 3646 4931 κελλίου,

2003 5005 2096 5072 sii,
2121 5023 2285 5064 num.
2317 5008 2726 5065 £7.Honoralus
2755 5005 3012 5062 Sacerdos
3041 5005 3293 5063 Ecclesia
3312 5006 3644 5064 Vercellis...

2004 5081 2164 5136 tertio
2192 5095 2370 5136 vocem
2395 5081 2637 5136 vocantis
2666 5078 2946 5138 audivit...
2971 5079 3068 5150 qui
3095 5078 3422 5135 descendens
3449 5077 3646 5134 obtulit

1999 5155 2185 5206 sancto
2241 5152 2594 5223 (Ambrosio)
2677 5151 2900 5208 Domini
2966 5167 3162 5220 corpus
3197 5167 3220 5212 ,'
3267 5167 3371 5223 quo
3436 5153 3647 5218 accepto

2001 5224 2099 5278 ubi
2127 5223 2370 5292 glutivu,
2401 5222 2589 5280 emisit
2627 5225 2909 5296 spiritum,
2943 5225 3143 5281 bonum
3173 5222 3433 5280 viaticum
3462 5237 3646 5279 secum

2032 5311 2190 5352 σνεης
2196 5336 2209 5348 .

1999 5296 2209 5368 ferens.

2179 5366 2310 5444 Ms"
2342 5365 2584 5444 πάρεσιν,
2615 5369 2672 5444 et
2701 5366 2874 5436 paulo
2905 5366 3080 5439 infra,
3113 5363 3410 5444 παρεστώς.

2176 5435 2313 5526 Μι,
2344 5435 2759 5526 ξῐσερχρμένου.

2070 5506 2141 5581 (ε)
2176 5506 2308 5579 Ms.,
2341 5506 2394 5581 ιν
2417 5506 2576 5581 αὐτῇ.

2072 5575 2136 5651 (Ι)
2167 5575 2422 5650 Μεηπήν
2450 5575 2646 5654 nam
2678 5575 2787 5640 διδ.
