4168 6170
483 299 601 361 347

1685 302 1970 362 SANCTI
2015 301 2382 362 GBEGORII
2427 301 2693 362 MAGNI

3776 300 3889 360 348

493 430 588 488 δύο
619 433 779 508 χοροὶ
815 431 1144 507 ψαλλόντων
1175 429 1536 506 παρέστησαν.
1561 431 1747 496 Καθὼς
1769 430 1826 487 δὲ
1844 427 2170 509 ἔλεγον,δύο
2191 432 2400 511 φύσεων
2422 434 2602 510 φωνὰς
2633 430 2693 487 ἐκ
2722 438 2820 502 τῆς
2854 436 2950 487 τοῦ
2975 430 3219 506 ᾅσματος
3241 428 3572 505 ψαλμῳδίας
3603 427 3888 508 διεγίνωσ-

487 545 607 593 κον,
639 522 846 599 ἀνδρῶν
878 524 968 578 καὶ
1001 525 1271 596 γυναικῶν
1294 521 1754 601 ἀντιφωνούντων.
1791 526 1880 579 Ἐν
1921 520 1977 578 δὲ
2005 528 2085 596 τῷ
2112 525 2312 594 ταύτην
2333 525 2433 591 τήν
2463 522 2711 596 οὐράνιον
2755 520 3074 596 δοξολογίαν
3113 519 3417 596 ἔμπροσθει
3464 527 3571 576 τῶν
3619 526 3717 576 τοῦ
3759 521 3889 576 κελ-

487 612 613 669 λίου
646 615 821 688 θυρῶν
855 609 1237 678 ἐπιτελεῖσθαι,
1261 611 1294 679 ἡ
1331 611 1455 684 ἁγία
1483 609 1656 681 ἐκείνη
1690 614 1844 687 ψυχὴ
1879 610 1938 667 ἐκ
1967 616 2062 667 τυῦ
2093 612 2346 684 σώματος
2381 609 2594 684 δεσμῶν
2624 612 2892 682 ἀπελύθη.
2925 613 3080 675 Ἥτις
3102 611 3154 666 ἐν
3176 616 3256 683 τῷ
3283 610 3494 685 οὖρανῷ
3521 609 3885 688 ἀνερχομένη,

487 700 612 756 ὅσον
643 701 691 755 οἱ
723 705 833 756 τῶν
859 697 1186 773 ψαλλόντων
1229 700 1392 777 χοροὶ
1425 697 1478 754 ἐν
1505 706 1621 762 τοῖς
1655 700 2021 776 ὑψηλοτέροις
2055 696 2356 771 ἀνέϐαινον,
2381 707 2638 757 τοσοῦτον
2671 700 2870 774 ἤρξατο
2901 704 2935 771 ἡ
2969 699 3270 776 ψαλμῳδία
3289 701 3338 773 ἐξ
3375 699 3545 774 ὕψους
3573 700 3886 764 ἀκούεσθαι·

481 789 587 852 ἕως
619 789 680 844 οὖ
706 789 900 846 λοιπὸν
931 788 1018 844 καὶ
1051 790 1078 843 6
1109 789 1252 864 ἦχος
1281 795 1380 858 τῆς
1413 788 1577 859 αὐτῆς
1611 788 1940 864 ψαλμῳδίας
1970 791 2060 846 καὶ
2090 798 2192 862 τῆς
2220 789 2451 855 εὐωδίας
2481 791 2745 869 ὄσφρησις
2773 797 3148 864 μακρὺνθεῖσα
3172 788 3452 861 ἐτελέσθη.

1105 883 1372 934 ΚΕΦΛΛ.
1416 879 1513 936 1Ζ’.

488 971 614 1045 Περὶ
655 972 754 1033 τῆς
778 967 1117 1029 τελειώσεως
1161 966 1475 1043 Ταρσίλλης
1503 976 1601 1038 τῆς
1646 969 1794 1042 ἱερᾶς
1845 968 2132 1044 παρθένου.

559 1058 840 1118 Πολλάκις
865 1056 922 1113 δὲ
939 1057 989 1113 ἐν
1001 1062 1068 1132 τῇ
1083 1057 1421 1132 παρακλήσει
1435 1056 1736 1135 τῆςέξερχο
1746 1059 1911 1132 μένης
1925 1063 2135 1138 ψυχῆς,

485 1149 647 1211 αὐτὸς
673 1149 700 1204 6
723 1148 974 1223 ἀρχηγὸς
1007 1147 1094 1202 καὶ
1127 1145 1500 1218 ἀνταποδότης
1525 1152 1634 1203 τῶν
1659 1155 1758 1218 τῆς
1790 1154 1938 1218 ζωῆς
1977 1150 2137 1220 ἡμῶν

484 1243 729 1316 πράξεων
749 1239 1277 1317 έπιφαίνεται.Ὀθεν
1301 1243 1484 1310 τοῦτο,
1510 1240 1643 1314 ὅπερ
1666 1240 1787 1314 περὶ
1817 1238 2137 1313 Ταρσίλλης

482 1339 582 1402 τῆς
598 1331 735 1405 ἐμῆς
755 1331 901 1394 θείας
913 1330 1003 1384 καὶ
1027 1329 1078 1383 ἐν
1101 1333 1219 1390 ταῖς
1239 1326 1488 1401 ὁμιλίαις
1503 1333 1601 1383 τοῦ
1618 1327 1945 1403 εὐαγγελίου
1966 1330 2037 1402 (a)
2058 1325 2139 1383 λέ-

487 1420 708 1498 λεχέναι
735 1418 1041 1494 μέμνημαι,
1063 1419 1153 1474 καὶ
1189 1418 1389 1492 ἀρτίως
1431 1417 1592 1488 λέξω.
1617 1417 1766 1488 Αὕτη
1816 1417 2012 1490 μεταξὺ
2045 1415 2140 1472 δύο

487 1508 796 1584 ἀδελφιδῶν
813 1508 944 1579 αὐτῆ
956 1531 979 1571 ς
993 1509 1139 1582 πάσῃ
1162 1505 1387 1581 δυνάμει
1404 1507 1454 1562 ἐν
1469 1511 1538 1582 τῇ
1553 1504 1890 1580 ἀδιαλείπτῳ
1908 1527 2140 1582 προσευ-

489 1605 569 1680 χῇ
611 1602 1054 1674 προσεκαρτέρει,
1089 1596 1138 1652 ἒν
1188 1595 1422 1670 μονώσει
1459 1593 1736 1670 διάγουσα.
1772 1596 1874 1652 Καὶ
1907 1593 1994 1649 διὰ
2045 1598 2140 1650 τοῦ

483 1697 586 1759 τῆς
611 1687 918 1765 ἐγκρατείας
945 1687 1242 1761 ὑψιῦματος
1277 1685 1742 1765 ταπεινοφροσύνῃ
1777 1684 2137 1758 ὑπερηύξησε.

490 1780 566 1836 Δι’
595 1778 857 1840 ὀπτασίας
882 1775 938 1832 δὲ
955 1777 1094 1851 αὐτῇ
1116 1776 1349 1853 ἐπεφάνη
1376 1774 1556 1846 Φῆλιξ
1589 1776 1616 1829 ὁ
1649 1775 1981 1850 πρόπαππός
2013 1795 2139 1847 μου,

486 1874 654 1941 ταῦτη
666 1891 688 1932 ς
701 1871 801 1938 τῆς
819 1873 924 1924 τῶν
941 1866 1228 1939 Ῥωμαίων
1245 1865 1538 1936 ἐκκλησίας
1552 1868 1868 1944 πατριάρχη
1880 1887 1903 1926 ς
1917 1865 2140 1940 γενόμεο

490 1979 604 2025 νος,
621 1958 708 2013 καί
729 1957 897 2031 ταύτῃ
923 1958 1096 2030 μονήν
1118 1955 1343 2010 αίωνίου
1366 1953 1762 2029 λαμπρότητος
1781 1953 2037 2027 ὑπέδειξε,
2059 1951 2142 2008 λέ-

490 2065 621 2123 γων’
645 2046 820 2116 Ἐλθέ,
840 2046 924 2101 ὅτι
944 2045 994 2100 ἐν
1009 2045 1176 2119 ταύτῃ
1198 2065 1253 2099 σε
1283 2048 1350 2118 τῇ
1387 2048 1524 2118 μονῇ
1540 2048 1636 2099 τοῦ
1652 2045 1920 2123 (ωφωτὸς
1946 2039 2138 2098 ὑποδέ-

491 2156 687 2212 χομαι.
708 2138 950 2211 ΙΙυρετοῦ
987 2131 1044 2189 δὲ
1084 2133 1223 2208 αὐτῇ
1255 2133 1602 2200 ἐπελθαῖντος,
1626 2133 1676 2188 ἐν
1705 2137 1773 2207 τῇ
1805 2131 2008 2207 ἐσχάτῃ
2041 2137 2138 2187 τοῦ

2168 886 2222 952 Α

2863 882 3092 938 CAPUT
3129 882 3284 938 XVI.

2419 972 2493 1027 De
2522 971 2762 1027 transitu
2789 971 2869 1043 (g)
2916 972 3204 1028 Tharsi'le
3241 984 3416 1028 sacras
3458 969 3719 1042 virginis.

2312 1061 2745 1134 Nonnunquam
2770 1063 2972 1118 veroin
2987 1060 3383 1117 consolatione
3404 1060 3753 1131 egredientis
3771 1059 3895 1114 ani-

2243 1163 2350 1203 me
2390 1149 2515 1216 ipse
2551 1167 2829 1222 apparere
2877 1151 3021 1205 solet
3043 1155 3246 1204 auctor
3275 1164 3340 1203 ac
3389 1148 3698 1203 retributor
3741 1147 3890 1201 vitai.

2244 1237 2408 1293 Unde
2428 1244 2483 1293 et
2523 1239 2631 1294 hoc
2661 1240 2815 1311 quod
2840 1240 2909 1293 de
2939 1238 3231 1294 Tbarsilla
3253 1239 3432 1294 amita
3459 1254 3589 1293 mea
3607 1239 3666 1292 in
3691 1237 3892 1293 Homi-

2242 1325 2337 1381 liis
2361 1328 2655 1400 Evangelii
2677 1329 2887 1384 dixisse
2911 1345 3002 1384 me
3025 1327 3211 1384 recolo
3245 1329 3418 1400 (Hom.
3443 1327 3536 1400 38)
3569 1327 3890 1399 replicabo;

2243 1433 2370 1487 quas
2401 1417 2552 1472 inter
2580 1418 2726 1473 duas
2755 1419 2900 1473 alias
2931 1434 3154 1474 sorores
3185 1433 3322 1472 suas
3363 1417 3569 1472 virtute
3607 1417 3892 1472 continua

2243 1507 2546 1574 orationis,
2575 1510 2854 1579 gravitate
2884 1508 3032 1572 vitae,
3065 1506 3474 1578 singularitate
3503 1506 3894 1574 abstinentia,

2246 1597 2314 1652 ad
2366 1598 2597 1653 culmen
2643 1598 2968 1653 sanctitatis
3016 1601 3368 1652 excreverat.
3408 1596 3554 1650 lluic
3588 1612 3689 1668 per
3726 1595 3900 1651 visio-

2247 1703 2380 1742 nem
2396 1688 2470 1757 (li)
2489 1687 2643 1743 Felix
2657 1693 2858 1742 atavus
2871 1701 3030 1742 meus
3042 1686 3220 1757 hujus
3233 1686 3504 1741 Romanae
3518 1685 3780 1741 Ecclesiae
3795 1703 3897 1742 an-

2244 1777 2410 1831 tistes
2425 1777 2718 1848 apparuit,
2733 1777 2905 1848 eique
2918 1776 3282 1831 mansionem
3302 1779 3594 1846 perpetuae
3613 1774 3895 1830 claritatis

2245 1865 2520 1931 ostendit,
2544 1867 2741 1921 dicens
2763 1883 2777 1922 :
2797 1864 2962 1934 Veni,
2981 1868 3118 1937 quia
3140 1866 3196 1920 in
3223 1865 3330 1919 hac
3343 1872 3397 1919 te
3418 1863 3567 1920 lucis
3591 1864 3894 1920 mansione

2245 1957 2517 2026 suscipio.
2549 1956 2683 2019 Quae
2715 1955 3092 2027 subsequenti
3120 1970 3249 2009 mox
3307 1956 3461 2009 lebre
3501 1958 3786 2025 correpta,
3821 1954 3892 2010 ad

2246 2049 2398 2102 diem
2427 2048 2682 2116 pervenit
2703 2051 3050 2101 extremum.
3077 2045 3142 2100 Et
3163 2045 3310 2100 sicut
3331 2043 3626 2100 nobilibus
3659 2045 3890 2100 feminis

2242 2137 2498 2209 virisque
2521 2137 2926 2204 morientibus,
2961 2135 3129 2190 multi
3159 2135 3514 2190 conveniunt
3556 2134 3656 2204 qui
3686 2150 3890 2190 eorum

491 2227 719 2282 θανάτου
742 2224 923 2300 ἡμέρᾳ
941 2226 1264 2296 κατήντησε.
1288 2225 1477 2285 Καθὼς
1501 2220 1556 2278 δὲ
1589 2221 1706 2286 ἔθος
1743 2220 1887 2277 ἐστὶν
1926 2219 2130 2296 ἀνδρῶν

2244 2229 2535 2298 proximos
2569 2228 2961 2292 consolentur,
3020 2226 3223 2281 eadem
3272 2223 3416 2280 hora
3463 2225 3650 2279 exitus
3710 2224 3894 2294 ipsius

483 2336 540 2371 τε
562 2315 936 2392 καὶγυναικῶν
963 2314 1191 2391 εὐγενῶν
1213 2311 1945 2383 ἀποθνησκόντων,πολλοὺς
1960 2332 2134 2386 παρα-

481 2404 818 2482 γίνεσθαι,(ο)
841 2404 927 2459 ἐπὶ
945 2405 1007 2459 τὸ
1021 2405 1146 2465 τοὺς
1163 2401 1400 2474 πλησίον
1417 2401 1590 2457 αὐτῶν
1613 2421 1757 2475 παρα
1767 2403 2129 2473 μυθήσασθαι,

478 2494 527 2549 ἐν
546 2495 684 2568 αὐτῇ
712 2499 780 2568 τῇ
812 2494 929 2568 ὥρᾳ
953 2501 1051 2563 τῆς
1073 2490 1258 2564 ἐξόδου
1283 2491 1452 2562 αὐτῆς
1479 2491 1685 2547 πολλοὶ
1707 2488 1893 2566 ἄνδρες
1911 2499 1998 2546 καί
2032 2513 2128 2566 γυ-

473 2589 655 2646 ναῖκες
687 2583 840 2658 πέριξ
870 2589 974 2652 τῆς
1004 2582 1203 2653 κλίνης
1235 2581 1404 2650 αὐτῆς
1435 2581 1784 2656 παρίσταντο.
1811 2578 2023 2656 Αἷ¹φνης
2071 2578 2129 2636 δὲ

479 2673 649 2741 αὐτῆς
675 2669 786 2727 ἅνω
817 2671 1174 2744 θεασαμένης,
1195 2667 1305 2725 εἶδε
1335 2669 1426 2725 τὸν
1446 2672 1656 2740 Ἰησοῦν
1697 2667 2020 2743 ἐρχόμενον,
2037 2671 2127 2725 καὶ

481 2760 616 2835 μετά
629 2763 703 2835 ((1)
721 2759 977 2836 μεγίστης
989 2763 1177 2838 ψυχῆς
1190 2758 1494 2834 προθυμίας
1511 2755 1712 2832 ἤρξατο
1728 2763 1844 2819 τοῖς
1863 2778 1969 2832 παρ
1981 2778 2128 2812 ιστα-

484 2855 665 2926 μένοις
685 2853 822 2926 αὐτῇ
846 2854 980 2925 μετά
1001 2854 1241 2927 κραυγῆς
1274 2849 1469 2925 λέγειν·
1493 2850 2124 2920 Ἀπόστητε,ἅπόστητε,

477 2943 504 2997 ὁ
528 2944 741 3011 Ἰησοῦς
757 2940 999 3017 ἔρχεται,
1020 2949 1110 2997 Ἑν
1133 2939 1190 2996 δὲ
1212 2945 1290 3012 τῷ
1325 2939 1614 3015 προσέχειν
1648 2939 1816 3007 αὐτὴν
1851 2939 1926 3001 εἰς
1959 2940 2122 3014 ὅνπερ

471 3035 766 3108 ὶθεώρει,ἡ
799 3032 926 3107 ἁγία
957 3031 1130 3102 ἐκείνη
1166 3033 1322 3110 ψυχή
1364 3029 1422 3086 ἐκ
1463 3034 1560 3085 τοῦ
1607 3030 1860 3104 σώματος
1908 3028 2119 3100 ἐξῆλθε.

469 3122 716 3190 Τοσαύτη
751 3119 807 3176 δὶ
839 3116 1107 3195 ὄσφρησις
1134 3123 1450 3194 θαυμαστῆς
1469 3116 1693 3182 εὐωδίας
1728 3119 1899 3173 ἐκεῖσε
1925 3117 2121 3192 ἐξεχύ-

473 3226 566 3284 θη,
599 3211 736 3268 ὥστε
767 3209 855 3267 διὰ
884 3212 1086 3282 ταύτης
1116 3219 1217 3281 τῆς
1249 3211 1566 3287 ὀσφρήσεως
1620 3214 1751 3264 πᾶσι
1807 3206 2118 3277 κατάδηλον

471 3300 933 3380 γενέσθαι,ἐκεῖσε
957 3301 1047 3355 τὸν
1087 3307 1188 3370 τῆς
1225 3297 1452 3361 εὐωδίας
1486 3302 1638 3358 899
1674 3299 1921 3374 ἀρχηγὸν
1949 3318 2120 3372 παρα-

476 3393 742 3468 γενέσθαι.
767 3389 918 3446 Κατά
935 3389 992 3445 δὲ
1011 3389 1074 3445 τὸ
1091 3383 1211 3454 ἔθος
1231 3390 1293 3446 τὸ
1311 3388 1364 3444 ἐν
1384 3393 1501 3450 τοῖς
1522 3394 1736 3463 νεκροῖς
1765 3386 2115 3459 τελούμενον,

475 3481 562 3536 ἐπὶ
589 3485 668 3552 τῷ
689 3479 960 3535 λοῦσαιτὸ
987 3483 1146 3552 σῶμα
1177 3477 1346 3546 αὐτῆς
1377 3478 1754 3553 γυμνώσαντες
1785 3474 1845 3530 ἐκ
1872 3478 1971 3544 τῆς
2000 3497 2117 3530 συνο

2243 2316 2414 2372 multi
2436 2316 2540 2372 viri
2563 2333 2626 2371 ac
2665 2315 2895 2370 feminas
2915 2315 3044 2384 ejus
3083 2313 3359 2370 lectulum
3409 2313 3887 2368 circumsterunt.

2241 2404 2382 2460 Cum
2402 2406 2597 2460 subito
2620 2405 2716 2460 illa
2737 2419 2971 2460 sursum
2996 2403 3544 2472 respiciens,.lesum
3564 2403 3893 2459 venientem

2238 2495 2404 2561 vidit,
2437 2501 2644 2550 etcum
2676 2510 2885 2556 magna
2906 2493 3406 2550 animadversione
3436 2493 3610 2564 cmpit
3640 2491 3894 2548 circum-

2238 2583 2531 2639 stantibus
2553 2584 2825 2651 clamare,
2842 2584 3044 2637 dicens
3070 2598 3084 2636 :
3109 2581 3399 2651 Recedite,
3434 2583 3699 2646 recedite,
3721 2580 3753 2636 J
3761 2597 3896 2636 esus

2236 2674 2414 2731 venit.
2437 2674 2699 2744 Cumque
2719 2674 2781 2728 in
2801 2688 2935 2726 eum
2962 2673 3466 2743 intenderetquem
3480 2670 3730 2737 videbat,
3753 2687 3896 2726 san-

2236 2767 2328 2818 cta
2349 2761 2657 2818 illaanima
2678 2778 2708 2818 e
2729 2777 2965 2830 corpore
2987 2769 3073 2816 est
3095 2776 3348 2832 egressa.
3375 2760 3674 2829 Tantaque
3689 2759 3890 2815 subito

2235 2850 2552 2921 fragrantia
2584 2851 2714 2906 miri
2754 2850 2948 2905 odoris
2981 2865 3216 2918 aspersa
3253 2855 3362 2914 est,
3405 2853 3468 2902 ut
3498 2849 3623 2918 ipsa
3652 2863 3890 2919 quoque

2234 2941 2490 2994 suavitas
2510 2940 2736 2994 cunctis
2757 2940 3082 2995 ostenderet
3104 2938 3223 2994 illic
3245 2943 3536 2993 auctorem
3580 2937 3888 2992 suavitatis

2232 3029 2476 3085 venisse.
2527 3030 2680 3085 400
2718 3031 2974 3098 Cumque
3013 3044 3220 3098 corpus
3253 3026 3381 3098 ejus
3419 3043 3489 3081 ex
3528 3041 3686 3082 more
3723 3042 3887 3082 mor-

2231 3127 2462 3178 tuorum
2487 3125 2556 3179 ad
2585 3124 2748 3178 lavini
2778 3126 2898 3178 lum
2923 3121 3470 3193 esseinudatum,(i)
3484 3121 3655 3189 longo
3673 3120 3895 3176 oratio-

2234 3215 2324 3268 nis
2347 3230 2460 3268 usu
2493 3214 2552 3268 in
2583 3214 2797 3268 cubitis
2826 3212 2955 3282 ejus
2984 3219 3040 3268 et
3061 3211 3313 3284 genibus
3344 3215 3702 3265 camelorum
3725 3226 3896 3265 more

2230 3301 2463 3358 inventa
2498 3308 2589 3358 est
2646 3303 2932 3357 obdurata
2993 3301 3147 3356 cutis
3209 3303 3574 3366 excrevisse;
3626 3308 3680 3354 et
3745 3298 3898 3368 quid

2229 3392 2424 3444 vivens
2446 3389 2575 3460 ejus
2597 3389 2834 3459 spiritus
2852 3404 3081 3459 semper
3096 3386 3295 3458 egerit,
3311 3402 3445 3442 caro
3465 3391 3693 3441 mortua
3712 3390 3898 3440 testa-

2236 3479 2427 3533 batur.

472 3571 632 3625 τόνου
692 3568 864 3644 εὐχῆς
921 3568 1014 3622 καὶ
1072 3565 1448 3642 γονυκλισίας,
1483 3567 1634 3640 εὗρον
1684 3566 1738 3621 ἐν
1797 3570 1914 3626 τοῖς
1970 3565 2158 3642 γόνασι
2209 3566 2298 3621 καὶ
2348 3566 2400 3620 ἐν
2436 3571 2554 3627 τοῖς
2585 3566 2822 3641 ἀγνῶσιν
2858 3567 3032 3637 αὐτῆς
3061 3567 3302 3640 καθάπερ
3324 3564 3589 3639 καμήλου
3620 3564 3684 3619 τὸ
3714 3560 3897 3638 δέρμα

472 3658 847 3728 ἀπεσκληκός·
880 3659 1036 3722 Ὅθεν
1057 3657 1251 3712 λοιπὸν
1283 3657 1336 3710 τί
1366 3657 1428 3712 τὸ
1459 3660 1670 3729 πνεῦμα
1696 3653 2042 3729 διεπράττετο
2074 3655 2256 3727 ζὼσης
2287 3655 2453 3726 αὐτῆς
2480 3658 2515 3725 ἡ
2550 3657 2676 3731 σὰρξ
2708 3659 3036 3732 νεκρωθεῖσα
3071 3657 3464 3730 ἐμαρτύρησεν.

1092 3749 1349 3804 ΚΕΦΑΛ.
1392 3746 1498 3803 IH'.

682 3836 810 3910 Περῖ
843 3842 944 3907 τῆς
970 3834 1308 3896 τελειώσεως
1339 3833 1560 3905 Μούσης
1591 3840 1688 3904 τῆς
1718 3835 1916 3908 κόρης.

551 3925 695 3984 Ούδὶ
723 3929 886 3980 τοῦτο
905 3925 1105 3981 λοιπὸν
1131 3928 1260 3999 σιγῇ
1279 3924 1649 3998 παραπέμψει),
1670 3924 1804 3998 ὅπερ
1826 3943 1920 3995 μοι
1944 3923 1972 3976 6
1989 3941 2128 3995 προ-

482 4015 699 4090 λεχθείς
724 4009 935 4086 Πρόϐος
953 4014 980 4068 ὁ
1007 4017 1103 4068 τοῦ
1136 4018 1269 4068 Θεοῦ
1302 4012 1518 4084 οἰκέτης
1547 4009 1848 4089 διηγήσατο
1873 4011 1996 4085 περὶ
2026 4016 2127 4080 τῆς

479 4103 622 4165 ἰδίας
649 4104 814 4159 αὐτοῦ
841 4101 1086 4181 ἀδελφῆς
1117 4104 1336 4173 Μούσης
1363 4102 1800 4176 ὀνομαζομένης,
1829 4101 2006 4174 κόρης
2034 4121 2129 4174 μι-

477 4201 610 4269 κρᾶς
628 4193 1208 4270 ὑπαρχούσης.”Ελεγε
1223 4193 1326 4270 γὰρ
1345 4195 1427 4248 δτι
1448 4191 1498 4247 ἐν
1521 4195 1592 4267 τῇ
1609 4191 1760 4246 νυκτῖ
1780 4189 1851 4246 δι’
1867 4189 2128 4251 ὀπτασίας

476 4283 613 4359 αὐτῇ
629 4283 866 4362 ἐπεφάνη
885 4285 918 4353 ἡ
941 4284 1173 4357 παναγία
1192 4283 1448 4346 θεοτόκος
1461 4281 1548 4336 καὶ
1565 4282 1910 4355 ἀειπάρθενος
1926 4278 2126 4354 Μαρία,

475 4374 566 4430 καὶ
596 4374 693 4435 τὰς
726 4375 796 4447 (ε)
829 4370 1133 4446 ὁμηλίκους
1163 4371 1299 4446 αὐτῇ
1328 4374 1493 4446 κόρας
1525 4368 1790 4443 ὑπέδειξεν
1812 4369 2128 4444 αύτῇ.Ταύ-

476 4484 595 4525 ταις
619 4459 676 4518 δὲ
693 4463 886 4531 ἑαυτὴν
907 4463 1171 4534 συμμίξαι
1190 4458 1616 4536 ἐπεχείρει,ἀλλ’
1635 4456 2133 4532 ούκέτόλμα.[1αρὰ

485 4551 543 4609 δὲ
562 4560 663 4620 τῆς
682 4551 948 4627 μακαρίας
973 4550 1328 4624 ἀειπαρθένου
1352 4552 1438 4606 καὶ
1468 4549 1725 4605 θεοτόκου
1747 4549 1961 4609 Μαρίας
1994 4548 2132 4620 ἐρω-

481 4645 708 4711 τηθεῖσα
735 4639 824 4697 ἐὰν
857 4639 994 4714 θέλῇ
1025 4642 1136 4715 ἅμα
1167 4639 1356 4702 αὐταῖς
1388 4639 1545 4710 εἶναι⁹
1577 4638 1667 4694 καὶ
1699 4638 1782 4694 εἰσ
1821 4637 1883 4692 τὸ
1916 4635 2128 4711 ὀψίκιον

480 4732 650 4801 αὐτῆς
684 4734 864 4800 ζῆσαι,
886 4731 1152 4804 ἀπεκρίθη
1187 4732 1220 4798 ἡ
1253 4731 1389 4802 κόρη
1416 4727 1666 4804 λέγουσαν
1690 4727 1867 4784 Θέλω.
1889 4725 2130 4801 [Ιαρευθὺ

481 4819 576 4876 οὖν
605 4821 730 4894 παρ’
756 4821 926 4889 αὐτῆς
957 4818 1184 4888 ἐντολὴν
1213 4816 1725 4888 ἐδέξατο,ὅπωςτοῦ
1742 4817 1940 4874 λοιποῦ
1963 4813 2130 4890 μηδὲν

481 4907 758 4980 παιδικὸν,
790 4909 824 4978 ἢ
859 4907 1081 4985 ἄκαιρόν
1110 4929 1162 4962 τι
1194 4905 1575 4985 διαπράξηται,
1602 4907 1708 4963 ἀπὸ
1755 4906 1995 4983 γέλωτος
2042 4904 2134 4960 καὶ

485 5000 551 5071 (f)
580 4993 894 5074 παιγνιδίου
917 4995 1347 5074 ἱγκρατεύεσθαι,
1363 4998 1712 5073 γινώσκουσα
1733 4997 1789 5052 ἐκ
1810 4997 2032 5064 παντὸς,
2049 4993 2132 5050 ὅτι

2833 3747 3070 3804 CAPUT
3103 3747 3273 3803 XVII.

2656 3843 2734 3894 De
2773 3840 3007 3894 transitu
3045 3838 3206 3892 illum
3223 3834 3453 3908 puellae.

2301 3922 2414 3978 Sed
2446 3939 2632 3995 neque
2649 3924 2757 3980 hoc
2780 3925 2921 3980 sileo
2944 3926 3007 3997 (ί)
3026 3925 3182 3996 quod
3209 3923 3517 3995 praedictus
3540 3922 3768 3977 Probus
3791 3916 3901 3979 Dei

2230 4011 2487 4069 famulus
2509 4014 2581 4068 de
2603 4031 2800 4070 sorore
2821 4031 2948 4079 sua,
2983 4015 3221 4070 nomine
3244 4013 3427 4079 Musa,
3461 4013 3659 4084 puella
3692 4029 3902 4083 parva,

2232 4117 2471 4158 narrare
2503 4105 2825 4173 consuevit,
2857 4105 3080 4174 dicens,
3131 4105 3285 4175 quod
3337 4103 3586 4174 quadam
3638 4106 3815 4156 nocte
3845 4100 3903 4156 ei

2233 4207 2331 4263 per
2353 4193 2628 4250 visionem
2649 4203 2850 4250 sancta
2883 4193 2981 4250 Dei
2995 4194 3247 4266 genitrix
3270 4209 3500 4264 semper
3517 4193 3677 4263 virgo
3713 4191 3905 4246 Maria

2233 4284 2524 4353 apparuit,
2555 4290 2733 4356 atque
2751 4300 2977 4340 coaevus
3005 4283 3056 4339 ei
3091 4287 3149 4338 in
3182 4284 3332 4338 albis
3365 4283 3625 4339 vestibus
3669 4279 3904 4351 puellas

2232 4371 2752 4434 ostendit.0uibus
2778 4371 2880 4428 illa
2917 4388 3050 4428 cum
3093 4370 3401 4428 admisceri
3437 4374 3755 4442 appeteret,
3789 4369 3901 4424 sed

2233 4476 2297 4516 se
2327 4460 2410 4514 eis
2435 4461 2680 4533 jungere
2712 4478 2827 4516 non
2878 4464 3138 4527 auderet,
3179 4461 3356 4516 beatis
3405 4460 3597 4516 Mariae
3645 4459 3902 4532 virginis

2234 4565 2370 4606 voce
2393 4551 2670 4621 requisita
2691 4556 2779 4607 est
2801 4567 2872 4606 an
2898 4550 3036 4606 velit
3057 4567 3188 4606 cum
3210 4553 3295 4605 eis
3312 4565 3441 4604 esse
3462 4553 3642 4620 atque
3671 4546 3732 4603 in
3767 4550 3906 4617 ejus

2235 4639 2517 4710 obsequio
2550 4640 2757 4694 vivere.
2809 4638 2912 4693 Cui
2962 4655 3098 4694 cum
3143 4636 3335 4710 puella
3391 4635 3594 4694 eadem
3652 4635 3903 4702 diceret,

2235 4726 2397 4794 Volo,
2432 4728 2504 4783 ab
2535 4745 2602 4783 ea
2642 4729 2909 4798 protinus
2960 4729 3303 4783 mandatum
3354 4725 3596 4796 accepit,
3648 4729 3714 4780 ul;
3747 4725 3905 4781 nihil

2239 4817 2387 4873 ultra
2411 4818 2530 4874 leve
2558 4822 2617 4872 et
2642 4817 2898 4889 puellare
2929 4821 3146 4890 ageret,
3177 4821 3236 4872 et
3267 4832 3297 4873 ι
3329 4817 3453 4871 risu
3471 4822 3525 4870 et
3540 4815 3692 4886 jocis
3713 4813 3907 4869 absti-

2239 4911 2420 4975 neret,
2452 4907 2640 4962 sciens
2666 4924 2766 4978 per
2786 4911 2988 4963 omnia
3007 4907 3163 4981 quod
3196 4909 3345 4962 inter
3377 4904 3611 4960 easdem
3642 4904 3906 4965 virgines

2239 5013 2383 5070 quas
2398 4997 2713 5066 viderat,ad
2727 4998 2852 5068 ejus
2867 4997 3209 5070 obsequium
3227 4997 3320 5052 die
3333 4995 3633 5068 trigesimo
3648 4994 3906 5050 veniret.

489 5087 686 5164 μεταξὺ
718 5092 824 5143 τῶν
851 5085 1030 5144 αὓλῶν
1055 5089 1336 5164 παρθένων
1360 5089 1434 5143 ὧν
1455 5089 1725 5158 ἐθεάσατο,
1744 5089 1820 5152 εἷς
1834 5089 1894 5148 τὸ
1915 5087 2128 5162 ὀψίκιον

2244 5088 2463 5154 Quibus
2483 5088 2648 5157 visis,
2671 5091 2728 5143 in
2751 5089 2979 5144 cunctis
3001 5088 3123 5143 suis
3157 5086 3411 5143 moribus
3437 5083 3629 5158 puella
3672 5088 3906 5139 mutata

561 5252 641 5324 (a)
670 5253 768 5306 Ms.
783 5293 796 5318 ,
830 5247 1119 5324 λεχθῆναι.

587 5267 613 5306 a
670 5253 796 5318 Ms.,
831 5253 1119 5324 λεχθῆναι.

587 5253 641 5396 bi
669 5327 801 5396 bis,
830 5321 1055 5396 αἰωνίου
1088 5319 1286 5396 φωτός.

583 5390 630 5466 ο)
667 5395 795 5465 M8.,
829 5391 916 5447 ἐπὶ
945 5396 1024 5464 τῷ
1052 5390 1144 5447 τὸν
1175 5390 1440 5466 πλησίον,

581 5465 637 5537 ιί)
670 5470 794 5531 Ms.,
831 5483 964 5537 μεγ.Δ
990 5468 1164 5536 χαρᾶς
1193 5471 1284 5517 και
1314 5465 1472 5536 προθ.

557 5469 637 5678 ἕξ
669 5470 799 5602 ἕξζζ
831 5481 1128 5605 Ξεὶἶιλὲξιῖιῗῗ

661 5611 791 5674 Ms.,
825 5603 1105 5678 παιγνίου,

661 5611 791 5680 Ms.,
825 5603 1105 5680 παιγνίου,

562 5677 641 5750 (σ)
665 5679 802 5748 Ejus
823 5677 1108 5735 memoria
1127 5677 1450 5735 celebratur
1469 5678 1526 5734 in
1544 5679 1830 5750 Martyrol.
1858 5679 2025 5736 Rom.
2047 5678 2139 5736 die

2236 5249 2306 5306 24
2337 5248 2695 5305 Decembris.

2312 5321 2392 5394 (Ii)
2411 5321 2657 5394 Sanctus
2674 5320 2831 5378 Felix
2851 5321 3082 5386 tertius,
3107 5319 3243 5376 utin
3263 5318 3451 5376 sancti
3472 5316 3741 5389 Gregorii
3765 5316 3908 5375 Vita

2241 5393 2640 5464 probavimus.

2313 5466 2378 5535 (ἰ)
2404 5465 2558 5520 Plur.
2591 5468 2752 5529 Mss.,
2778 5465 2956 5535 longae
2985 5467 3127 5520 orat.
3158 5479 3283 5526 usu,
3329 5461 3481 5534 quod
3514 5457 3655 5515 olim
3676 5459 3911 5518 lectum

2244 5535 2303 5589 in
2325 5535 2542 5600 Germ.,
2576 5553 2727 5592 nunc
2759 5542 2976 5602 autem,
3010 5537 3187 5606 longo,
3214 5541 3349 5602 etc.,
3383 5549 3481 5606 per
3503 5541 3750 5588 correct.

2315 5608 2382 5679 (j)
2417 5609 2560 5664 Vide
2589 5625 2715 5680 cap.
2753 5609 2854 5663 120
2883 5607 3060 5680 hujus
3085 5607 3240 5663 libri.
