4168 6170
302 268 428 328 349

1541 271 2057 336 DlALOGORUM
2100 272 2344 336 LIBER
2386 274 2488 335 IV.

3599 279 3720 343 250

300 406 417 466 est,
439 416 795 474 omnemque
813 419 846 457 a
875 417 936 458 se
952 400 1247 458 levitatem
1280 404 1555 477 puellaris
1575 408 1704 462 vitae
1727 424 1958 480 magna:

2071 407 2236 479 αὐτῆς
2266 411 2333 481 τῇ
2365 413 2659 484 τριακοστῇ
2691 410 2872 485 ἡμέρᾳ
2903 409 3143 488 ἔρχεται.
3176 414 3358 470 Ταῦτα
3389 413 3484 471 οῦν
3513 417 3548 487 ἡ
3580 417 3718 492 κόρη

299 493 616 564 gravitatis
639 492 877 547 detersit
893 508 1090 550 manu.
1108 493 1369 567 Cumque
1387 512 1514 552 eam
1538 505 1805 566 parentes
1834 503 1963 569 ejus

304 587 595 636 mutatam
621 597 746 636 esse
767 583 1141 652 mirarentur,
1165 586 1447 656 requisita
1472 603 1590 640 rem
1609 587 1959 660 retulit,quid

302 670 420 727 sibi
449 671 546 724 Dei
568 671 830 726 Genitrix
854 674 1127 741 jusserit,
1150 673 1236 728 vel
1262 690 1377 744 qua
1405 676 1500 730 die
1526 676 1676 731 itura
1704 684 1860 733 esset
1889 679 1960 734 ad

301 760 661 831 obsequium
704 761 833 829 ejus
883 760 1181 819 indicavit.
1220 763 1386 818 Tunc
1435 770 1566 836 post
1611 767 1961 838 vigesimum

300 851 582 923 quintum
596 851 750 905 diem
767 851 926 906 febre
938 858 1199 924 correpta
1212 864 1293 907 est
1308 894 1320 907 .
1337 854 1437 908 Die
1450 861 1644 910 autem
1664 857 1962 928 trigesimo

300 957 444 996 cum
468 942 608 995 hora
622 941 748 1010 ejus
761 941 950 996 exitus
969 942 1436 1012 prepinquasset,
1453 946 1713 1000 eamdem
1735 947 1962 1002 beatam

299 1029 664 1085 Genitrtcem
681 1029 773 1084 Dei
791 1045 921 1086 cum
937 1029 1306 1102 puellisquas
1323 1047 1418 1102 per
1430 1032 1703 1088 visionem
1721 1035 1960 1106 viderat,

299 1121 376 1175 ad
405 1136 468 1174 se
491 1120 688 1175 venire
713 1121 1036 1190 conspexit.
1061 1119 1163 1175 Cui
1189 1137 1251 1175 se
1269 1120 1446 1176 etiam
1470 1124 1698 1179 vocanti
1718 1140 1960 1196 respon-

299 1210 445 1266 dere
466 1209 665 1281 capit,
678 1214 736 1265 et
755 1207 1050 1281 depressis
1067 1218 1384 1266 reverenter
1409 1213 1594 1268 oculis
1615 1219 1813 1280 aperte
1826 1229 1962 1270 voce

298 1299 605 1355 clamare:
637 1299 803 1367 Ecce,
841 1298 1114 1366 Domina,
1146 1301 1338 1369 venio,
1383 1314 1537 1369 ecce,
1583 1302 1846 1370 Domina,
1871 1319 1962 1358 ve-

300 1387 424 1444 nio.
459 1389 523 1444 In
554 1404 669 1456 qua
699 1387 876 1444 etiam
900 1403 1036 1444 voce
1053 1388 1327 1460 spiritum
1359 1390 1631 1458 reddidit,
1663 1396 1720 1446 et
1743 1408 1812 1448 ex
1839 1391 1959 1447 vir-

299 1478 480 1550 gineo
509 1477 591 1549 (α)
615 1493 877 1550 corpore,
901 1476 1229 1534 habitatura
1249 1494 1384 1535 cum
1404 1481 1620 1536 sanctis
1641 1481 1960 1553 virginibus

300 1568 501 1623 exivit.

301 1655 399 1709 καὶ
429 1657 589 1730 φωνῇ
620 1652 926 1730 πραοτάτῃο
964 1651 1126 1722 Ἰδοὺ,
1156 1655 1338 1730 κυρία,
1366 1651 1633 1736 ἔρχομαι,
1665 1656 1810 1727 ἴδοὺ,
1840 1658 2023 1734 κυρία,

2074 502 2372 571 θεασαμένη
2400 500 2459 554 ἐκ
2479 501 2695 555 πάντων
2713 506 2822 556 τῶν
2839 501 2972 566 ἐθῶν
2987 505 3154 574 αὐτῆς
3175 503 3400 580 ἠλλάγη
3413 552 3426 576 ,
3440 506 3528 563 καὶ
3548 513 3721 563 πᾶσαν

2072 587 2162 666 ἀφ’
2193 589 2389 655 ἑαυτῆς
2403 586 2662 660 παιδικήν
2688 589 3035 667 ἐλαφρότητα
3058 595 3296 666 συντόνῳ
3320 592 3542 668 δυνάμει
3567 595 3726 672 παρέ-

2071 698 2259 751 πηρεν.
2295 680 2360 735 Οἱ
2411 676 2468 733 δὲ
2494 681 2698 748 ταύτης
2728 685 2930 754 γονεῖς,
2965 681 3138 746 οὕτως
3173 683 3341 753 αὐτὴν
3396 683 3720 762 ἀλλαγεῖσαν

2073 766 2415 838 θεασάμενοι,
2437 767 3131 843 θαυμάζοντες,έπηρώτων
3157 770 3323 841 αὖτήν
3355 774 3477 847 περῖ
3500 775 3718 834 τούτου.

2073 857 2173 917 Οῖς
2195 877 2334 910 τισιν
2364 855 2776 933 ἀπελογεῖτο(ε)
2790 856 2840 912 τί
2870 859 3006 930 αὐτῇ
3031 861 3066 928 ἡ
3090 861 3326 935 μακαρία
3353 864 3616 937 παρθένος
3631 865 3719 919 καὶ

2071 943 2324 1008 θεοτόκος
2356 945 2542 1018 Μαρία
2568 944 2940 1011 ἐκέλευσε,καὶ
2963 945 3090 1017 ποίᾳ
3110 948 3292 1022 ἡμέρᾳ
3317 948 3392 1009 εἷς
3419 950 3482 1004 τὸ
3501 949 3716 1024 ὀψίκιον

2070 1033 2236 1099 αὐτῇς
2291 1031 2485 1108 μέλλει
2543 1034 2896 1114 ἀπέρχεσθαι,
2928 1036 3143 1097 τοῦτοις
3199 1035 3456 1110 ἐμήνυσε.
3489 1042 3567 1112 Τῇ
3620 1038 3715 1095 οῦν

2071 1121 2289 1196 εἶκοστῇ
2305 1124 2527 1197 πέμπτῃ
2545 1120 2725 1197 ἡμέρᾳ
2735 1129 2950 1198 πυρετῷ
2963 1128 2982 1196 (
2989 1128 3034 1197 ί)
3053 1127 3375 1202 κατεσχέθη.
3398 1131 3475 1202 Τῇ
3492 1125 3547 1182 δὲ
3570 1147 3720 1202 τρια-

2069 1215 2237 1276 κοστῇ
2271 1212 2358 1266 ὅτε
2387 1214 2421 1281 ἡ
2456 1211 2570 1286 ὥρα
2599 1215 2700 1277 τῇς
2732 1210 2916 1283 ἐξόδου
2975 1214 3142 1279 αὐτῆς
3173 1214 3520 1287 ἐπλησίασεν,
3551 1217 3716 1274 πάλιν

2063 1303 2164 1372 τήν
2195 1301 2362 1370 αὐτὴν
2399 1301 2662 1375 μακαρίαν
2694 1301 2957 1378 παρθένον
2986 1303 3075 1358 καὶ
3110 1306 3362 1360 θεοτόκον
3391 1307 3525 1380 πρὸς
3548 1306 3716 1377 αὐτὴν

2068 1389 2328 1454 ἐλθοῦσαν
2358 1388 2609 1453 ἐθεάσατο
2641 1390 2733 1444 σὺν
2755 1395 2874 1452 ταῖς
2907 1391 3114 1466 κόραις,
3138 1390 3201 1453 ’ὰς
3232 1393 3321 1446 καὶ
3351 1395 3414 1448 τὸ
3445 1393 3711 1470 πρότερον

2072 1481 2188 1553 μετ’
2218 1478 2386 1547 αὐτῆς
2417 1475 2485 1532 δι’
2520 1479 2778 1540 ὀπτασίας
2807 1480 2874 1547 ἦν
2903 1479 3232 1553 θεασαμένη,
3257 1480 3348 1536 καὶ
3396 1483 3598 1554 ταύτην
3626 1504 3723 1538 κα·

2069 1567 2239 1624 λοῦσα
2269 1568 2470 1642 ἤρξατο
2494 1566 2628 1642 αὐτῇ
2652 1567 3052 1643 ἀποκρίνεσθαι,
3069 1568 3388 1644 ἐρυθριῶντι
3414 1569 3720 1646 βλέμματι,

2054 1652 2313 1733 ἔρχομαι.
2341 1658 2430 1713 Ἐν
2449 1655 2617 1732 ταύτῇ
2648 1655 2706 1711 δὲ
2733 1660 2802 1731 τῇ
2835 1662 2989 1734 φωνῇ
3018 1659 3082 1714 τὸ
3111 1663 3319 1733 πνεῦμα
3349 1657 3720 1733 ἀπέδωκε,καῖ

305 1743 368 1800 ἑκ
395 1747 494 1798 τοῦ
526 1743 950 1817 παρθενεύοντος
977 1745 1232 1818 σώματος
1262 1744 1571 1818 ἐξελθοῦσα,
1603 1749 1736 1820 μετᾶ
1765 1753 1874 1804 τῶν
1905 1749 2075 1825 ἁγίων
2103 1748 2385 1818 παρθένων
2425 1747 2730 1819 κατῴκησε.

387 1840 552 1892 Ρετιι.
567 1835 934 1890 Cumhuman
946 1851 1038 1890 um
1054 1851 1237 1908 genus
1248 1837 1443 1893 multis
1457 1844 1632 1910 atque
1647 1843 1959 1896 innumeris

2142 1838 2184 1893 ll
2199 1838 2349 1893 ETP.
2365 1838 2453 1892 ’Ev
2482 1841 2562 1909 τῷ
2587 1835 2826 1900 πολλοῖς
2847 1837 2935 1892 καὶ
2958 1837 3290 1912 ἀμετρήτοις
3317 1839 3511 1894 πάθεσι
3529 1838 3593 1895 τὸ
3613 1844 3723 1894 τῶν

310 1925 471 1979 vitiis
482 1924 556 1979 sit
569 1941 634 1979 su
644 1925 962 1995 bjectum,J
969 1929 1253 1981 erusalem
1268 1925 1663 1984 cmlestismaxi
1675 1946 1826 1984 mam
1842 1947 1961 2002 par-

310 2021 424 2070 tem
455 2031 525 2070 ex
556 2015 816 2087 parvulis
850 2014 939 2071 vel
965 2015 1288 2072 infantibus
1319 2017 1570 2074 arbitror
1606 2036 1777 2091 posse
1813 2035 1968 2076 com-

308 2103 478 2176 pleri.

556 2187 562 2193 '
909 2176 1142 2234 CAPUT
1171 2178 1372 2236 XVIII.

310 2265 467 2332 Quod
495 2264 826 2336 quibusdam
851 2269 1102 2336 parvulis
1132 2271 1289 2336 regni
1315 2269 1551 2325 σωιεκιίε
1580 2269 1765 2324 aditus
1801 2286 1837 2325 a
1862 2286 1962 2338 pa-

380 2341 635 2410 renubus
659 2338 960 2407 clauditur,
983 2355 1104 2394 cum
1131 2341 1199 2394 ab
1220 2341 1301 2395 eis
1333 2340 1490 2396 male
1519 2347 1852 2397 nutriuntur
1875 2361 1890 2410 ;
1913 2349 1965 2397 et

382 2409 448 2464 de
485 2425 658 2479 puero
683 2410 1016 2479 blaspheme.

376 2497 737 2555 Gneoontos.
772 2498 892 2554 Etsi
918 2515 1119 2554 omnes
1141 2499 1461 2572 baptizatos
1492 2501 1962 2574 infantes,atque

310 2588 369 2642 in
395 2589 601 2643 eadem
623 2589 870 2644 infantia
889 2589 1203 2644 morientes
1227 2590 1452 2660 ingredi
1470 2607 1714 2664 regnum
1731 2591 1965 2648 cmleste

309 2678 676 2732 credendum
708 2681 816 2742 est,
841 2693 1048 2734 omnes
1081 2684 1272 2734 tamen
1310 2679 1581 2749 parvulos
1602 2682 1705 2752 qui
1739 2681 1962 2738 scilicet

302 2765 428 2836 jam
447 2766 605 2838 loqui
621 2772 1076 2837 possunt,regna
1092 2767 1349 2824 cmlestta
1363 2770 1582 2840 Ingredi
1601 2771 1961 2825 credendum

309 2871 425 2911 non
450 2864 560 2923 est,
585 2855 724 2926 quia
745 2855 1048 2912 nonnullis
1073 2858 1325 2928 parvulis
1346 2859 1607 2927 ejusdem
1626 2859 1964 2931 regnicmle-

307 2945 415 3001 stis
436 2944 680 3000 aditusa
703 2945 1042 3016 parentibus
1059 2945 1426 3010 clauditur,si
1445 2947 1591 3003 male
1604 2949 1956 3005 nutriantur.

303 3035 449 3092 Nam
477 3033 718 3106 quidam
743 3034 828 3089 vir
848 3034 1073 3090 cunctis
1097 3035 1154 3089 in
1170 3034 1276 3090 hac
1301 3036 1443 3091 urbe
1457 3036 1961 3105 notissimus,ante

302 3123 631 3180 triennium
678 3123 868 3178 tilium
901 3121 1106 3178 habuit
1144 3140 1460 3189 annorum,
1503 3126 1653 3180 sicut
1691 3125 1958 3194 arbitror,

2072 1925 2368 1999 ἀνθρώπων
2389 1927 2542 1998 γένος
2570 1926 3010 2000 ὑποταγῆναιτῂ
3024 1925 3722 2002 ἐπουρανίουἹερουσαλήμ

2071 2014 2331 2071 πλεῖστον
2347 2017 2508 2090 μέρος
2524 2011 2900 2090 ὑπολαμϐάνω
2915 2016 2974 2072 ἐκ
2984 2017 3196 2088 νηπίων
3222 2015 3442 2091 μέλλειν
3467 2017 3582 2089 πλη
3591 2022 3721 2094 ροῦ-

2073 2106 2213 2162 σθαι.

2696 2181 2953 2235 ΚΕΦΛΛ.
2997 2178 3102 2237 ΙΘ’.

2075 2265 2702 2342 Ἐρώτησιςλέᾶνᾼπάντα
2735 2268 2802 2321 τὰ
2835 2265 3203 2342 Βαπτιζόμενα
3218 2264 3412 2342 παιδία
3443 2265 3721 2342 εἰσέρχον-

2141 2335 2228 2390 ται
2357 2338 2456 2406 τήν
2485 2335 2786 2408 βασιλείαν,
2807 2337 2898 2392 καὶ
2927 2337 3048 2412 περὶ
3072 2335 3177 2392 τοῦ
3211 2335 3716 2416 βλασφημήσαντος

2142 2427 2238 2462 παι
2303 2430 2387 2463 ου.

2145 2499 2554 2556 ΓΡΗΓΟΡΙΟΣ.
2573 2498 2748 2553 Πάντα
2765 2499 2858 2572 μὲν
2875 2498 2941 2554 τὰ
2961 2497 3332 2574 βαπτιζόμενα
3351 2499 3543 2569 νήπια,
3557 2500 3647 2554 καὶ
3669 2499 3720 2554 έν

2071 2587 2212 2661 αὐτῇ
2228 2591 2297 2661 τῇ
2318 2589 2609 2659 νηπιότητι
2638 2589 3047 2659 ἀποθνήσκοντα
3070 2588 3330 2654 εἰσελθεῖν
3351 2589 3426 2652 εἰς
3449 2592 3546 2659 τήν
3573 2591 3726 2665 βασι-

2073 2675 2341 2732 λείαντῶν
2357 2677 2600 2750 οὐρανῶν
2621 2678 2719 2733 οὐκ
2734 2681 3085 2747 ἀπιστοῦμεν,
3101 2679 3232 2754 οὐχὶ
3256 2677 3313 2734 δὲ
3336 2679 3423 2734 καὶ
3446 2679 3513 2733 τὰ
3535 2677 3723 2734 λαλεῖν

2071 2763 2355 2840 ἆρχῦμενα
2384 2767 2555 2820 πάντα
2569 2767 2646 2827 εἰς
2663 2767 2832 2836 αὐτὴν
2855 2765 3116 2822 εἰσελθεῖν
3133 2772 3208 2841 )g)
3229 2770 3564 2825 πιστευτέον.
3583 2767 3727 2824 Πολ-

2071 2853 2193 2916 λοῖς
2225 2855 2327 2930 γὰρ
2358 2859 2466 2910 τῶν
2498 2854 2709 2926 νηπίων
2741 2858 2776 2925 ἡ
2799 2863 2898 2924 τῆς
2913 2856 3080 2925 αὐτῆς
3105 2855 3385 2930 βασιλείας
3403 2854 3610 2918 εἷ’σοδος
3632 2857 3720 2912 καὶ

2069 2944 2214 3017 παρᾶ
2242 2949 2346 2999 τῶν
2381 2947 2584 3020 γονέων
2614 2943 3086 3015 ἆποκλείεται,έαν
3120 2951 3299 3008 κακῶς
3332 2946 3464 3001 αὐτὰ
3491 2945 3723 3022 ἀνατρέ-

2070 3035 2366 3109 φωσιν.Ἑν
2381 3033 2486 3109 γὰρ
2508 3037 2576 3107 τῇ
2603 3033 2769 3108 ταύτῃ
2784 3037 2853 3106 τῇ
2884 3033 3221 3109 πόλει,ἆνήρ
3251 3055 3332 3098 τις
3364 3040 3492 3090 πᾶσι
3524 3038 3722 3112 γνώρι-

2073 3141 2172 3194 μος
2207 3121 2795 3197 ὑπάρχων,πρὸτριῶν
2812 3123 2944 3177 ἑτῶν
2971 3123 3084 3177 υἱὸν
3111 3118 3267 3197 ἔσχεν
3283 3127 3361 3196 (h)
3380 3124 3717 3200 ὑπάρχοντα,

306 3217 610 3289 quinque;
639 3232 815 3288 quem
849 3216 1024 3271 nimis
1056 3216 1368 3272 carnaliter
1396 3218 1543 3273 40]
1579 3217 1826 3284 diligens
1860 3234 1949 3274 re-

2071 3209 2137 3270 ὡς
2167 3205 2652 3283 ὑπολαμϐάνω,ὡς
2684 3211 2816 3265 ἑτῶν
2840 3212 2897 3267 ε’.
2929 3213 3149 3268 ’Ὀντινα
3179 3209 3302 3266 λίαν
3337 3217 3557 3288 ἀγαπῶν
3581 3214 3717 3268 κατᾶ

309 3309 493 3362 misse
511 3307 822 3362 nutriebat.
841 3307 1198 3379 Atqueidem
1220 3309 1493 3377 parvulus
1513 3310 1684 3380 (quod
1705 3309 1858 3364 dictu
1881 3309 1959 3381 (ὁ)

308 3413 486 3469 grave
511 3398 624 3452 esti
673 3412 808 3451 mox
848 3402 910 3451 ut
951 3399 1076 3467 ejus
1104 3397 1303 3452 animo
1348 3396 1565 3469 aliquid
1617 3399 1954 3466 obstitisset,

305 3489 679 3558 majestatem
725 3487 822 3542 Dei
874 3487 1277 3557 blasphemare
1325 3489 1863 3560 consueveratzqui
1896 3489 1958 3544 in

303 3578 406 3633 hac
438 3579 512 3648 (c)
545 3577 690 3632 urbe
720 3581 857 3632 ante
888 3575 1202 3632 triennium
1237 3576 1591 3632 mortalitate
1625 3593 1956 3648 percussus,

297 3669 463 3722 venit
488 3665 562 3720 ad
598 3674 867 3721 mortem.
899 3664 1162 3736 Cumque
1192 3679 1322 3719 eum
1356 3681 1501 3720 suus
1534 3669 1696 3735 pater
1734 3665 1791 3719 in
1825 3666 1957 3720 sinu

301 3759 554 3822 teneret,
591 3755 747 3811 sicut
777 3753 834 3809 hi
863 3753 1052 3810 testati
1078 3760 1218 3809 sunt
1244 3753 1342 3824 qui
1366 3761 1676 3825 praesentes
1701 3755 1957 3820 fuerunt,

307 3846 607 3918 malignos
629 3845 699 3899 ad
737 3859 801 3900 se
826 3842 1048 3899 venisse
1080 3842 1325 3914 spiritus
1356 3843 1741 3898 trementibus
1773 3844 1958 3900 oculis

307 3950 456 4006 puer
479 3931 790 4002 aspiciens,
813 3932 989 4005 cmpit
1009 3931 1262 3986 clamare
1287 3947 1301 3988 :
1325 3931 1524 3996 Obsta,
1549 3937 1732 4003 pater,
1766 3933 1957 4000 obsta,

305 4021 899 4095 pater.Quiclamans
929 4019 1260 4076 declinabat
1289 4021 1516 4087 faciem,
1543 4025 1604 4076 ut
1626 4037 1688 4077 se
1708 4022 1780 4077 ab
1799 4021 1956 4078 eisin

303 4112 441 4168 sinu
471 4110 650 4182 patris
680 4110 1076 4165 absconderet.
1110 4111 1292 4176 Quem
1323 4125 1454 4164 cum
1490 4109 1585 4165 ille
1612 4115 1956 4167 trementem

302 4199 785 4272 requireretquid
799 4199 1032 4266 videret,
1053 4215 1195 4270 puer
1215 4198 1504 4267 adjunxit,
1527 4199 1725 4255 dicens
1746 4199 1957 4256 :Mauri

295 4291 579 4346 homines
607 4295 913 4356 venerunt,
945 4288 1045 4360 qui
1070 4304 1163 4344 me
1193 4287 1398 4344 tollere
1427 4288 1649 4344 volunt.
1684 4289 1790 4355 Qui
1824 4305 1956 4346 cum

291 4379 404 4436 hoc
419 4379 691 4446 dixisset,
709 4379 1034 4447 maiestatis
1064 4393 1276 4431 nomen
1299 4378 1566 4449 protinus
1592 4376 1956 4451 blasphema-

295 4469 399 4534 vit,
435 4475 495 4524 et
522 4467 777 4521 animam
805 4466 1078 4522 reddidit.
1106 4463 1180 4521 Ut
1207 4466 1361 4522 enim
1397 4466 1771 4538 omnipotens
1802 4467 1958 4523 Deus

2067 3301 2164 3367 τὴν
2195 3299 2386 3371 σάρκα,
2412 3297 2755 3361 ἀπαιδεύτως
2787 3302 2939 3359 402
2971 3300 3130 3355 αὐτὸν
3165 3300 3468 3378 ἀνέτρεφεν.
3489 3304 3648 3364 Ὅθεν
3685 3302 3712 3356 6

2066 3388 2229 3450 αὑτὸς
2262 3393 2409 3458 παῖς,
2443 3390 2606 3459 ἡνίκα
2636 3389 2698 3444 τὸ
2731 3388 2945 3444 οἷονοῦν
2979 3389 3234 3462 ὶνθῦμιον
3266 3392 3334 3462 τῇ
3367 3392 3521 3464 ψυχῇ
3551 3390 3717 3445 αὑτοῦ

2069 3473 2546 3548 ὑπεισῆλθεν,ἔθος
2575 3472 2788 3546 ἔλαϐεν,
2806 3480 2938 3552 ὅπερ
2969 3480 3057 3533 καὶ
3080 3477 3247 3533 εἰπεῖν
3269 3476 3512 3539 κίνδυνος
3538 3478 3718 3552 ὑπάρ-

2068 3571 2291 3644 χει,τὴν
2316 3573 2414 3624 τοῦ
2444 3574 2578 3626 Θεοῦ
2612 3567 2958 3647 βλασφημεῖν
2995 3567 3408 3644 μεγαλωσύνην.
3428 3568 3493 3625 Ὀ
3512 3565 3604 3622 οῦν
3629 3568 3717 3624 αὑ·

2065 3660 2155 3720 τὸς
2186 3663 2312 3721 παῖς
2343 3659 2395 3714 ὲν
2425 3665 2504 3731 τῷ
2533 3661 2802 3730 θανατικῷ
2831 3657 2909 3732 τῷ
2940 3660 3046 3734 πρὸ
3075 3661 3245 3730 τριῶν
3299 3658 3430 3712 ἑτῶν
3490 3657 3716 3712 ἐνταῦθα

2063 3749 2340 3821 γενομένῳ
2369 3748 2769 3825 κρουσθεῖς,ὲπὶ
2802 3749 2864 3803 τὸ
2896 3749 3178 3803 ἀποθανεῖν
3199 3743 3389 3816 ἦλθεν.
3409 3748 3496 3803 Ἐν
3528 3743 3639 3819 ὅσῳ
3657 3742 3716 3802 δὲ

2066 3835 2094 3890 ὁ
2125 3837 2305 3911 πατὴρ
2336 3836 2500 3892 αὐτοῦ
2519 3836 2568 3891 ἐν
2587 3842 2666 3910 τῷ
2688 3835 2883 3910 κόλπῳ
2903 3837 3061 3892 αὐτὸν
3088 3833 3322 3908 ἐκράτει,
3345 3835 3526 3897 καθῶς
3549 3835 3600 3890 οἱ
3623 3835 3717 3891 αὖ·

2064 3925 2182 3990 τόθι
2213 3922 2476 4001 παρόντες
2512 3930 2866 4000 μαρτυροῦσι,
2898 3925 2964 3981 τὰ
2990 3932 3092 3994 τῆς
3121 3924 3389 3998 πονηρίας
3433 3923 3716 3998 πνεύματα

2063 4018 2201 4091 πρὸς
2224 4017 2382 4072 αὐτὸν
2401 4017 2626 4082 ἐλθόντα
2654 4019 2682 4073 6
2705 4025 2832 4082 παῖς
2852 4015 3200 4091 θεασάμενος,
3222 4016 3438 4091 τρέμων
3467 4017 3557 4072 καὶ
3585 4018 3712 4078 τοὺς

2068 4105 2388 4186 ὀφθαλμοὺς
2400 4109 2670 4181 καμμὺων
2685 4109 2886 4182 ἤρξατο
2907 4106 3143 4177 κράζεινο
3159 4104 3479 4177 Ἐκδίκησόν
3505 4127 3590 4179 με,
3609 4107 3712 4161 πὶ-

2065 4194 2502 4272 τερ,ἒκδίκησον.
2524 4199 2636 4259 Τὰς
2666 4194 2722 4252 δὲ
2742 4197 2926 4276 φωνὰς
2947 4196 3143 4261 ταύτας
3176 4197 3414 4269 κράζων,
3443 4193 3622 4251 ἔκλινε
3648 4194 3710 4251 τὸ

2063 4286 2356 4360 πρόσωπον
2377 4286 2452 4348 εἷς
2471 4287 2562 4341 τὸν
2583 4285 2791 4342 κόλπον
2809 4290 2906 4341 τοῦ
2932 4287 3132 4361 πατρὸς
3150 4284 3316 4341 αὐτοῦ
3334 4284 3505 4349 θέλων
3523 4285 3710 4340 ἑαυτὸν

2064 4378 2262 4450 κρύψαι
2301 4379 2509 4434 Τοῦτον
2531 4373 2589 4430 δὶ
2608 4375 2876 4451 τρέμοντα
2891 4377 2918 4430 6
2935 4376 3115 4450 πατὴρ
3136 4375 3485 4447 θεασάμενος,
3500 4373 3714 4448 ἐπηρώ-

2061 4485 2222 4534 τησεν
2250 4465 2411 4520 αὐτὸν
2438 4464 2486 4519 τί
2512 4466 2800 4541 θεωρεῖ.Ὀ
2825 4463 2882 4520 δὲ
2899 4469 3025 4525 παῖς
3040 4462 3326 4533 ἀπεκρίθη.
3345 4463 3710 4537 λέγων’Μαϋ-

297 4559 640 4615 ostenderet
683 4571 784 4628 pro
833 4572 952 4629 quo
992 4563 1152 4611 reatu
1201 4554 1415 4612 talibus
1465 4555 1668 4612 luisset
1701 4555 1954 4613 traditus

2071 4573 2149 4626 ροι
2171 4551 2448 4624 ἄνθρωποι
2465 4553 2638 4624 ἦλθον
2667 4552 2916 4618 θέλοντές
2935 4573 3002 4626 με
3022 4547 3416 4650 λαϐεῖνέτοῦτο
3441 4549 3498 4606 δὶ
3519 4552 3708 4624 εἰπὼν,

302 4646 774 4716 exsecutoribus,
815 4645 971 4702 unde
1009 4645 1296 4701 viventem
1359 4650 1522 4718 pater
1578 4662 1723 4701 suus
1769 4646 1956 4702 noluit

304 4738 619 4809 corrigere,
653 4733 762 4791 hoc
810 4736 1153 4790 morientem
1195 4734 1456 4806 permisit
1484 4735 1730 4805 iterare;
1763 4743 1824 4789 ut
1853 4736 1955 4806 qui

304 4826 400 4881 diu
435 4841 540 4896 per
565 4824 888 4880 Divinitatis
927 4823 1265 4896 patientiam
1297 4822 1679 4895 blasphemus
1715 4831 1952 4894 Vixerat,

305 4915 653 4985 quandoque
695 4929 799 4986 per
828 4912 1156 4969 Divinitatis
1178 4912 1464 4982 judicium
1497 4911 1950 4985 blasphemaret,

306 5015 356 5060 et
386 5009 755 5073 moreretur;
798 5008 1086 5076 quatenus
1140 5007 1362 5059 reatum
1413 5019 1585 5060 suum
1627 5009 1794 5074 pater
1823 5003 1953 5073 ejus

317 5093 793 5167 sgnosceret,qui
825 5091 1048 5166 parvuli
1073 5092 1453 5148 liliianimam
1487 5092 1812 5165 negligens,
1838 5108 1951 5148 non

310 5183 615 5255 parvulum
666 5188 1025 5254 peccatorem
1057 5182 1336 5255 gehenna
1370 5181 1607 5256 ignibus
1648 5183 1950 5240 nutrisset.

313 5271 419 5328 Sed
441 5273 674 5330 interim
698 5272 806 5330 hoc
827 5273 990 5328 triste
1001 5278 1372 5342 seponentes,
1385 5273 1456 5329 ad
1479 5289 1547 5331 ea
1564 5289 1690 5346 quae
1712 5289 1952 5330 narrare

313 5376 665 5434 ceperamus
687 5361 762 5435 (ά)
792 5361 924 5417 lata
943 5362 1274 5420 redeamus.

400 5491 456 5559 ο)
475 5487 604 5546 Val.
637 5486 698 5544 Cl
729 5529 746 5550 .
773 5503 998 5558 corpore
1027 5488 1272 5546 abitura.

401 5563 453 5631 ι)
479 5559 752 5616 Nonnulli
783 5565 1011 5631 Norm.,
1042 5564 1203 5631 nefas
1230 5565 1332 5619 est.

383 5631 454 5696 (ε)
480 5631 656 5688 Abest
684 5633 820 5691 urbe
848 5651 883 5692 a
912 5634 1092 5691 duob.
1118 5632 1341 5691 Gemst.
1375 5635 1432 5688 et
1458 5631 1700 5690 totidem
1731 5631 1949 5688 Theod.

391 5703 460 5774 td)
491 5703 622 5775 Alii,
651 5704 786 5766 (uti.

2064 4644 2299 4716 παρευθὺ
2329 4643 2390 4698 τὸ
2421 4649 2520 4712 τῆς
2557 4641 2952 4718 μεγαλωσύνης
2977 4639 3149 4714 ὄνομα
3178 4636 3598 4716 ἐϐλασφήμησε,
3621 4643 3710 4696 καὶ

2063 4731 2149 4787 ἐπὶ
2168 4733 2384 4794 τούτοις
2413 4733 2512 4800 τὴν
2546 4734 2731 4808 ψυχὴν
2759 4729 3176 4806 ἀπέδωκε·πρὸς
3205 4730 3310 4804 γὰρ
3339 4730 3400 4785 τὸ
3424 4726 3592 4800 δεῖξαι
3616 4731 3708 4786 τὸν

2062 4817 2472 4895 παντοδύναμον
2484 4821 2612 4877 Θεὸν
2625 4817 2653 4875 δ
2663 4822 2715 4875 ιὰ
2725 4824 2884 4875 ποῖον
2909 4821 3123 4896 ἁμαρτη
3136 4839 3210 4893 μα
3224 4819 3498 4882 τοιούτοις
3514 4819 3622 4888 ὅπη
3633 4814 3712 4895 ρέ-

2061 4931 2179 4974 ταις
2211 4909 2657 4988 παρεδόθη,δπερ
2690 4907 2769 4968 ἔτι
2803 4915 3006 4980 ζῶντος
3039 4910 3226 4981 αὐτοῦ,
3254 4911 3474 4986 ὁπατὴρ
3495 4909 3711 4967 κωλοῦ-

2063 5022 2149 5056 σαι
2173 5003 2329 5058 αὓτόν
2348 5003 2450 5060 οὐκ
2469 5001 2728 5074 ἠθέλησε,
2741 5002 2919 5074 τούτῳ
2947 5000 3348 5069 ἀποθνήσκοντι
3362 4999 3708 5064 συναπελθιῖν

2063 5110 2169 5166 παρ
2178 5094 2481 5168 εχώρησεν.
2498 5093 2599 5150 Καὶ
2613 5093 2671 5148 ’ὀν
2686 5090 2846 5162 ἡθεία
2859 5088 3236 5170 εὖσπλαγχνία
3255 5089 3599 5168 βλασφήμως
3613 5093 3712 5163 ζῇν

2061 5180 2348 5256 ἠνέσχετο,
2379 5183 2447 5251 τῇ
2486 5177 2668 5252 δικαίᾳ
2697 5199 2874 5254 κρισει
2903 5179 2993 5235 καὶ
3024 5179 3436 5250 ἀποθνήσκοντα
3459 5175 3712 5253 βλασφη.

2067 5276 2236 5343 μῆσαι
2260 5269 2418 5326 αὐτὸν
2447 5269 2869 5350 παρεχώρησεν,
2897 5266 2994 5324 ’ἶνα
3025 5269 3127 5338 τήν
3151 5268 3348 5324 τούτου
3380 5266 3647 5342 ἁμαρτίαν
3680 5264 3711 5318 6

2060 5359 2244 5435 πατὴρ
2268 5356 2435 5416 αὐτοῦ
2459 5355 2759 5434 διαγνώσῃ,
2793 5359 2939 5422 ὅστις
2984 5357 3208 5433 ἀμελῶν
3245 5364 3349 5426 τῆς
3395 5359 3582 5430 ψυχῆς
3614 5355 3717 5405 τοῦ

2135 5488 2206 5558 (e)
2240 5489 2369 5553 Με..
2395 5481 2480 5539 ὅτι
2512 5483 2672 5557 αὐτῇ.

2130 5552 2209 5647 to
2239 5552 2372 5647 te.
2403 5552 2807 5647 “mitti”,
2825 5558 2899 5647 st
2924 5552 3004 5647 δέη

3081 5619 3506 5703 post,06_puvtou
3537 5605 3737 5688 βασιλ·

2133 5695 2216 5772 (ἦ)
2249 5695 2381 5772 ΜΒᾸ,
2412 5697 2544 5758 ὄντα
2574 5695 2655 5763 ὡς’
2683 5695 3056 5776 ὑπελαμϐἀνω
3082 5695 3224 5756 hiith
3251 5695 3424 5752 πέντε.
