4168 6170
397 296 506 357 351

1594 295 1875 355 SANCTI
1919 295 2302 357 GBEGOBII
2349 297 2603 358 MAGNI

3691 303 3806 362 352

405 422 605 501 μικροῦ
640 423 804 480 αὑτοῦ
837 425 978 492 υἱοῦ,
999 424 1128 498 οὑχῖ
1154 424 1347 498 μικρὸν
1376 423 1887 497 ἁμαρτωλὸνρλλὰ
1912 425 2077 500 μέγαν
2107 429 2177 500 τῇ
2209 426 2392 502 γεέννῃ
2425 432 2522 484 τοῦ
2552 429 2723 502 πυρὸς
2754 426 3056 502 ἀνέθρεψεν.
3078 428 3236 486 Ἀλλ’
3259 427 3448 500 ἐπειδή
3471 430 3534 486 τὸ
3556 427 3806 506 λυπηρὸν

398 522 561 573 τοῦτο
594 517 682 571 καὶ
714 517 952 595 κατηφὲς
983 513 1235 589 διήγημα
1265 510 1737 587 διεξήλθομεν,είς
1772 514 1947 572 ἐκεῖνα
1980 514 2190 591 μᾶλλον
2224 519 2289 572 τὰ
2318 519 2690 593 εὐφραίνοντα,
2711 518 2845 592 ἅπερ
2869 516 3233 597 διηγήσασθαι
3257 521 3512 594 ἠρξάμην
3536 522 3707 577 πάλιν
3732 526 3807 597 (α)

397 605 831 682 ἐπιστρέψωμεν.

1033 697 1293 751 ΚΕΦΑΛι
1337 694 1419 750 κ’.

690 785 822 859 Περὶ
858 788 955 838 τοῦ
999 783 1125 858 βίου
1164 789 1260 838 τοῦ
1294 784 1442 838 ὁσίου
1473 783 1768 862 Στεφάνου,

474 874 623 947 Παρᾶ
652 879 750 928 τοῦ
785 873 1188 952 προλεχθέντος
1221 869 1457 947 Πρόϐου,
1489 876 1578 928 καί
1611 873 1796 929 ἄλλων
1847 874 2050 952 ἀνδρῶν

405 963 784 1038 διηγουμένων
799 959 1003 1036 ἔμαθον
1022 963 1194 1018 ἐκεῖνα
1217 965 1351 1037 ἅπερ
1371 968 1486 1025 τοῖς
1508 965 1876 1038 ἀκροωμένοις
1892 966 2058 1038 μηνὺ-

400 1075 490 1108 σαι
522 1052 849 1122 ἐσπούδασα,
879 1052 929 1107 ἐν
958 1057 1078 1114 ταῖς
1127 1057 1222 1107 τοῦ
1263 1051 1587 1129 εὐαγγελίου
1636 1053 1886 1125 ὁμιλίαις
1933 1057 2056 1130 περὶ

400 1147 498 1197 τοῦ
530 1137 938 1198 εὑλαϐεστάτιρυ
960 1143 1165 1215 πατρὸς
1190 1144 1482 1221 Στεφάνου.
1509 1146 1698 1204 Καθὼς
1718 1145 1820 1221 γὰρ
1844 1147 1871 1199 6
1895 1145 2056 1207 αὐτὸς

412 1228 648 1308 Πρόϐος,
685 1234 775 1287 καὶ
808 1231 1012 1288 πολλοὶ
1043 1230 1219 1306 ἕτεροι
1269 1239 1658 1309 μαρτυροῦσιν,
1693 1236 1773 1289 ὅτι
1811 1236 2056 1310 ὑπῆρχεν

407 1323 545 1398 ἀνὴρ
583 1324 756 1395 μηδὲν
789 1321 840 1377 ἐν
873 1323 1054 1395 τούτῳ
1069 1327 1148 1396 τῷ
1178 1324 1372 1396 κόσμῳ
1409 1322 1947 1398 κεκτημένος,μηδέν
1970 1331 2063 1396 ζη-

405 1418 539 1481 τῶν,
566 1411 616 1466 εἴ
640 1414 714 1485 μή
741 1415 820 1486 (1))
848 1411 1018 1484 μόνην
1038 1413 1137 1480 τὴν
1177 1412 1312 1466 κατά
1344 1413 1472 1467 Θεὸν
1503 1412 1727 1488 ἀγαπῶν
1763 1413 2058 1492 πτωχείαν.

405 1500 546 1564 Τοὺς
580 1499 637 1556 δὲ
668 1500 1116 1573 ἐναντιουμένους
1145 1500 1292 1573 αὐτῷ
1323 1505 1551 1556 πάντοτε
1585 1501 1891 1573 ὑπομένων,
1920 1502 2061 1578 πρὸς

401 1592 591 1647 ἑαυτὸν
611 1591 840 1652 τούτους
865 1592 938 1664 (τ’)
963 1589 1250 1660 ἐπεσπᾶτο,
1267 1592 1334 1645 τὰ
1357 1589 1606 1666 συνέδρια
1635 1596 1742 1646 τῶν
1772 1598 2059 1666 κοσμικῶν

406 1681 735 1759 φεύγωνἽῇ
751 1677 809 1734 δὲ
832 1679 972 1754 εὐχῇ
996 1677 1286 1742 διαπαντὸς
1306 1679 1600 1756 σχολάζειν
1615 1681 2070 1755 ἐπεθύμειῖὈθεΑ

409 1770 531 1845 περὶ
553 1774 660 1823 τῶν
684 1770 848 1824 αὑτοῦ
872 1767 1152 1841 δυνάμεων
1174 1769 1229 1824 ἓν
1263 1768 1420 1847 ἔργον
1455 1769 1798 1846 ἀναγγέλλω,
1821 1771 1960 1827 ὥστε
2002 1771 2066 1826 ἐκ

407 1865 504 1916 τοῦ
536 1861 648 1922 ἐνὸς
682 1858 907 1916 δυνατὸν
937 1861 1198 1936 γενέσθαι,
1222 1861 1311 1916 καῖ
1336 1863 1400 1916 τὰ
1421 1859 1592 1917 λοιπά
1613 1861 1776 1918 αὑτοῦ
1797 1865 2062 1931 κατανοῆ,

405 1972 511 2006 σαι.
538 1951 711 2014 Οὗτος
738 1949 787 2006 ἔν
811 1974 916 2007 τινι
950 1953 1131 2025 ἡμέρᾳ
1162 1951 1289 2028 γένη
1303 1973 1377 2024 μα
1407 1956 1480 2025 (ιί)
1503 1954 1634 2027 ὅπερ
1667 1955 1700 2022 ἡ
1734 1958 1859 2028 χεῖρ
1896 1955 2064 2008 αὑτοῦ

405 2038 647 2114 ἔσπειρεν
710 2041 946 2115 θερίσας,
981 2041 1060 2103 εἰς
1102 2041 1201 2108 τήν
1250 2039 1433 2096 ἅλωνα
1481 2041 1784 2119 ἀπήγαγεν·
1821 2039 1978 2096 οὐδὲν
2009 2040 2066 2096 δὲ
2098 2083 2144 2150 Β

405 2131 428 2150 ΡΙ
643 2133 667 2150 Ὗ
720 2139 731 2150 l
811 2131 825 2150 θ
872 2135 885 2150 Ι
924 2135 939 2150 \
971 2133 982 2150 τ
1254 2133 1267 2150 \
1328 2131 1377 2150 0"
1547 2136 1572 2147 θ’
1685 2133 1693 2140 ⁸
1825 2134 1850 2150 θ’
1990 2136 2014 2147 ο

402 2131 585 2203 ἕτερον
616 2133 764 2207 εἶχεν
783 2131 944 2205 side)
961 2133 1309 2208 ἀποστροφὴν
1325 2131 1458 2187 ὅλου
1480 2136 1575 2187 τοῦ
1592 2133 1795 2207 χρόνου
1817 2134 1930 2204 ἅμα
1949 2136 2055 2186 τῶν

409 2223 672 2295 μαθητῶν
697 2220 881 2292 αὑτοῦ,
905 2221 1068 2295 πάρεξ
1100 2221 1320 2277 τούτου.
1356 2223 1525 2296 Ἀνὴρ
1559 2219 1614 2277 δὲ
1655 2243 1737 2282 τις
1765 2219 1973 2296 διεστρο
1987 2244 2063 2294 μ-

409 2313 573 2385 μένης
605 2311 1034 2386 προθέσεως,καὶ
1057 2316 1170 2373 τοῖς
1191 2316 1286 2366 τοῦ
1311 2311 1617 2386 ἀρχεκάκου
1639 2309 1842 2386 ἐχθροῦ
1869 2309 2061 2365 σκόλο-

407 2405 496 2476 qm;
521 2400 955 2477 ἐμπεπαρμένος,
971 2402 1033 2456 τὸ
1056 2401 1185 2457 αὐτὸ
1210 2403 1336 2479 γένη
1348 2423 1421 2474 μα
1443 2400 1518 2462 εἲς
1549 2403 1647 2469 τὴν
1669 2399 1854 2456 ἅλωνα
1877 2399 2059 2473 κείμε-

405 2512 497 2546 νον
531 2495 637 2565 πῦρ
674 2491 883 2566 ὑφάψας
913 2489 1153 2546 ἔκαυσεν.
1184 2492 1406 2566 Ἕτερος
1439 2488 1496 2546 δέ
1526 2511 1608 2552 τις
1649 2494 1808 2545 τοῦτο
1839 2489 2060 2565 γεγονὸς

411 2583 858 2652 θεασάμενος,τῷ
889 2583 989 2635 τοῦ
1011 2583 1145 2636 Θεοῦ
1176 2579 1359 2655 οἰκέτῃ
1390 2577 1611 2653 δραμὼν
1637 2578 1886 2653 ἐμήνυσε.
1911 2580 2059 2634 Μετᾶ

411 2664 542 2723 δὲτὸ
572 2667 809 2742 μηνύσαι
919 2664 1200 2743 προέθετο,
1220 2665 1419 2742 λέγων·
1436 2668 1570 2726 Οὐαὶ
1597 2667 1919 2742 οὑαὶ,πάτερ
1936 2666 2060 2721 Στέ-

407 2778 553 2834 (pave,
585 2758 636 2813 τί
670 2778 754 2812 σοι
782 2752 978 2827 συνέϐη
1008 2776 1020 2824 ;
1053 2757 1231 2819 Αὐτὸς
1266 2756 1323 2814 δὲ
1343 2757 1522 2832 ἱλαρῷ
1552 2763 1630 2830 τῷ
1651 2758 1932 2832 προσώπῳ
1969 2757 2058 2813 καὶ

412 2849 671 2924 λυγισμῷ
691 2847 952 2924 ἀταράχῳ
975 2849 1239 2922 ἀπεκρίθη
1266 2849 1434 2923 αὐτῷ,
1461 2849 1811 2924 λέείωνοοὺαὶ
1832 2848 1884 2903 τί
1915 2846 2061 2903 ἐκεί-

405 2961 482 3011 νῳ
514 2934 710 3009 συνέϐη
754 2943 832 2994 τῶ
861 2942 1022 2993 τοῦτο
1052 2941 1342 3009 ποιήσαντι
1370 2958 1384 3008 ;
1410 2938 1558 2995 Ἐπεὶ
1582 2937 1704 3011 ἐμοὶ
1726 2937 1779 2994 τί
1819 2932 2015 3008 συνέϐη
2044 2955 2058 3006 ;

409 3030 506 3084 Ἐκ
536 3028 729 3082 υοὺτου
762 3029 856 3082 οὗν
887 3029 1222 3098 κατανόησον
1251 3027 1303 3082 ἐν
1333 3028 1476 3102 ποίῳ
1509 3027 1630 3102 ὕψει
1663 3025 1944 3100 δυνάμεως
1969 3026 2056 3081 καὶ

415 3120 612 3195 βαθμῷ
642 3120 669 3173 6
693 3116 1395 3195 τούτουλογισμὸςῗδρυτο,
1411 3119 1562 3174 δτιὲν
1585 3118 1717 3194 ὅπερ
1742 3117 2064 3190 εἷ’ςάποτρο-

407 3209 515 3286 φῆν
550 3208 696 3283 εἶχεν
729 3206 780 3262 ἐν
815 3206 933 3280 ὅλῳ
963 3213 1042 3280 τῷ
1077 3207 1183 3283 βίῳ
1221 3208 1444 3282 τοιαύτῃ
1493 3207 1779 3282 ἀμερίμνῳ
1829 3204 2062 3270 διαθέσει

404 3298 480 3369 (g)
496 3295 870 3366 ἤπολλεν,καῖ
889 3295 1103 3369 μᾶλλον
1121 3296 1266 3369 αὐτῷ
1291 3298 1422 3372 ὑπὲρ
1446 3296 1648 3352 ἐκείνου
1671 3296 2063 3371 τοῦτήνάμαρ-

404 3386 524 3441 τίαν
546 3389 875 3459 ποιήσαντος
900 3385 1101 3456 ἐπόνει,
1119 3388 1352 3461 (Ιι)ἤπερ
1383 3384 1470 3441 διὰ
1493 3388 1591 3456 τὴν
1616 3387 1816 3459 ζημίαν
1839 3385 1900 3453 ἢν
1929 3383 2061 3440 ὑπέ-

2073 700 2130 768 Α

2771 701 3004 758 CAPUT
3034 703 3189 759 XIX.

2475 794 2553 846 De
2579 793 2825 846 transilu
2858 793 2917 856 li,-
2947 791 3210 861 Slephani
3235 794 3347 848 viri
3377 797 3494 850 Dei.

2238 879 2515 935 Praedicta
2541 883 2750 936 etenim
2783 884 2964 936 Probo
2986 881 3234 953 aliisque
3269 884 3552 954 religiosis
3577 902 3815 940 narran-

2166 968 2327 1025 tibus
2359 970 2497 1024 viris
2525 971 2730 1039 agnovi
2772 987 2840 1025 ea
2871 988 2998 1040 quae
3047 971 3306 1027 indicare
3341 973 3726 1029 audientibus
3747 978 3819 1031 de

2167 1059 2478 1113 venerabili
2506 1065 2669 1112 Patre
2701 1061 2996 1130 Stephano
3028 1061 3082 1114 in
3121 1061 3385 1116 Ilomiliis
3409 1063 3702 1132 Evangelii
3724 1079 3825 1118 cu-

2169 1147 2286 1201 ravi
2320 1149 2494 1217 (Hom.
2517 1149 2630 1218 35).
2667 1147 2795 1202 Fuit
2823 1149 2980 1203 enim
3013 1150 3119 1214 vir,
3158 1150 3312 1205 sicut
3342 1151 3492 1206 idem
3523 1151 3743 1208 Probus
3765 1157 3823 1207 et

2172 1235 2339 1290 multi
2363 1234 2458 1289 alii
2496 1243 2799 1302 testantur,
2828 1235 2972 1291 nihil
3007 1237 3064 1291 in
3101 1236 3211 1292 hoc
3243 1240 3464 1294 mundo
3488 1241 3820 1311 possidens,

2173 1323 2317 1378 nihil
2339 1325 2674 1396 requirens;
2706 1325 2887 1380 solani
2920 1343 3053 1380 cum
3100 1333 3217 1382 Deo
3255 1335 3653 1399 paupertatem
3687 1330 3822 1385 dili-

2171 1415 2730 1487 gens,interadversa
2744 1431 2862 1470 sem
2874 1431 2970 1486 per
2985 1416 3291 1487 patentiam
3308 1434 3396 1472 am
3408 1419 3828 1490 plectens,con-

2173 1510 2376 1560 ventus
2405 1504 2774 1559 saecularium
2807 1507 3055 1576 fugiens,
3078 1523 3278 1562 vacare
3318 1524 3550 1578 semper
3571 1509 3826 1565 orationi

2173 1593 2613 1665 concupiscens.
2647 1598 2727 1648 De
2748 1610 2863 1665 quo
2897 1610 3078 1648 unum
3102 1594 3326 1652 bonum
3358 1597 3591 1652 virtutis
3616 1599 3824 1663 refero,

2175 1688 2240 1738 ut
2260 1700 2328 1738 ex
2343 1684 2452 1738 hoc
2476 1700 2592 1739 uno
2614 1682 2840 1739 valeant
2859 1686 2990 1754 ejus
3009 1684 3192 1742 multa
3216 1687 3462 1757 pensari.
3489 1691 3544 1744 Is
3569 1705 3827 1761 namque

2174 1789 2306 1829 cum
2341 1773 2593 1844 quadam
2627 1772 2720 1828 die
2743 1789 2992 1830 messem
3042 1792 3216 1846 quam
3251 1794 3358 1831 sua
3390 1793 3568 1833 manu
3603 1783 3831 1835 severat

2175 1863 2426 1918 decisam
2459 1863 2530 1917 ad
2572 1879 2764 1918 aream
2808 1864 3166 1928 deduxisset,
3201 1867 3465 1938 nihilque
3501 1866 3657 1922 aliud
3690 1883 3824 1923 cum

2177 1951 2482 2024 discipulis
2505 1956 2628 2006 suis
2655 1953 2723 2007 ad
2772 1953 2950 2007 totius
2981 1955 3118 2009 anni
3161 1956 3518 2025 stipendium
3555 1957 3823 2028 haberet,

2176 2044 2411 2116 quidam
2447 2059 2723 2114 perversae
2746 2046 3062 2099 voluntatis
3091 2046 3195 2108 vir,
3227 2047 3446 2116 antiqui
3494 2048 3674 2101 hostis
3707 2050 3820 2102 sti-

2178 2133 2351 2188 mulis
2377 2132 2711 2204 instigatus,
2738 2133 3002 2188 eamdem
3031 2149 3303 2198 messem,
3328 2135 3461 2205 igne
3495 2137 3820 2206 supposito,

2175 2225 2258 2279 ita
2287 2228 2351 2278 ut
2381 2236 2506 2278 erat
2527 2224 2584 2277 in
2609 2239 2765 2285 area,
2789 2224 3069 2278 incendit.
3095 2225 3250 2290 Quod
3280 2227 3488 2280 factum
3513 2227 3649 2281 dum
3671 2228 3823 2283 alter

2175 2313 2550 2383 conspiceret.
2576 2312 2759 2367 eidem
2782 2312 2878 2367 Dei
2907 2313 3121 2367 famulo
3147 2315 3406 2369 cucurrit
3425 2321 3482 2370 et
3503 2317 3820 2372 nuntiavit.

2173 2402 2333 2467 Quod
2357 2401 2984 2473 postquamindicavit,
3009 2403 3513 2473 adjunxit,dicens
3539 2421 3552 2461 '.
3579 2408 3824 2476 Venae,

2174 2497 2334 2564 pater
2361 2491 2818 2562 Stephane,quid
2845 2491 2946 2546 tibi
2978 2492 3254 2564 contigit?
3285 2493 3389 2549 Cui
3423 2493 3622 2550 statim
3654 2497 3824 2552 vultu

2173 2598 2237 2638 ac
2271 2587 2462 2636 mente
2493 2579 2717 2653 placida
2739 2580 2835 2636 ille
2869 2583 3201 2650 respondit:
3229 2586 3322 2638 Vae
3347 2583 3429 2637 illi
3456 2585 3701 2656 contigit
3721 2585 3828 2657 qui

2173 2671 2283 2726 hoc
2305 2669 2438 2726 fecit
2463 2687 2476 2737 ;
2501 2686 2637 2725 nam
2671 2670 2815 2725 mihi
2859 2671 2996 2742 quid
3030 2672 3324 2743 contigit?
3354 2672 3412 2727 In
3447 2673 3663 2746 quibus
3693 2675 3830 2744 ejus

2173 2759 2365 2815 verbis
2378 2759 2704 2815 ostenditur
2719 2758 2776 2813 in
2793 2775 2907 2830 quo
2921 2752 3159 2815 virtutis
3175 2760 3432 2815 culmine
3455 2762 3829 2834 sedebat,qui

2175 2868 2358 2907 unum
2383 2851 2530 2922 quod
2555 2852 2631 2923 (k)
2662 2850 2719 2906 in
2746 2858 3022 2922 sumptus
3049 2853 3252 2908 mundi
3286 2853 3566 2909 habuerat
3585 2861 3702 2910 tam
3730 2871 3826 2910 se-

2175 2957 2312 2997 cura
2345 2940 2616 3012 perdebat
2653 2947 2862 3005 mente,
2885 2941 3190 3014 magisque
3222 2941 3304 2996 illi
3338 2943 3680 2999 condolebat
3721 2945 3828 3016 qui

2174 3036 2477 3103 peccatum
2506 3027 2900 3096 cor;..niserat,
2932 3046 3105 3098 quam
3141 3031 3247 3084 sibi
3282 3033 3378 3100 qui
3417 3033 3634 3103 peccati
3669 3032 3828 3090 illius

2174 3122 2375 3176 damna
2397 3117 2676 3173 tolerabai
2702 3138 2710 3172 τ
2732 3135 2833 3173 nec
2850 3120 3131 3190 pensabat
3147 3120 3284 3192 quid
3305 3119 3825 3192 ipseeXIerius,sed

2174 3211 2359 3280 culpae
2373 3213 2802 3278 reusquantum
2819 3209 3284 3275 perdebatintus.
3301 3208 3466 3264 liunc
3482 3211 3828 3281 itaquecum

2174 3299 2298 3354 dies
2313 3299 2467 3354 404
2488 3297 2686 3352 mortis
2699 3297 2890 3367 egredi
2917 3296 2988 3352 de
3008 3313 3244 3369 corpore
3271 3304 3522 3368 urgeret,
3540 3315 3829 3357 convene-

2177 3398 2311 3445 runt
2345 3387 2537 3455 multi,
2562 3394 2621 3440 ut
2647 3391 2760 3441 tam
2793 3390 3007 3442 sanctas
3030 3388 3237 3442 anima:
3260 3388 3331 3443 de
3353 3388 3456 3444 hoc
3482 3393 3694 3445 mundo
3734 3406 3828 3446 re-

408 3497 557 3548 μεινε
587 3452 677 3531 διά
707 3483 808 3545 τῆς
838 3474 1046 3532 ἐκείνου
1088 3452 1384 3550 ἀμαρτίας,
1419 3452 1560 3530 οὑδὲ-
1593 3452 2056 3548 ἐμέτρησεπόσον

2175 3477 2396 3534 cedenti
2438 3492 2576 3530 suas
2600 3475 2828 3531 animas
2863 3476 3366 3532 commendarent.
3389 3477 3653 3549 Cumque
3674 3479 3826 3536 lecto

405 3565 566 3627 αὐτός
583 3561 770 3638 ἔξωθεν
781 3564 1086 3636 ἀπώλεκεν,
1102 3564 1246 3620 ἀλλὰ
1341 3563 1554 3638 μᾶλλον
1570 3564 1598 3618 6
1611 3567 1707 3618 τοῦ
1719 3562 2058 3633 πταίσματος

406 3650 598 3729 ἔνοχος
640 3649 792 3708 ἔνδον
826 3653 918 3724 ἐζη
931 3658 1144 3727 μιοῦτο.
1163 3657 1371 3711 Τοῦτον
1393 3653 1574 3708 τοίνυν
1591 3659 1688 3722 τῆς
1708 3656 1805 3708 τοῦ
1829 3651 2057 3716 θανάτου

409 3747 561 3800 40³
585 3745 798 3817 ἡμέρας
837 3738 1284 3812 καταλαϐούσης,
1315 3743 1403 3798 καὶ
1435 3741 1865 3819 κατεπειγούσης
1897 3740 2055 3796 αὑτὸν

405 3831 464 3888 ἐκ
479 3837 574 3889 τοῦ
591 3833 844 3907 σώματος
867 3831 1126 3904 ἐξελθεῖν,
1140 3830 1346 3888 πολλοὶ
1362 3833 1532 3887 ἐκεῖσε
1553 3830 1839 3901 συνῆλθον,
1853 3829 2055 3901 ἵνατῆς

400 3921 557 3995 ἁγίας
591 3920 794 3987 ἐκείνης
827 3925 1013 3996 ψυχῆς
1047 3920 1644 3994 ἐκτοῦκόσμουτοὺτου
1658 3919 2049 3994 πορευομένης,

402 4011 497 4072 τὰς
522 4012 724 4065 ἑαυτῶν
747 4011 929 4085 ψυχὰς
948 4009 1116 4084 ταύτῃ
1137 4011 1502 4085 παράθωνται.
1521 4013 1601 4083 Τῇ
1625 4007 1682 4066 δὲ
1703 4009 1864 4084 κλίνῃ
1888 4009 2056 4066 αὑτοῦ

399 4102 597 4161 πάντες
626 4102 677 4155 oi
709 4097 1053 4174 συνελθόντες
1082 4100 1496 4176 παριστάμενοι,
1519 4101 1572 4156 οἳ
1597 4101 1692 4174 μὶν
1726 4099 2053 4176 εἰσερχομέ-

398 4211 521 4252 νους
554 4188 678 4250 τοὺς
711 4187 982 4266 ἀγγέλους
1002 4188 1303 4259 ἐθεάσαντο,
1318 4190 1486 4245 εἰπεῖν
1507 4187 1625 4247 δέτι
1650 4187 1905 4261 οὐδαμῶς
1921 4186 2053 4260 ἠδυ·

403 4281 665 4350 νήθησαν.
697 4281 912 4354 Ἕτεροι
955 4276 1012 4334 δὲ
1041 4278 1095 4334 τί
1126 4300 1256 4334 ποτε
1273 4281 1370 4353 μὲν
1403 4278 1502 4335 οὐκ
1530 4277 2054 4348 ἒθεάσαντο,πάντας

405 4367 461 4425 δὲ
480 4368 608 4431 τοὺς
631 4367 940 4442 εὑρεθέντας
973 4365 1140 4447 φόϐος
1172 4366 1406 4448 σφοδρὸς
1438 4367 1951 4442 συνετάραξεν,ὥστε
1974 4369 2051 4440 μὴ

2167 3564 2327 3621 illius
2347 3563 2408 3618 hi
2441 3563 2537 3634 qui
2564 3568 2952 3618 convenerant
2981 3578 3185 3618 omnes
3213 3562 3576 3631 assisterent,
3601 3564 3700 3620 alii
3725 3567 3822 3622 in-

2167 3654 2497 3727 gredientes
2517 3650 2754 3722 angelos
2769 3652 3060 3718 viderant,
3076 3651 3176 3707 sed
3199 3652 3390 3709 dicere
3411 3653 3630 3726 aliquid
3654 3655 3828 3712 nullo

2169 3745 2339 3799 modo
2361 3740 2788 3809 potuerunt,alii
2809 3741 3054 3797 omnino
3071 3740 3152 3796 nil
3169 3741 3464 3811 viderunt;
3483 3744 3582 3799 sed
3607 3760 3827 3801 omnes

2167 3833 2266 3905 qui
2302 3833 2564 3894 aderant,
2611 3831 2688 3885 ita
2738 3830 3291 3887 vehementissimus
3331 3833 3508 3887 timor
3539 3834 3818 3903 perculit,

2168 3927 2230 3978 ut
2275 3919 2496 3989 nullus,
2523 3919 2852 3990 egrediente
2893 3920 2991 3974 illa
3017 3928 3212 3976 sancta
3258 3920 3468 3985 anima,
3504 3920 3620 3977 illic
3660 3932 3820 3982 stare

2167 4011 2470 4084 potuisset.
2499 4014 2562 4065 Et
2592 4009 2651 4065 hi
2683 4027 2816 4078 ergo
2848 4011 2946 4083 qui
2972 4011 3250 4081 viderant,
3285 4011 3417 4069 ethi
3442 4012 3540 4082 qui
3572 4015 3820 4072 omnino

2167 4101 2312 4157 nihil
2336 4101 2620 4169 viderant,
2645 4117 2761 4156 uno
2801 4117 3005 4158 omnes
3029 4103 3234 4157 timore
3259 4103 3508 4174 perculsi
3538 4108 3596 4158 et
3628 4105 3826 4161 territi

2168 4191 2462 4263 fugerunt,
2498 4194 2562 4246 ut
2591 4188 2784 4260 palam
2817 4190 3050 4245 daretur
3079 4189 3326 4264 intelligi
3357 4207 3480 4263 quas
3512 4199 3567 4247 et
3597 4200 3830 4262 quanta

2165 4281 2252 4336 vis
2281 4286 2578 4353 essetque;
2601 4277 2756 4334 illam
2785 4279 3174 4351 egredientem
3192 4283 3452 4336 animam
3468 4283 3824 4353 susciperet,

2167 4372 2334 4438 cujus
2365 4385 2662 4439 egressum
2696 4384 2863 4423 nemo
2890 4368 3218 4425 mortalium
3247 4371 3295 4426 te
3311 4387 3400 4425 rre
3425 4371 3731 4442 potuisset.

403 4456 695 4529 δυνηθῆναι
744 4454 917 4514 ἐκεῖσέ
964 4479 1080 4513 τινα
1140 4465 1356 4528 στῆναι,
1385 4465 1484 4528 τῆς
1534 4457 1686 4532 ἁγίας
1749 4457 1954 4528 ἐκείνης
2001 4454 2364 4533 ἕξιρχομένης
2414 4459 2623 4531 ψυχῆς.
2658 4456 2858 4517 Πάντες
2901 4455 3004 4532 γὰρ
3032 4457 3122 4510 καὶ
3151 4457 3202 4510 oi
3234 4457 3576 4529 θεασάμενοι,
3608 4457 3702 4513 καὶ
3760 4459 3820 4515 οἱ

405 4551 481 4624 μὴ
517 4550 836 4624 ἑωρακότες,
871 4549 949 4606 ἑνὶ
1004 4546 1161 4629 φόϐῳ
1216 4551 1584 4627 συσχεθέντες,
1617 4547 1834 4629 ἔφυγον.
1866 4553 2023 4603 Ὥστε
2080 4552 2324 4625 φανερῶς
2374 4544 2680 4623 δειχθῆναι,
2709 4546 2848 4608 τίνες
2898 4547 3094 4602 ἐκεῖνοι
3127 4547 3402 4624 ὑπῆρχον,
3436 4549 3486 4603 οἱ
3516 4550 3616 4618 τὴν
3644 4550 3806 4627 ἁγίαν

401 4639 588 4714 ψυχὴν
617 4637 980 4714 ἐξερχομένην
1013 4637 1438 4718 ὑποδεχόμενοι,
1471 4641 1540 4709 ἦς
1567 4640 1666 4708 τὴν
1698 4635 1881 4710 ἔξοδον
1905 4634 2082 4699 οὐδεὶς
2108 4642 2215 4693 τῶν
2249 4639 2458 4706 θνητῶν
2495 4636 2778 4712 ὑπενέγκαι
2809 4633 3077 4708 ἠδυνήθη.

1017 4733 1274 4786 ΚΕΦΑΛ.
1318 4731 1444 4787 ΚΑἌ

407 4817 535 4890 Περὶ
560 4821 755 4892 ψυχῶν
787 4815 1318 4960 δικαίωνβτιὰέγετῇ
1350 4815 1517 4892 ἐξόδῳ
1549 4816 1656 4893 οὐχ
1685 4818 1943 4893 ὁρῶνται,
1961 4815 2051 4872 καὶ

1104 4911 1135 4944 τ
1258 4911 1342 4960 ης.

1104 4911 1171 4944 τα
1201 4911 1342 4960 εςης.

482 4978 603 5033 Ἐπὶ
658 4977 876 5040 τούτοις
925 4984 1076 5047 πᾶσι,
1108 4980 1196 5034 καὶ
1225 4985 1387 5035 τοῦτο
1417 4980 1652 5054 γνωστὸν
1684 4979 1944 5054 ὑπάρχει,
1967 4976 2050 5032 ὅτι

405 5065 466 5121 οὐ
499 5067 730 5122 πάντοτε
769 5065 822 5122 ἐν
853 5072 920 5142 τῇ
955 5066 1123 5142 ἐξόδῳ
1150 5076 1251 5137 τῆς
1299 5073 1485 5145 ψυχῆς
1532 5069 1594 5125 τὸ
1643 5068 1856 5142 ἀξίωμα
1887 5067 2052 5137 αὐτῆς

403 5155 694 5226 δείκνυται,
724 5159 861 5233 μετὰ
895 5157 952 5214 δὲ
983 5160 1208 5224 θάνατον
1236 5159 1495 5239 ἀσφαλῶς
1526 5163 1869 5237 φανεροῦται.
1891 5158 2050 5221 ’Όθεν

476 5323 551 5394 (a)
585 5323 716 5395 M3,,
753 5321 1099 5395 ὑποστρέφω.

499 5396 548 5462 b)
581 5394 690 5450 Me.
701 5437 714 5462 ,
744 5391 937 5464 μόνον,

499 5467 549 5532 c)
574 5468 702 5533 Ms.,
738 5462 1095 5519 ἐπεσπάσατο.

499 5397 548 5462 b)
581 5397 714 5462 Ms”
752 5397 937 5464 μόνον,

499 5467 549 5532 c)
574 5468 702 5533 Ms.,
738 5462 1095 5519 ἐπεσπάσατο.

473 5397 559 5608 id)
591 5537 720 5609 Ms,
753 5534 886 5609 ὅπερ
924 5537 1041 5594 ταῖς
1076 5553 1266 5609 χερσιν
1296 5533 1484 5592 αὑτοῦ.

505 5555 559 5603 ιι)
591 5555 720 5605 me,
753 5555 886 5609 οπερ
924 5555 1137 5660 tanta}:

505 5607 556 5682 ϐ)
586 5608 774 5682 Forte,
806 5609 1043 5682 hvu‘tpoq}
1067 5626 1137 5678 δν,

588 5681 692 5737 Ms.
750 5677 1062 5752 προσᾶθετὸ.

2082 4731 2129 4797 D

2799 4727 3024 4784 CAPUT
3055 4727 3176 4785 XX.

2164 4817 2313 4888 Quod
2341 4815 2641 4891 aliquando
2660 4816 2872 4875 anima
2900 4815 3164 4873 meritum
3191 4817 3385 4874 nonin
3413 4819 3534 4886 ipso
3563 4833 3841 4891 egressu,

2445 4890 2537 4945 sed
2564 4895 2685 4961 post
2714 4898 2942 4945 mortem
2973 4891 3159 4946 verius
3187 4891 3525 4947 declaratur.

2231 4979 2338 5034 Sed
2363 4977 2516 5035 inter
2531 4978 2656 5036 haec
2677 4979 2984 5035 sciendum
3001 4983 3090 5035 est
3110 4980 3247 5052 quia
3267 4979 3583 5052 aliquando
3601 4979 3836 5052 animm

2163 5068 2442 5123 meritum
2486 5085 2598 5123 non
2626 5067 2683 5123 in
2722 5069 2846 5140 ipso
2887 5085 2993 5124 suo
3030 5085 3266 5142 egressu
3299 5069 3648 5136 ostenditur,
3685 5081 3847 5141 post.

2164 5163 2410 5213 mortem
2429 5173 2561 5213 vero
2584 5157 2802 5214 certius
2830 5156 3179 5216 declaratur.
3201 5156 3364 5215 Unde
3384 5163 3442 5214 et
3460 5157 3639 5214 sancti
3656 5174 3850 5216 mar-

2235 5319 2308 5390 (Ω)
2336 5318 2469 5384 Μεῑο.
2495 5315 2766 5390 ἀπώλεσε.

2260 5384 2318 5458 ιι)
2351 5395 2476 5457 Ms.,
2508 5385 2679 5459 ἥνπερ
2703 5387 2793 5444 καὶ
2826 5384 2936 5448 διὰ.

2258 5457 2306 5529 i)
2335 5462 2462 5526 Ms.,
2497 5457 2711 5533 μᾶλλον
2739 5461 2967 5517 πόσονὸ.

2237 5533 2301 5604 (7)
2337 5532 2625 5607 I_.audat_ur
2652 5535 2709 5607 in
2751 5532 3047 5607 Martyroi.
3082 5533 3244 5590 Rom.
3273 5535 3365 5593 die
3388 5535 3455 5592 l3
3486 5536 3818 5595 Februarii
3840 5583 3857 5596 .

2239 5603 2314 5674 (ιτ)
2348 5603 2464 5660 Val.
2502 5604 2612 5671 CL,
2645 5606 2704 5661 in
2725 5603 2977 5678 sumptu:
3008 5607 3164 5662 anni.
