4100 6164
466 239 624 304 1419

466 375 676 441 gligens
704 371 996 423 emendare
1029 375 1266 441 peccata,
1303 370 1404 441 ﬁat
1425 370 1607 441 culpae.
1626 372 1910 439 particeps,
1932 383 2004 441 xi,
2037 368 2114 418 69.

526 430 777 488 Miratum
798 449 853 484 se
877 448 992 484 esse
1024 430 1174 491 dixit,
1211 430 1844 496 quemdam'principem'
1862 432 2116 496 majorem

465 500 658 550 domus
689 512 801 548 sue
835 495 1243 559 delinquenteni
1276 510 1385 545 non
1415 496 1737 559 vindicasse.
1763 509 1828 550 ix.
1860 495 1970 559 ind.
1993 508 2046 549 ιι.
2074 496 2122 544 9.

529 561 804 624 Principes
834 564 890 624 et
922 557 1188 608 maximos
1219 559 1364 624 viros
1392 558 1686 624 absolvere
1706 557 1982 624 renuehat.
2001 570 2120 606 cum

463 623 686 674 illorum
711 620 1102 686 'pmnitentiam
1133 633 1243 670 non
1275 622 1634 686 videret,__‘ix,
1669 620 1780 669 ind.
1816 631 1873 686 Il,
1903 623 1954 669 5.

525 689 706 750 Neque
723 681 883 750 'viros
897 683 1228 750 clarissimos
1253 683 1455 750 aliquid
1483 681 1664 750 illicite
1684 684 2013 750 committere
2037 696 2125 750 pa-

473 745 726 803 tiebatur.
760 748 855 797 sed
905 745 1056 810 prius
1103 751 1324 804 paterna
1345 745 1656 810 ‘admoneri
1693 745 1936 810 jubebat_.
1967 758 2016 795 x.
2049 747 2127 793 26.

527 812 676 871 Quod
690 811 818 861 foris
834 805 1038 860 inimici
1050 810 1306 873 afﬂigant,
1327 810 1380 858 in
1395 813 1480 858 tus
1499 805 1707 872 iudices
1717 807 2060 864 conturbent,
2075 820 2107 854 x

525 946 841 1010 Sacrilegos.
857 943 902 994 si
927 957 1064 1008 opus
1078 946 1237 1000 esset,
1255 943 1322 991 ab
1341 942 1664 1006 imperatore
1695 939 1873 1004 puniri
1890 939 2129 996 curabat,

473 1025 523 1068 x.
554 1010 603 1059 8.

530 1070 756 1123 Οωεειιιίιι
803 1069 1138 1134 propositum
1166 1073 1355 1134 contra
1380 1067 1677 1134 haereticos
1714 1066 2128 1134 laudat,_vi,_66.

464 1135 722 1184 Hortatus
740 1128 1084 1182 esteumdem
1104 1130 1303 1180 Ibidem
1328 1132 1391 1179 ad
1413 1132 1747 1178 ulciscendas
1781 1128 2132 1190 repellendas-

465 1196 1052 1261 queinjurias,etmala
1074 1195 1223 1244 illata
1251 1195 1318 1243 ab
1350 1193 1640 1256 hmreticis,
1658 1189 1923 1255 episcopis
1943 1191 2132 1239 catho-

469 1261 610 1310 licis.

530 1329 913 1394 Conqueritur,
938 1327 1084 1392 quod
1105 1327 1380 1392 ejusleges
1393 1335 1581 1377 contra
1593 1323 1876 1375 hereticos
1897 1337 2008 1374 non
2027 1337 2133 1373 ser-

465 1398 675 1450 ventur.
737 1405 812 1450 vi,
845 1394 924 1442 66.

535 1427 1143 1516 ﬁburt'atus’es‘tvreginam
1161 1451 1345 1516 Gallia;
1363 1451 1425 1501 ad
1440 1451 1675 1516 studium
1692 1449 1978 1516 revocandi
1992 1447 2135 1516 schi-

475 1519 745 1577 smaticos,
759 1511 1105 1566 convertendi
1126 1515 1393 1570 infideles,
1412 1515 1644 1563 nefarios
1675 1519 1727 1563 et
1746 1511 2043 1576 ﬂagitiosos
2061 1513 2135 1577 vi:

474 1596 563 1632 ros
609 1575 903 1630 ulciscendi
931 1595 944 1638 ;
976 1585 1033 1626 ut
1049 1591 1272 1639 regnum
1297 1575 1918 1640 ﬂagellumDeieli‘ugiat,
1946 1577 2075 1640 (una
2092 1575 2136 1640 si

472 1644 596 1709 belli
630 1642 896 1709 ﬂagellum
927 1637 1295 1709 declinaverit,
1334 1637 1441 1709 non
1462 1639 1683 1702 elfugiet
1717 1644 1938 1709 pestem.
1964 1637 2136 1709 Bellai

475 1707 635 1762 enim,
669 1700 863 1768 inquit.
898 1704 1136 1768 etgpestis
1153 1704 1221 1752 ob
1242 1708 1459 1768 peccata
1485 1700 1598 1768 non
1621 1700 1812 1764 punita
1838 1715 1868 1768 a_
1898 1700 2008 1768 Deo
2034 1700 2138 1748 im-

475 1764 784 1876 mlittuptur,
808 1779 930 1876 cup:
946 1765 1088 1815 Deus
1105 1764 1440 1816 correctione
1453 1765 1822 1815 sceleratorum
1856 1764 2135 1812 hominum

475 1846 510 1876 n
534 1845 624 1876 ace
655 1844 737 1876 lll'.
769 1843 840 1876 ιι.
940 1864 952 1876 .

516 1833 737 1884 lacetur.
769 1843 840 1884 1x.
875 1832 952 1877 11.

475 1846 718 1962 “3:12:21:
717 1846 999 1962 ceExtio;;.m
1016 1891 1128 1962 ﬁeri
1145 1891 1544 1962 imperatorem,
1561 1890 1706 1962 qund
1723 1887 2050 1962 schismatici
2069 1886 2136 1936 ad

475 1957 741 2005 unitatem
771 1955 893 2003 ﬁdei
927 1957 1121 2016 sponte
1161 1953 1424 2016 venirent,
1457 1967 1530 2009 xi,
1574 1953 1689 2003 ind.
1721 1966 1773 2007 ιι,
1812 1955 1858 2002 9.

539 2013 971 2067 Commendabat
987 2029 1076 2064 eos
1091 2015 1183 2078 qui
1205 2017 1477 2077 praecipue
1503 2016 1792 2063 studebant
1815 2013 2138 2078 utschismay

478 2080 574 2143 tici
607 2079 946 2143 adgremium
960 2075 1213 2143 Ecclesiae
1234 2075 1490 2143 redirent,
1521 2078 1652 2143 illos
1673 2077 1969 2127 adhortans
1999 2077 2063 2125 ad
2085 2075 2136 2124 id

476 2140 1125 2206 enixius'perficiendum.
1159 2140 1618 2203 Quiainquit,hac
1640 2141 1696 2188 in
1730 2143 1971 2206 retento
1993 2152 2137 2206 com-

481 2206 642 2255 moda
669 2201 1038 2255 retributionis
1069 2201 1401 2262 accrescunt,
1435 2208 1637 2267 quanto
1670 2203 1908 2252 studium
1941 2201 2138 2250 laboris

477 2273 723 2330 augetur,
755 2282 805 2326 v,
837 2269 917 2318 47.

539 2339 918 2390 Schismaticos
931 2335 1250 2387 adEcclesias
1267 2337 1529 2398 gremium
1542 2349 1786 2386 reversos
1801 2335 2138 2398 principibus

477 2401 908 2458 commendabat,
947 2405 1006 2450 ut
1036 2401 1339 2462 pertinaces
1358 2401 1518 2462 etiam
1555 2399 1864 2460 hujusmodi
1893 2398 2138 2460 exemplo

477 2466 669 2516 reverti
700 2461 1132 2528 procurarentur.
1167 2476 1236 2517 ix.
1271 2461 1386 2528 ind.
1424 2474 1477 2528 ιι,
1510 2461 1588 2517 94.
1617 2465 1702 2528 95.

541 2522 739 2576 Contra
755 2525 1023 2574 maleﬁcos
1038 2539 1068 2572 a
1099 2530 1327 2586 prmtore
1348 2525 1656 2586 imploravit
1673 2522 1952 2580 auxilium,
1987 2526 2046 2572 ut
2061 2536 2140 2572 se-

478 2591 661 2638 verius
693 2590 750 2637 in
777 2589 893 2637 illos
924 2588 1464 2644 animadverteretur,
1502 2601 1553 2646 v,
1590 2589 1667 2636 3i.

542 2659 850 2708 Modesteet
878 2657 1246 2720 benignecum
1280 2655 1605 2719 imperatore
1645 2660 1699 2706 et
1729 2654 2136 2720 principibusse

487 2721 716 2784 gessitin
731 2718 1110 2784 principio.inj
1121 2726 1266 2784 ustas
1281 2718 1423 2781 leges
1445 2727 1495 2769 et
1513 2726 1700 2769 contra
1724 2718 2136 2784 ecclesiasticam

489 2781 789 2833 libertatem
821 2781 1151 2832 ferentibus:
1183 2783 1257 2831 ita
1287 2788 1462 2831 tamen
1489 2784 1629 2845 quod
1664 2781 1948 2845 nondesiit
1973 2781 2138 2831 libere

493 2846 603 2896 illis
621 2859 716 2895 sua
745 2845 879 2894 mala
911 2843 1557 2907 actaimprobare,etillas
1571 2843 1784 2907 exsequi
1819 2858 1926 2892 non
1949 2845 2139 2906 permi-

494 2909 593 2978 sit,_
618 2908 710 2978 sed
744 2907 1223 2978 utabrogarentur
1256 2907 1588 2978 studuit,_m_,
1622 2907 1737 2978 ind.
1770 2920 1838 2978 xl,
1871 2910 1947 2978 6.5.

561 2970 831 3034 Priusegit
843 2984 962 3018 cum
979 2968 1108 3032 ipsis
1123 2969 1459 3032 principibus
1477 2970 1540 3019 de
1561 2968 2136 3034 iniquisjussionibus:

495 3031 688 3096 deinde
702 3032 980 3082 declaravit
992 3031 1254 3096 episcopis
1267 3031 1488 3096 aliisque
1504 3031 1845 3082 inferioribus
1858 3032 1983 3096 quid
2000 3036 2140 3081 esset

496 3095 762 3158 agendum
800 3109 960 3158 super
995 3095 1113 3158 illis,
1150 3095 1280 3142 ibid.

559 3155 883 3221 Imploravit‘
913 3157 1170 3221 auxilium
1215 3158 1558 3221 magistratus
1595 3171 1692 3220 pro
1724 3156 1963 3219 delegato
1995 3155 2139 3204 sedis

493 3220 824 3283 apostolicis,
857 3220 1158 3282 inquirente
1187 3220 1373 3269 contra
1397 3235 1501 3270 non
1535 3223 1809 3269 servantes
1839 3232 2071 3283 canones
2085 3223 2138 3283 et

493 3280 694 3332 statuta
727 3280 962 3339 Patrum,
987 3283 1254 3345 inquiens,
1287 3283 1429 3345 quod
1459 3288 1606 3345 tanto
1639 3283 1892 3330 libentius
1909 3280 2138 3345 arripuit

491 3346 873 3394 correctionem
889 3344 1166 3393 causarum
1182 3344 1677 3400 ecclesiasticarum.
1700 3349 1899 3406 quanto
1913 3345 1976 3391 de
1993 3344 2135 3392 illius

492 3407 760 3457 saecularis
792 3407 1072 3468 potestatis
1096 3409 1181 3469 pia
1207 3413 1386 3456 mente
1416 3408 1654 3466 confidit,
1687 3405 1754 3462 xi,
1784 3405 1833 3469 7.
1867 3406 1928 3453 Et
1961 3407 2136 3469 utrepi-

491 3483 686 3532 scopus
705 3467 904 3532 nullam
926 3467 1326 3532 excusationem
1351 3470 1570 3532 haberet
1590 3467 2050 3532 animadvertendi
2079 3469 2134 3517 in

489 3537 820 3643 epgstiataissa
853 3531 972 3593 ﬁde,
1005 3531 1352 3596 magistratus
1384 3531 1693 3596 imploravit
1723 3531 2002 3589 auxilium,
2023 3544 2129 3587 vui,

489 3609 547 3643 sn
593 3631 603 3642 .
670 3632 682 3643 .
788 3630 800 3642 .

489 3609 603 3644 sna.
639 3609 682 3644 1.
725 3609 800 3643 ιδ.

553 3632 628 3707 Id
640 3632 884 3720 reginam
899 3656 1304 3706 subtrahentem
1319 3670 1372 3705 se
1386 3655 1451 3705 ab
1467 3655 1774 3706 obedientia
1791 3655 2028 3720 episcopi
2045 3656 2130 3704 sui

495 3719 729 3782 nuntios
752 3719 962 3782 legavit,
993 3733 1059 3777 iv,
1096 3722 1142 3768 4.

544 3781 696 3839 Quod
711 3779 1246 3840 imperatorincausis
1259 3779 1572 3830 clericorum
1588 3794 1695 3830 non
1712 3795 1765 3830 se
1781 3779 2128 3842 immiscebat,

488 3845 762 3908 rescripsit
776 3847 1004 3893 Maximo
1019 3845 1356 3908 Salonitano:
1382 3845 1686 3908 Postquam,
1702 3843 1894 3908 inquit,
1909 3848 1960 3892 et
1973 3842 2130 3908 nobis

490 3911 543 3956 et
555 3905 804 3956 omnibus
817 3913 1002 3956 notum
1017 3911 1096 3956 est
1109 3906 1375 3969 piissimos
1395 3905 1640 3955 dominos
1661 3905 2001 3968 disciplinam
2017 3906 2130 3954 dili-

487 3982 630 4030 gere,
663 3973 716 4016 et
735 3969 953 4018 ordines
983 3983 1214 4025 servare,
1229 3982 1460 4016 canones
1491 3969 1754 4023 venerari.
1778 3975 1829 4017 et
1862 3970 1913 4016 in
1947 3969 2124 4016 causis

487 4029 907 4080 sacerdotalibus
945 4045 1053 4080 non
1097 4032 1421 4088 immiscere;
1464 4031 1726 4080 instanter
1764 4033 2128 4092 exsequimur,

491 4093 1094 4163 quodetillorumjnvat
1116 4095 1364 4163 animam,
1390 4093 1972 4163 atqueirempublicain.
1998 4094 2128 4163 eta_d

486 4153 760 4267 ἱζῗοειιοέὅ
775 4153 1024 4205 terribilis
1049 4154 1422 4218 tremendique
1444 4153 1639 4218 j‘udicis
1652 4153 2130 4219 respectusimpel-

511 4232 524 4266 ι
556 4254 567 4267 .
631 4230 665 4267 ι.
768 4255 779 4266 .

511 4219 567 4273 it,
598 4229 665 4273 γι,
697 4219 779 4268 25.

554 4288 872 4354 Imperatori
894 4289 1142 4354 resistere
1172 4289 1227 4354 in
1250 4289 1313 4338 iis
1343 4304 1461 4354 quas.
1484 4289 2131 4353 contracanonesjudica-

487 4352 717 4414 bat,non
749 4353 1032 4406 dubitavit,
1065 4353 1341 4416 inquiens:
1362 4352 1524 4402 Aliter
1551 4359 1728 4402 autem
1760 4352 2130 4404 nosid'l'acere

487 4429 584 4478 pro
615 4417 999 4478 omnipotentis
1023 4416 1316 4464 Deitimore
1330 4417 1642 4464 omnimodo
1657 4430 1761 4464 non
1779 4417 2133 4466 audemus.Et

486 4477 647 4542 paulo
661 4477 782 4542 post
805 4492 816 4527 :
839 4477 989 4537 Quod
1021 4491 1148 4542 vero
1179 4479 1291 4539 ipse
1313 4478 1915 4542 fecerit.rsicanonicum
1943 4484 2133 4536 est,se-

485 4540 735 4603 quimur:
770 4543 810 4590 si
825 4555 948 4605 vero
961 4541 1278 4589 canonicum
1295 4555 1397 4589 non
1415 4546 1509 4594 est.
1525 4541 1575 4589 in
1593 4545 1850 4601 quantum
1876 4542 1988 4590 sine
2005 4556 2131 4605 pec-

487 4607 604 4652 cato
636 4610 820 4654 nostro
854 4604 1112 4658 valemus,
1151 4609 1442 4665 portamus,
1476 4617 1549 4660 xi,
1583 4606 1660 4653 Π.

547 4675 732 4724 Honor
761 4676 826 4724 ab
851 4674 1174 4734 imperatore
1205 4676 1571 4723 sacerdotibus
1602 4674 1942 4731 deferendas,
1973 4690 2020 4733 v.
2049 4680 2126 4728 40.

549 4737 781 4801 Peccatis
801 4739 913 4801 suis
939 4737 1402 4801 deputabal.quod
1434 4743 1774 4786 contumaces
1805 4740 2040 4801 episcopi
2063 4741 2128 4788 ad

485 4799 768 4849 saeculares
799 4800 1058 4864 haberent
1080 4799 1364 4855 refugium,
1390 4800 1669 4864 inquiens;
1699 4806 1750 4849 et
1779 4802 1820 4848 si
1840 4799 2130 4864 episcopo-

486 4875 678 4924 pnrum
695 4876 867 4911 causa;
883 4861 1012 4910 mihi
1028 4865 1430 4910 commissorum
1445 4861 1585 4924 apud
1604 4863 1870 4924 piissimos
1885 4861 2130 4913 dominos

489 4921 715 4993 aliorum
741 4924 1464 4993 patrociniisAdisponuutur,
1482 4921 1671 4973 infelix
1699 4939 1797 4988 ego
1816 4927 1866 4974 in
1894 4926 2130 4977 Ecclesia

489 4986 592 5034 ista
625 4986 962 5049 quid’facio?
991 5000 1039 5041 v.
1070 4986 1150 5034 2t.

540 5057 689 5116 Quod
706 5073 811 5108 non
826 5058 1164 5107 obstantibus
1178 5057 1518 5118 imperatoris
1534 5059 1834 5118 interpellal
1846 5058 2128 5115 ionibus.si

480 5120 766 5183 episcopus
779 5122 1068 5170 contumax
1092 5135 1201 5170 non
1225 5125 1456 5177 veniret,
1481 5120 1870 5170 districtionem
1897 5126 2127 5173 canoni-

478 5195 594 5232 cam
624 5184 680 5232 in
707 5185 855 5233 illum
888 5197 1138 5234 exercere
1169 5184 1316 5232 nullo
1346 5185 1506 5232 modo
1537 5189 1787 5240 cessaret,
1819 5185 1950 5233 ibid.

541 5245 797 5296 Eumdem
811 5261 986 5296 coram
1005 5262 1058 5296 se
1072 5245 1128 5295 in
1156 5245 1357 5295 honore
1373 5260 1680 5308 comparere
1697 5249 1886 5305 noluit,
1905 5262 2011 5296 non
2028 5249 2128 5298 ob-

477 5309 745 5358 stantibus
775 5311 1111 5370 imperatoris
1156 5309 1525 5369 petitionihus,
1565 5308 1696 5357 ibid.

540 5370 792 5421 Hortatus
817 5372 1194 5420 estexarchum
1216 5371 1353 5428 (Non
1377 5371 1804 5427 Ezarchum,sed
1823 5371 2125 5422 Venrmh'um

473 5433 1272 5497 Patricium),adobediendum
1299 5435 1562 5490 Ecclesiae,
1597 5449 1662 5489 v1.
1701 5438 1778 5484 45.

533 5494 720 5560 Mutua
757 5494 1004 5560 charitas.
1038 5509 1160 5560 qum
1182 5497 1341 5546 debet
1373 5510 1490 5547 esse
1525 5498 1666 5546 inter
1705 5497 2034 5548 sacerdotem
2072 5503 2125 5548 et

473 5558 593 5618 prin
605 5561 797 5616 cipem.
813 5557 942 5608 ibid.

536 5620 788 5690 Hortatus
819 5625 903 5690 est
922 5620 1509 5690 reginam__l'rancorum.
1541 5635 1617 5690 ne
1641 5621 1905 5686 neophyti
1935 5623 2018 5672 vel
2043 5623 2120 5674 si-

470 5681 704 5744 moiniaci
737 5683 790 5732 in
819 5681 1102 5744 episcopos
1132 5681 1476 5744 eligerentur,
1501 5698 1568 5742 ix,
1603 5688 1680 5734 11.

534 5743 784 5812 Episcopi
815 5743 1054 5812 damnati
1069 5743 1349 5812 sententia:
1364 5750 1415 5796 et
1428 5760 1602 5812 causa
1619 5748 1941 5800 revisionem
1963 5749 2028 5800 ad
2045 5750 2120 5800 in-

473 5805 970 5858 stantiam'exarchi
1001 5805 1286 5862 commisit,
1330 5820 1404 5868 ιι,
1433 5808 1540 5859 ind.
1574 5823 1632 5868 ιι,
1671 5815 1742 5861 10.

972 237 1218 300 INDEX
1259 233 1728 299 TITULORUM
1774 235 1875 300 EX
1923 232 2318 297 EPISTOLIS
2365 234 2431 294 S.
2478 231 2851 293 GREGORII
2899 229 3376 292 EXCERPTUS.

3747 60 3906 89 ξιι-

3727 231 3880 292 1420

2286 366 2575 427 Episcopus
2603 364 3025 426 excusavitapud
3041 363 3309 427 principes
3328 363 3394 412 de
3416 363 3470 412 ill
3485 362 3692 427 isapud
3707 365 3880 427 ipsum

2235 426 2652 501 conquerentes.
2671 430 2812 477 unde
2825 442 2934 477 non
2957 426 3109 477 facile
3139 426 3326 476 contra
3348 427 3466 476 illos
3481 426 3639 476 [idem
3653 426 3880 477 adhibe-

2233 493 2342 542 bat.
2375 505 2446 542 ix.
2480 491 2595 542 ιηά.
2631 493 2708 542 ll.
2742 493 2816 541 Η.

2271 491 2446 548 ιιιίιχ,
2480 491 2595 546 ind.
2631 493 2708 550 11,
2742 493 2816 541 ﬂ.

2299 553 2636 617 Principibus
2663 553 2808 602 bona
2822 551 3215 613 agentibussuo
3245 553 3465 617 nomine
3495 551 3697 617 gratias
3728 567 3882 617 agere

2234 615 2575 680 potissimum
2606 629 2768 677 super
2794 629 2926 680 pace
2963 628 3072 665 non
3102 615 3427 680 prasteribat,
3461 615 3534 674 ix,
3563 615 3682 666 iud.
3712 615 3785 673 u.‘
3805 620 3881 666 99.

2297 678 2456 727 Tribu
2467 693 2563 726 nos
2583 682 2636 727 et
2665 677 3006 741 magistratus
3037 677 3278 741 hortatur
3290 679 3353 726 ad
3369 680 3684 741 gravemina
3699 684 3882 728 contra

2237 741 2658 791 Ecclesiasticam
2693 740 2988 791 libertatem
3022 742 3174 792 illata
3204 740 3542 799 vindicanda,
3581 755 3652 798 ix,
3685 741 3796 790 ind.
3828 755 3882 796 ιι,

2301 865 2451 926 Quod
2465 865 2730 932 orandum
2743 870 2823 915 est
2844 880 2938 932 pro
2962 861 3073 932 vita
3092 861 3457 929 imperatoris,
3479 865 3633 930 cujus
3657 865 3767 915 vita
3779 872 3889 914 erat

2241 943 2419 983 causa.
2453 932 2512 976 ut
2534 929 2823 992 orthodoxi
2846 926 2918 976 'ad
2950 926 3186 978 ordines'
3209 926 3656 992 perducerentur.
3705 943 3778 988 xi,
3811 933 3885 980 t6.

2303 992 2498 1052 Regem
2519 991 2694 1039 Galliae
2721 993 2959 1040 hortatus
2981 994 3080 1055 est,
3112 997 3169 1040 ut
3197 997 3616 1055 congregaretur
3631 992 3887 1054 Synodus

2241 1061 2427 1104 contra
2453 1055 2755 1112 simoniam.
2789 1068 2860 1109 ix,
2891 1056 2970 1114 59,
3001 1052 3184 1112 60,6l.
3215 1058 3292 1104 63.

2302 1116 2731 1166 Ostenditeidem
2747 1117 2888 1165 bona
2903 1117 3002 1176 ipsi
3020 1121 3248 1165 ventura
3270 1130 3332 1166 ex
3354 1116 3740 1166 reformatione
3757 1117 3890 1165 abu-

2242 1195 2398 1230 suum
2435 1178 2584 1242 regni
2613 1180 2714 1231 sui.
2747 1185 2800 1228 et
2825 1193 2946 1242 quae
2977 1179 3113 1228 mala
3131 1179 3199 1228 ab
3220 1179 3320 1228 illis
3351 1184 3699 1242 emanarunt,
3732 1182 3886 1236 v.59.

2304 1305 2575 1355 Admonet
2602 1316 2784 1365 regem
2803 1303 3023 1368 Anglia},
3055 1307 3281 1354 utsuum
3297 1305 3604 1368 episcopum
3631 1304 3891 1363 audiat,si

2242 1368 2362 1418 vult
2395 1371 2455 1417 ut
2485 1368 2571 1414 ille
2608 1380 2703 1429 pro
2742 1369 2858 1429 ipso
2886 1365 2916 1414 a
2945 1365 3054 1415 Deo
3088 1365 3355 1423 audiatur,
3380 1381 3450 1429 xi,
3472 1365 3551 1417 66.

2305 1431 2567 1493 Reginam
2598 1427 2779 1493 Galliis
2793 1428 3036 1493 hortatus
3063 1435 3144 1479 est
3171 1431 3236 1478 ad
3266 1427 3616 1493 praebendum
3632 1430 3890 1479 auxilium

2245 1491 2433 1544 contra
2445 1491 2828 1552 impudicitiam
2843 1491 3462 1556 sacerdotum,inquiens
3475 1493 3638 1540 malos
3653 1493 3900 1542 sacerdo-

2245 1562 2325 1606 tes
2355 1557 2566 1605 ruinam
2598 1567 2714 1602 esse
2747 1554 3092 1616 populorum,
3114 1568 3184 1614 ix,
3224 1554 3340 1604 ind.
3372 1569 3422 1610 ll,
3461 1555 3575 1612 409;
3607 1569 3680 1612 xi,
3713 1559 3791 1604 69.

2307 1617 2616 1668 Sententiae
2659 1617 2948 1666 nonnullas
2979 1631 3118 1680 quas
3141 1619 3277 1671 tulit.
3313 1631 3420 1666 non
3453 1617 3602 1679 prius
3635 1618 3894 1680 publicari

2245 1695 2406 1744 quam
2421 1681 2730 1744 imperatori
2746 1693 2838 1742 per
2849 1679 3211 1744 respOnsalem
3235 1679 3605 1742 significasset.
3620 1679 3895 1742 permitte.

2245 1741 2355 1803 bat,
2385 1758 2450 1792 ne
2483 1741 2537 1788 in
2566 1741 2872 1804 despectum
2896 1741 3246 1804 illiusaliquid
3260 1741 3417 1804 agere
3444 1741 3719 1791 videretur
3744 1756 3890 1791 :cum

2247 1802 2744 1914 ejustpraadec‘ess'or
2763 1802 2816 1853 id
2850 1808 3038 1854 contra
3058 1802 3204 1868 quOd
3217 1802 3538 1854 sententiam
3561 1806 3686 1854 tulit
3697 1805 3899 1868 permi-

2247 1883 2346 1914 seri
2377 1905 2390 1914 .
2445 1880 2554 1914 xiv.
2623 1905 2634 1914 .

2245 1869 2390 1925 serit,
2445 1880 2554 1923 xiv,
2588 1869 2634 1916 ‘l.

2259 1995 2271 2006 ο
2310 1931 2379 2041 3t
2410 1931 2659 2041 pri‘n‘ceps
2694 1928 2760 1978 ad
2807 1927 2924 1992 ejus
2955 1928 3215 1992 judicium
3248 1930 3474 1988 veniret,
3509 1928 3890 1992 rescripsit,tx,

2259 2009 2304 2041 ιη
2351 2033 2362 2041 .
2394 2007 2448 2041 ιι.
2544 2029 2555 2040 .
2780 2019 2784 2023 '

2248 2007 2362 2044 una.
2394 2007 2448 2044 ll.
2481 2007 2555 2041 Η.
2780 2019 2784 2023 ·

2247 2028 2578 2169 ἔξξιὶίιῦιιῖίίι
2607 2053 2901 2166 ίιιὲρειιτιῑοι-
2925 2070 2987 2105 eo
3007 2055 3150 2120 quod
3176 2057 3422 2106 servabat
3445 2057 3705 2106 unitatem
3721 2067 3896 2104 sacer-

2285 2134 2316 2169 ο
2344 2134 2374 2167 a
2397 2132 2499 2169 em.
2531 2131 2626 2169 vu.
2691 2155 2702 2166 .

2285 2123 2499 2174 otaiem,
2531 2131 2626 2174 vu,
2657 2123 2702 2166 6.

2308 2181 2536 2245 Signum
2567 2180 2708 2245 quod
2727 2181 2889 2245 Deum
2922 2179 3147 2241 diligant
3169 2181 3454 2245 principes.
3483 2195 3549 2230 eo
3563 2181 3706 2244 quod
3724 2194 3895 2228 sacer-

2247 2243 2398 2294 dotes
2410 2243 2669 2308 et_tlhristi
2685 2243 2914 2292 famulos
2927 2245 3173 2308 diligunt,
3198 2243 3512 2308 honoreque
3537 2243 3804 2304 afﬁciunt,
3827 2257 3895 2296 ix.

2309 2369 2588 2431 Rationem
2605 2366 2719 2429 ejus
2733 2368 2807 2416 rei
2825 2368 3130 2431 imperatori
3150 2368 3373 2418 reddere
3396 2382 3504 2418 non
3528 2367 3894 2431 pigebat,qnae

2247 2431 2324 2481 illi
2341 2430 2751 2481 admirationem
2775 2430 2963 2480 aii'erre
2985 2436 3220 2493 poterat:
3240 2432 3380 2480 unde
3403 2432 3688 2480 certiorem
3721 2430 3896 2492 ipsum

2247 2496 2386 2553 fecit,
2403 2493 2714 2554 curlegatos
2729 2495 2848 2542 novi
2865 2494 3184 2556 patriarchae
3213 2495 3354 2557 apud
3378 2509 3433 2544 se
3461 2508 3664 2544 moram
3680 2498 3896 2542 trahere

2248 2572 2445 2622 passus
2470 2570 2588 2622 non
2615 2561 2712 2612 est,
2745 2570 2835 2622 vn,
2873 2561 2919 2606 6.

2307 2620 2475 2668 Jussit
2499 2619 2765 2668 defensori
2789 2619 3096 2667 mandatum
3119 2619 3348 2682 vocandi
3371 2620 3654 2682 episcopos
3676 2619 3903 2682 provin-

2247 2683 2344 2732 cia
2361 2684 2424 2732 ad
2442 2682 2624 2730 limina
2638 2683 3002 2742 apostolorum
3025 2681 3241 2744 prmtori
3259 2683 3547 2744 provincias
3562 2681 3904 2743 ’signiﬁgare.

2249 2747 2314 2794 ad
2332 2744 2708 2794 removendam
2723 2757 2936 2793 omnem
2952 2743 3406 2807 suspicionem,ne
3420 2745 3632 2794 illorum
3645 2743 3906 2792 disCessus

2250 2809 2622 2870 impediretur,
2649 2819 2747 2870 vn.
2778 2810 2854 2856 22.

2313 2869 2603 2920 Certiorem
2640 2869 2766 2917 fecit
2789 2870 3028 2929 reginam
3063 2869 3244 2919 Gallias
3277 2869 3342 2918 de
3373 2870 3716 2919 relormatore
3739 2873 3904 2916 trans-

2248 2932 2510 2982 mittendo
2533 2946 2580 2995 :Aq
2591 2930 2695 2980 uod
2710 2931 2751 2979 si
2768 2935 2814 2982 ei
2829 2933 3253 2995 placueritquam
3262 2934 3488 2993 primum
3504 2933 3905 2984 transmitteret.

2249 3002 2308 3044 ut
2348 3010 2468 3044 cum
2507 2993 2785 3055 aliisregni
2821 2993 3054 3058 prmlatis
3077 2993 3347 3045 subtiliter
3394 2996 3594 3044 abusus
3614 2999 3827 3058 quaerat
3855 2997 3904 3041 et

2249 3059 2514 3118 emendet,
2552 3071 2615 3107 ιι.
2644 3061 2723 3106 69.

2309 3116 2842 3182 Είάεωέὶειιὶθειινὶι
2882 3133 2938 3168 se
2973 3120 3108 3168 velle
3151 3120 3325 3182 legare
3367 3119 3620 3182 aliquem,
3670 3123 3733 3168 ut
3772 3116 3910 3167 sedis

2249 3183 2554 3245 apostolica)
2571 3183 2786 3232 nomine
2802 3188 3021 3243 peracta
3053 3183 3278 3246 synodo,
3299 3187 3606 3246 perpetrata
3618 3187 3812 3232 contra
3828 3195 3905 3230 ca~

2248 3260 2418 3293 nones
2449 3246 2698 3306 corrigat,
2735 3258 2850 3295 xm.
2883 3247 2928 3304 6,

2310 3305 2687 3356 l’rasdicato’res
2718 3306 2912 3356 missos
2941 3307 3007 3356 ad
3039 3308 3454 3358 conversionem
3486 3305 3796 3356 inﬁdelium
3832 3307 3906 3354 eis

2246 3369 2677 3428 commendabat,
2716 3384 2785 3425 iv,
2810 3372 2886 3423 23.
2909 3369 2988 3420 21.

2306 3433 2501 3482 Gratiae
2516 3435 2736 3493 agenda
2759 3439 2886 3481 sunt
2909 3432 3246 3496 principibus
3260 3434 3328 3484 ob
3342 3434 3638 3496 prestitam
3664 3431 3901 3481 Charila-

2243 3499 2347 3545 tem
2383 3496 2572 3557 legatis
2602 3496 2746 3544 sedis
2777 3497 3104 3556 apostolicae.
3135 3511 3213 3553 xx.
3248 3501 3306 3554 2;
3340 3511 3411 3554 xi,
3441 3500 3519 3550 6l.
3551 3499 3632 3544 62.

2300 3559 2387 3665 ἑά
2421 3557 2652 3665 natalem
2687 3559 2857 3607 sancti
2889 3560 3026 3607 Petri
3049 3560 3187 3608 diem
3222 3561 3490 3622 principes
3517 3556 3808 3612 invitabat.
3834 3570 3900 3608 ix.

2341 3656 2352 3665 .
2385 3634 2438 3665 ll.
2497 3655 2508 3665 .

2240 3621 2352 3668 ind.
2385 3634 2438 3676 ιι,
2462 3625 2508 3669 9.

2302 3683 2546 3731 Honores
2578 3681 2703 3746 viris
2729 3683 2913 3746 probis
2945 3683 3175 3732 conferri
3219 3683 3285 3733 ab
3318 3683 3643 3746 imperatore
3676 3680 3903 3733 curavit.

2240 3748 2384 3806 unde
2399 3745 2793 3794 commendavit
2807 3747 3099 3808 responsali
3117 3761 3237 3795 eum
3251 3746 3342 3809 qui
3361 3761 3468 3794 non
3485 3745 3900 3794 habebattotam

2241 3810 2523 3870 pecuniam
2541 3809 2891 3856 necessariam
2910 3812 3233 3868 proemenda
3245 3813 3427 3857 charta
3440 3809 3904 3870 exconsulatus,u_t

2240 3867 2386 3918 illum
2409 3884 2574 3935 opera
2603 3874 2657 3918 et
2687 3873 2865 3935 aliqua
2880 3867 3105 3935 pecunia
3137 3872 3356 3935 juvaret
3380 3874 3482 3920 :ita
3511 3877 3696 3918 tamen
3713 3869 3759 3917 si
3791 3867 3900 3916 ﬁeri

2240 3939 2465 3995 poterat,
2479 3933 2680 3994 absque
2694 3933 3024 3988 difﬁcultate,
3042 3940 3100 3982 ut
3119 3933 3258 3997 apud
3284 3934 3661 3997 imperatorem
3679 3946 3780 3980 suo
3803 3946 3901 3997 uo-

2240 3994 2382 4044 mine
2414 4009 2520 4044 nou
2555 4001 2815 4049 uteretur.
2847 4009 2970 4045 cum
3001 3998 3103 4046 tais
3151 3994 3294 4048 esset
3321 3997 3420 4054 vir,
3455 3994 3539 4045 cui
3569 3996 3753 4044 honor
3782 3995 3893 4042 sine

2239 4055 2413 4120 pretio
2456 4057 2757 4113 deberetur,
2791 4073 2844 4115 ιι,
2877 4061 2956 4108 53.

2303 4122 2568 4182 Principes
2592 4121 2834 4169 hortatus
2861 4127 2956 4178 est.
2981 4125 3040 4170 ut
3073 4134 3343 4170 annonam
3367 4121 3467 4182 piis
3499 4118 3890 4182 locisdebitam

2240 4180 2522 4247 restituere
2537 4196 2643 4247 non
2661 4190 2994 4247 morarentur
3016 4198 3029 4232 :
3052 4185 3175 4246 quia
3187 4180 3449 4247 quidquid
3478 4180 3745 4247 tribuitur
3767 4195 3891 4244 pau-

2242 4247 2375 4307 peri,
2407 4244 2450 4292 si
2482 4243 3104 4295 subtiliconsideratione
3123 4243 3394 4308 pensetur,
3427 4258 3535 4294 non
3560 4248 3640 4293 est
3667 4243 3891 4308 donum.

2241 4306 2331 4356 sed
2364 4312 2606 4372 mutuum
2633 4321 2643 4354 :
2669 4309 2795 4370 quia
2824 4308 2969 4372 quod
2999 4306 3545 4372 datu—r.multiplicato
3576 4308 3697 4356 sine
3730 4306 3891 4355 dubio

2239 4373 2414 4420 fructu
2447 4371 2722 4432 recipitur,
2751 4385 2804 4429 x,
2837 4374 2915 4422 2i.

2301 4431 2574 4496 Laudatur
2595 4435 2956 4495 amor-reginae
2977 4432 3272 4482 Galliarum
3296 4447 3424 4496 erga
3443 4433 3531 4496 pia
3557 4431 3694 4496 loca.
3727 4442 3833 4484 xm.
3847 4432 3891 4478 6.

2302 4495 2689 4544 Commendare
2702 4509 2756 4544 se
2772 4497 2910 4545 nolle
2924 4498 2996 4544 ait
3011 4497 3296 4545 Ecclesium
3310 4495 3600 4545 beati’Petri
3616 4497 3892 4554 Augustae.

2239 4571 2376 4621 cum,
2397 4560 2556 4607 Deum
2596 4558 2780 4620 diligat
2805 4560 2959 4619 :quia
2973 4565 3173 4620 quanto
3188 4559 3307 4621 plus
3329 4559 3497 4607 Deum
3529 4557 3723 4620 diligit,
3748 4561 3891 4604 tanto

2239 4620 2470 4681 amplius
2503 4622 2698 4668 dictam
2734 4621 3017 4670 Ecclesium
3052 4620 3214 4677 amat.
3251 4635 3352 4675 xm,
3376 4623 3453 4670 39.

2302 4684 2496 4732 Petilio
2529 4682 2812 4731 Christiani
2845 4685 2985 4745 regis
3014 4697 3122 4733 non
3160 4683 3502 4744 negligenda,
3531 4696 3584 4741 v,
3613 4684 3697 4730 55.

2300 4746 2425 4810 Ejus
2458 4748 2704 4805 precibus
2734 4745 2788 4793 in
2817 4743 3014 4810 iisquae
3042 4747 3106 4794 ad
3126 4747 3436 4809 religionem
3451 4743 3883 4808 spectantzsatis-

2239 4808 2563 4864 faciendum,
2607 4822 2679 4856 γι.
2715 4812 2792 4857 50.

2302 4871 2552 4930 Legatum
2568 4873 2632 4919 ad
2649 4870 3060 4932 postulationem
3082 4871 3223 4934 regis
3236 4871 3287 4919 in
3303 4884 3401 4920 suo
3414 4882 3584 4931 regno
3597 4869 3874 4925 concessit,

2239 4946 2291 4990 v,
2325 4937 2403 4982 55.

2301 4994 2751 5058 Signiﬁcavitregi
2777 4995 3223 5058 mandatalegati,
3245 4995 3471 5058 ejusque
3495 4993 3749 5044 auxilium
3783 4992 3876 5040 im-

2237 5057 2494 5122 ploravit,
2529 5061 2589 5107 ut
2610 5072 2672 5106 ea
2703 5057 3107 5120 perﬁcerentur.
3143 5057 3287 5110 ibid;
3382 5057 3401 5122 ί
3800 5115 3844 5122 η

2299 5121 2448 5178 Quod
2474 5117 2579 5169 non
2597 5117 2908 5169 conceditur
2921 5121 3219 5184 principum
3243 5121 3508 5184 precibus,
3553 5133 3662 5169 non
3677 5124 3754 5169 est
3767 5117 3870 5165 aliis

2237 5185 2678 5245 permittendum.
2706 5198 2778 5243 ιχ,
2814 5187 2888 5232 11.

2236 5309 2270 5356 ι.
2297 5245 2514 5356 ngddia
2528 5247 2707 5309 aliquo
2737 5245 2953 5309 arigore
2975 5245 3424 5296 estrecedendum
3440 5245 3742 5309 principum
3756 5254 3868 5306 gra-

2262 5322 2326 5356 la.
2359 5324 2373 5355 ι
2419 5323 2433 5354 ι
2479 5345 2490 5355 .

2262 5322 2326 5362 18,
2359 5322 2490 5356 ιοια.

2233 5432 2262 5481 d
2295 5369 2630 5480 Princbipi’bus
2654 5375 2736 5420 est
2755 5371 3131 5434 denegandum
3163 5371 3308 5435 quod
3331 5383 3438 5421 non
3476 5375 3559 5421 est
3589 5368 3866 5421 conceden-

2247 5448 2380 5481 ‘um.
2417 5448 2432 5480 ι
2477 5448 2549 5481 ιι.

2247 5448 2380 5483 lum.
2417 5448 2549 5484 ιοιιι.

2295 5498 2549 5557 Dispensa
2560 5511 2612 5545 re
2628 5511 2746 5560 cum
2763 5496 2972 5560 bigamo
2987 5497 3050 5546 ad
3066 5510 3247 5546 sacros
3263 5495 3484 5546 ordines
3497 5497 3696 5557 reginae
3710 5495 3869 5544 Fran-

2231 5572 2417 5622 corum,
2437 5559 2740 5622 denegavit,
2755 5559 3032 5622 inquiens:
3054 5562 3206 5610 Absit
3219 5562 3362 5608 enim
3389 5574 3460 5608 ne
3474 5561 3668 5608 vestris
3681 5566 3874 5622 tempe:

2229 5622 2394 5678 ribus,
2410 5621 2460 5669 in
2478 5615 2673 5686 quibus
2691 5628 2794 5670 tam
2820 5615 2988 5671 multa
3017 5623 3102 5684 pia
3119 5637 3180 5671 ac
3203 5624 3456 5678 religiosa
3478 5623 3660 5684 agitis,
3686 5615 3873 5686 aliquid

2227 5691 2415 5734 contra
2432 5681 2864 5734 Ecclesiasticum
2885 5681 3187 5735 institutum
3206 5686 3320 5734 ﬂeri
3353 5681 3694 5745 permittatis,
3708 5694 3816 5737 xm.
3832 5681 3861 5728 6

2286 5747 2405 5796 Non
2437 5747 2776 5810 permittebat
2803 5747 2904 5796 illis
2926 5748 3212 5810 smculares
3241 5747 3488 5797 subditos
3516 5749 3819 5810 angariare,
3840 5754 3876 5796 ι.

2224 5811 2303 5863 49.
2338 5811 2402 5862 Et
2429 5808 2972 5870 i'dem,61,Gennadio
2984 5809 3212 5875 patricio
3243 5815 3296 5862 et
3329 5811 3564 5861 exarcho
3589 5808 3882 5862 Africain-
