4100 6164
237 267 363 327 1421

231 399 334 462 quit
355 412 364 468 ς
388 399 655 468 ltaigitur,
681 400 1172 468 qureso,aspirante
1195 402 1556 468 Dominohaec
1578 403 1757 468 omnia
1780 402 1856 451 in-

228 463 604 525 terminationis
633 469 827 510 nostra.»
868 465 1221 524 praceptione
1253 464 1519 525 corrigite,
1565 472 1620 513 ut
1657 467 1701 513 si
1745 480 1853 514 non

237 523 550 574 rectitudinis
590 525 1064 585 contemplatione,
1105 527 1291 574 saltem
1332 523 1622 576 formidine
1665 533 1861 577 nostra

236 587 488 651 jussiouis,
521 601 551 635 τι
580 583 774 651 talibus
804 583 858 636 se
899 588 1164 650 gloriosus
1198 589 1525 648 Theodorus,
1574 590 1655 639 vel
1685 590 1862 639 homi-

239 649 325 700 nes
356 650 463 713 ejus
493 649 818 713 abstineant.

294 712 544 774 Pauper-es
586 712 933 778 saecularibus
976 712 1310 778 principibus
1357 715 1784 778 commendabat,
1825 729 1857 769 ι.

235 778 306 837 48,
334 787 587 838 asserens,
615 779 672 822 ut
700 774 1070 838 salvajustitia
1101 777 1202 838 piis
1230 790 1285 825 se
1316 779 1488 826 causis
1516 779 1745 828 libenter
1771 774 1860 826 ac-

237 837 580 903 commodent,
611 841 665 903 et
682 837 939 901 quidquid
963 838 1044 886 his
1063 837 1202 902 juris
1231 838 1368 888 ratio
1395 839 1600 902 tribuit,
1628 841 1860 903 benigne

237 901 439 960 iubeant
463 899 747 948 custodire.

292 964 349 1012 Et
387 963 828 1026 76praasentium
877 975 1090 1026 quoque
1133 964 1374 1020 latorem.
1415 967 1537 1022 etc.,
1578 969 1636 1014 ut
1666 965 1718 1013 in
1757 964 1858 1022 his,

235 1039 346 1090 quin
377 1024 828 1091 sibiunecessaria,
859 1024 1283 1091 justitiatamen
1321 1034 1601 1090 praesente,
1633 1042 1860 1091 sugges-

238 1086 372 1144 serit,
400 1086 687 1135 sollicitum
726 1089 772 1136 ei
808 1088 1130 1147 impendatis
1160 1086 1425 1140 eli‘ectum.

294 1151 608 1215 Hortabatur
639 1156 696 1198 ut
716 1164 883 1215 onera
905 1155 956 1198 et
987 1149 1346 1200 intolerabilia
1369 1153 1672 1212 gravamina
1694 1167 1861 1215 popu-

233 1215 392 1264 lorum
442 1212 712 1276 tollerent,
762 1211 1082 1276 illorumque
1127 1211 1450 1264 calamitates
1503 1211 1858 1272 sublevarent.

234 1291 346 1350 cum
384 1277 548 1338 magis
588 1275 810 1350 juvetur
847 1275 1062 1338 respub.
1103 1289 1376 1350 expauco
1420 1277 1567 1350 quod
1597 1279 1864 1350 colligitur

223 1341 377 1404 juste,
400 1350 556 1400 quam
582 1352 642 1386 ex
675 1340 839 1404 multo
869 1351 990 1387 cum
1021 1343 1258 1404 peccato,
1281 1353 1401 1404 cum
1434 1340 1483 1388 id
1507 1343 1575 1404 sit
1595 1340 1775 1404 causa,
1806 1343 1866 1390 ut

230 1400 303 1472 tot
323 1414 522 1472 magna;
544 1413 789 1472 expensas
822 1400 874 1472 in
900 1402 1062 1472 tan-tis
1078 1401 1464 1472 calamitatibus
1482 1403 1616 1472 nihil
1635 1401 1864 1472 prosint.

228 1463 444 1526 Illustris
472 1463 695 1526 epistola
722 1465 904 1511 contra
926 1463 1052 1511 istos
1067 1465 1332 1526 principes
1359 1465 1570 1515 acerbos
1597 1463 1866 1516 eiectare:

231 1529 288 1576 ile
315 1525 581 1588 Sardinia,
612 1525 814 1574 Corsica
835 1528 883 1574 et
915 1525 1123 1588 Sicilia,
1149 1540 1196 1585 v,
1228 1529 1306 1576 41.

287 1593 408 1648 Quae
456 1587 798 1651 colliguntur,
851 1589 964 1637 sine
1011 1587 1224 1651 peccato
1270 1603 1387 1639 esse
1430 1590 1678 1650 debent;
1721 1589 1864 1640 unde

232 1655 408 1704 eadem
439 1652 592 1716 epist.
626 1652 794 1716 dixit;
833 1652 1034 1716 Idcirco
1073 1652 1301 1716 fortasse
1331 1657 1494 1703 tantae
1526 1667 1775 1716 expensa
1809 1652 1864 1702 in

233 1717 328 1765 hac
347 1720 484 1779 terra
512 1714 698 1779 minus
718 1714 785 1779 ad
817 1713 1096 1779 utilitatem
1123 1714 1428 1777 proficiunt,
1449 1717 1574 1779 quia
1595 1713 1714 1765 cum
1739 1730 1866 1779 pec-

230 1779 327 1828 cati
362 1776 533 1838 aliqua
560 1775 886 1840 admixtione
915 1775 1251 1840 colliguntur.

290 1837 687 1902 Commendavit
725 1837 1025 1899 provincias
1043 1837 1410 1902 principibus,
1441 1845 1503 1890 ut
1537 1841 1601 1890 ad
1635 1841 1751 1890 illas
1781 1855 1865 1890 re-

229 1903 430 1966 gendas
460 1899 604 1966 viros
649 1902 844 1966 probos
883 1899 1308 1966 mitterent,rn'ec
1350 1908 1661 1966 paterentur
1691 1905 1809 1952 illos
1839 1917 1870 1952 a

230 1963 499 2029 quoquam
536 1964 588 2011 in
631 1963 735 2029 ullo
780 1969 980 2029 contra
1029 1964 1294 2025 justitiam
1335 1963 1676 2029 praegravuri.
1718 1967 1869 2016 Unde

226 2026 616 2091 commendavit
649 2027 882 2075 insulam
917 2029 1158 2091 Corsicm,
1204 2033 1262 2075 ut
1299 2026 1734 2086 gubernatorem,
1778 2029 1869 2091 qui

230 2092 361 2141 bene
390 2090 525 2137 illam
565 2093 830 2153 tractaret,
872 2089 938 2138 ad
969 2103 1082 2139 eam
1117 2091 1431 2146 destinaret,
1455 2096 1510 2139 et
1540 2089 1868 2153 praeteritum

232 2154 635 2218 gubernatorem
659 2151 930 2218 laudavit:
959 2159 1012 2200 et
1035 2154 1309 2214 probabat,
1335 2152 1376 2201 si
1400 2151 1591 2203 iterum
1616 2155 1682 2203 ad
1723 2167 1868 2202 eam-

236 2214 351 2266 dem
390 2214 616 2262 insulam
650 2214 936 2272 regendam
970 2218 1286 2276 mitteretur,
1308 2229 1400 2274 vn,
1423 2219 1470 2266 3.

288 2278 411 2341 Regi
449 2277 770 2341 Francorum
815 2277 1102 2340 rescripsit,
1152 2285 1211 2327 ut
1254 2284 1481 2334 curaret,
1519 2282 1577 2327 ut
1613 2278 1873 2337 spoliatus

228 2343 541 2452 (_zpliiscopqq,6
566 2340 677 2388 suis
721 2340 867 2390 bonis
908 2344 968 2392 et,
998 2342 1329 2404 episcopatui
1368 2343 1757 2399 restitueretur,
1797 2354 1873 2402 ix,

228 2419 280 2452 ιη
325 2443 335 2452 .
365 2417 418 2452 ιι.
547 2439 557 2449 .

225 2407 335 2453 ind.
365 2417 418 2458 ιι,
455 2407 557 2452 tlﬁ.

289 2465 549 2530 l’refectis
578 2462 916 2530 signiﬁcabat
945 2470 1206 2530 quantum
1237 2467 1291 2516 in
1319 2481 1374 2517 se
1401 2470 1558 2523 esset,
1582 2481 1638 2515 se
1659 2465 1873 2516 afﬂictis

228 2527 765 2591 intercessionis’suie
796 2527 1039 2577 solatium
1078 2543 1185 2577 non
1219 2542 1434 2591 negare,
1464 2544 1514 2583 ιι.
1549 2533 1627 2577 3Ἶ.

289 2593 422 2642 Deus
447 2588 618 2638 bonos
649 2591 1058 2654 ad‘populorum
1100 2588 1361 2654 regimina
1399 2591 1656 2654 perducit,
1688 2594 1751 2640 ut
1781 2605 1874 2654 per

224 2668 316 2704 eos
344 2654 608 2713 omnibus,
642 2651 840 2715 quibus
874 2654 1080 2716 praelati
1111 2651 1327 2716 fuerint,
1353 2651 1498 2704 dona
1527 2668 1637 2703 sum
1659 2651 1874 2717 pietatis

228 2717 521 2774 impendat,
556 2729 636 2774 xi,
671 2719 747 2766 66.

326 2777 688 2849 elicespopuli
719 2777 804 2848 ob_
819 2779 1058 2849 regimen
1081 2779 1208 2828 boni
1240 2777 1551 2849 regis,_xm._
1578 2782 1624 2829 6.

283 2839 614 2891 Calamitates
659 2839 1056 2902 provinciarum
1096 2839 1505 2892 commendabat
1533 2841 1872 2898 Imperatori,

224 2904 534 2970 praesertim
570 2903 750 2970 Italiae,
776 2918 806 2953 a
834 2903 1203 2966 Longobardis
1223 2906 1470 2970 inflictas,
1499 2920 1606 2963 xm,
1637 2906 1714 2954 38.

283 2967 538 3078 imitatus
584 2970 687 3079 esst9
720 2968 1017 3030 Augustam
1069 2969 1136 3016 ad
1195 2968 1521 3017 sublevanda
1566 2967 1875 3031 gravamina

287 3045 373 3079 mu
419 3066 450 3079 ..
488 3043 593 3079 xm.
693 3065 705 3078 .

221 3043 450 3091 reipun.,
488 3043 601 3091 xm,
627 3043 705 3079 δυ.

285 3090 566 3141 Patricium
593 3090 836 3141 hortatus
859 3097 956 3149 est,
983 3095 1041 3141 ut
1066 3092 1208 3154 apud
1227 3106 1383 3142 suum
1404 3106 1602 3155 regem,
1622 3091 1678 3141 in
1698 3093 1874 3142 causis

217 3168 520 3219 pauperum
549 3168 678 3219 suus
713 3155 927 3219 animus
961 3160 1255 3219 cresceret:
1288 3170 1409 3205 cum
1437 3155 1696 3219 nobilium
1729 3168 1876 3219 men-

216 3217 355 3268 tium
380 3217 953 3282 semiplenum‘bonum
977 3217 1238 3273 videatur,
1262 3219 1404 3282 quod
1421 3220 1537 3268 sine
1576 3217 1876 3280 adjectione

212 3281 558 3342 relinquitur,
589 3294 659 3337 xi,
693 3280 767 3328 14.

281 3341 526 3394 Nutrices
556 3342 786 3391 ﬁliorum
815 3342 1117 3405 principum
1152 3341 1480 3402 hortabatur,
1515 3347 1574 3391 ut
1602 3343 1728 3392 talia
1750 3347 1880 3394 tunc

218 3406 301 3456 eis
337 3409 646 3468 suggerant,
680 3418 799 3468 qum
839 3407 1175 3468 postmodum
1212 3407 1500 3455 ostendant
1541 3420 1700 3467 quam
1742 3407 1882 3457 bona

219 3469 442 3523 fuerint,
478 3482 598 3530 quae
629 3468 1010 3530 agnutritorum
1042 3483 1258 3518 suorum
1293 3483 1382 3518 ore
1430 3473 1710 3518 auxerunt.
1747 3469 1878 3520 Nam

219 3531 388 3581 verba
415 3528 785 3587 nutrientium,
807 3531 989 3580 autlac
1012 3537 1186 3592 erunt,
1212 3533 1255 3580 si
1277 3531 1419 3580 bona
1441 3537 1592 3592 sunt;
1615 3535 1706 3580 aut
1725 3546 1881 3582 vene-

225 3609 380 3654 num,
412 3593 459 3640 si
500 3594 655 3656 mala,
689 3607 781 3656 vn,
813 3596 892 3642 26.

286 3655 550 3707 Laudavit
596 3669 687 3718 eos
717 3653 806 3717 qui
847 3670 1002 3704 suum
1044 3655 1280 3705 ofﬁcium
1312 3653 1522 3718 egregie
1553 3656 1883 3717 prmetahnnt

219 3719 369 3784 apud
393 3733 518 3784 suos
544 3716 810 3784 principes
840 3733 936 3779 pro
959 3720 1060 3768 ﬁde
1091 3716 1371 3784 catholica,
1396 3716 1462 3784 ιιι,
1491 3716 1602 3767 im].
1626 3733 1676 3777 ιι,
1712 3723 1816 3784 l2l.

286 3783 568 3832 Patriciam
616 3780 862 3829 hortatus
913 3785 995 3830 est
1041 3783 1104 3830 ad
1158 3782 1444 3844 cogitanda
1494 3796 1557 3830 ea
1603 3795 1723 3843 qua:
1766 3783 1883 3843 plus

219 3844 422 3894 anima!
444 3850 746 3905 suntquam
773 3846 1029 3904 corporis.
1054 3849 1106 3893 et
1126 3845 1462 3892 tremendum
1498 3844 1585 3892 Dei
1602 3844 1880 3905 judicium,

232 3914 289 3958 et
319 3907 463 3970 quod
497 3907 834 3970 omniasth
865 3906 1188 3970 transitOria,
1221 3921 1335 3970 xui,
1366 3908 1443 3954 32.

292 3967 597 4019 consiliarii
624 3967 856 4017 olﬁcium
881 3968 1147 4021 describit.
1174 3983 1206 4024 ι,
1223 3969 1301 4017 34.
1323 3967 1575 4030 lnquiens
1596 3968 1738 4025 quod
1762 3982 1883 4017 cum

224 4033 417 4080 amicis
456 4031 638 4080 omnia
670 4031 947 4080 tractanda
977 4037 1116 4088 sunt,
1151 4033 1245 4078 sed
1290 4035 1436 4093 prius
1467 4031 1530 4079 de
1563 4032 1727 4093 ipsis;
1763 4037 1816 4081 et
1850 4032 1883 4080 ii

222 4093 524 4144 adhibendi
557 4098 701 4152 sunt,
732 4094 821 4156 qui
854 4107 962 4141 non
987 4099 1094 4149 tua,
1121 4093 1211 4156 sed
1236 4099 1285 4142 te
1310 4093 1558 4154 diligunt.

285 4159 353 4206 Et
391 4171 444 4220 ιι,
480 4158 557 4215 36,
599 4157 689 4220 qui
731 4155 986 4220 assistunt
1021 4155 1375 4220 principibus,
1413 4161 1467 4220 et
1501 4157 1720 4204 sinceris
1759 4170 1886 4220 erga

221 4221 321 4270 eos
378 4219 759 4268 dilectionibus
794 4219 1219 4281 obstringuntur,
1253 4219 1342 4267 illa
1370 4218 1499 4280 ipsis
1530 4219 1754 4267 suadere
1789 4218 1886 4268 de-

216 4286 578 4346 bent,_atque
609 4295 892 4344 suggerere
923 4280 1042 4346 quae
1063 4282 1293 4330 animum
1317 4282 1536 4341 salvent,
1566 4286 1616 4329 et
1641 4280 1885 4343 Opinioni

221 4358 343 4395 non
381 4343 662 4406 derogent.

283 4408 460 4456 Jussit
481 4404 812 4469 principibus
837 4411 894 4455 ut
920 4405 1253 4456 consiliarios
1280 4404 1645 4455 schismalicos
1677 4405 1743 4454 ad
1771 4406 1887 4454 uni-

216 4475 400 4520 tatem
433 4468 611 4518 redire
644 4470 901 4524 facerent,
925 4483 1000 4518 ix.
1020 4471 1127 4518 ind.
1152 4483 1205 4527 ιι,
1222 4471 1270 4518 9.

289 4533 386 4581 Ait
405 4533 548 4595 quod
587 4545 695 4581 non
731 4536 810 4595 est
840 4533 1032 4595 mirum
1063 4533 1106 4580 si
1136 4531 1207 4580 ibi
1241 4529 1618 4595 hereticinon
1663 4535 1890 4594 possunt

212 4592 448 4648 adduci,
487 4608 604 4643 cum
640 4593 931 4644 consiliarii
968 4595 1076 4644 sint
1104 4592 1446 4649 schismatici,
1478 4592 1607 4643 ibid.

284 4657 449 4716 Quod
475 4659 760 4706 multorum
783 4656 1021 4706 solamen
1047 4661 1142 4717 est,
1168 4662 1226 4705 ut
1244 4656 1539 4718 prudentes
1557 4653 1655 4703 viri
1675 4655 1889 4716 regibus

213 4720 564 4770 adhaereant.
597 4720 727 4770 Nam
757 4719 883 4768 dum
924 4720 1214 4781 prmstandi
1245 4719 1344 4767 sibi
1387 4718 1561 4781 locum
1598 4718 1664 4766 ad
1695 4718 1886 4781 animm

214 4783 524 4833 utilitatem
555 4781 740 4831 datum
777 4779 1099 4844 intelligunt,
1123 4787 1326 4831 certum
1349 4786 1444 4837 est,
1469 4779 1596 4844 quia
1626 4779 1884 4829 mercedis

211 4859 444 4900 causas,
480 4846 570 4894 ubi
600 4844 901 4906 inveniunt,
935 4843 1043 4894 non
1075 4848 1422 4906 postponunt,
1454 4857 1521 4898 ιιι,
1552 4843 1625 4891 lt.

283 4909 494 4956 Contra
516 4907 869 4980 consiliarios,
893 4908 981 4980 qui
1003 4907 1303 4980 contra‘Dei
1329 4906 1590 4980 timorem,
1615 4908 1666 4953 et
1694 4907 1892 4954 statuta

207 4984 516 5034 canonum
538 4971 816 5034 consilium
839 4967 1090 5034 episcopo
1122 4970 1405 5034 dederunt,
1421 4967 1894 5030 jussitexcommuo

209 5035 426 5096 picari,
477 5032 553 5081 sic
599 5033 895 5096 inquiens:
937 5031 1304 5082 Ut'cadentes
1340 5031 1570 5096 _discant,
1628 5035 1898 5093 quatenus

208 5095 457 5144 incaute
499 5094 775 5145 ambulare
804 5109 912 5145 non
949 5096 1195 5156 debeant,
1231 5108 1300 5148 ix.
1333 5094 1379 5143 2.

284 5158 584 5208 Praefectos
620 5163 672 5208 et
702 5163 938 5208 rectores
968 5154 1360 5226 provinciarum
1395 5154 1691 5226 _et_nrbinm
1729 5154 1900 5226 horta-

210 5223 420 5279 batur,
445 5225 503 5270 ut
522 5225 831 5271 exercerent
850 5216 1185 5270 severitatem
1207 5221 1263 5269 in
1286 5217 1409 5267 ﬁdei
1432 5218 1747 5266 Christianas
1771 5216 1898 5264 hos-

203 5290 322 5340 tes,
341 5285 424 5332 sic
459 5283 743 5346 inquiens:
768 5285 841 5332 lta
865 5297 988 5344 ergo
1011 5285 1192 5332 omnia
1221 5281 1607 5346 districtissime
1629 5280 1730 5346 sub
1750 5279 1897 5346 omni

202 5341 580 5414 festinatione
609 5347 878 5414 corrigite,
907 5341 964 5395 ut
987 5361 1094 5414 non
1119 5346 1287 5414 solum
1311 5359 1406 5407 pro
1427 5343 1531 5414 hac
1560 5341 1714 5414 vobis
1746 5341 1899 5414 disci-

201 5411 384 5474 plina
420 5409 620 5474 gratias
643 5405 952 5474 referamus,
979 5409 1069 5457 sed
1098 5414 1151 5474 et
1171 5405 1535 5474 testimonium
1555 5406 1631 5474 _de
1663 5405 1900 5474 bonitate

203 5467 545 5524 irestraiubi
569 5484 785 5520 necesse
807 5471 982 5528 fuerit,
1006 5472 1353 5534 praebeamus,
1370 5481 1450 5534 ιιι,
1474 5467 1581 5516 ind.
1606 5481 1677 5534 ιιι,
1694 5468 1777 5534 _33.

279 5534 358 5583 Et
397 5535 468 5582 ab
497 5534 599 5581 illis
627 5534 934 5596 postulavit,
961 5529 1022 5583 ut
1039 5547 1223 5582 eorum
1246 5532 1496 5596 auxilium
1521 5543 1616 5593 pro
1641 5529 1759 5577 ﬁdei
1781 5542 1901 5591 pro-

203 5597 528 5660 pagatione
553 5594 956 5657 impertirentur
987 5597 1269 5658 episcopis,
1296 5608 1371 5654 ιιι,
1396 5594 1508 5643 ind.
1532 5607 1599 5660 xi.
1624 5595 1702 5643 62.

273 5653 518 5707 Iudices
554 5653 691 5722 quos
718 5673 750 5708 a
777 5653 1039 5721 pravitate
1072 5653 1385 5707 convertere
1408 5655 1682 5720 nequibat,
1715 5653 1903 5704 litteris

193 5723 378 5785 apud
408 5735 541 5770 suos
565 5723 836 5783 principes
857 5723 1097 5785 notabat,
1118 5734 1167 5774 v.
1193 5723 1270 5770 tl.

276 5785 449 5835 Alios
492 5779 773 5845 supremos
803 5784 942 5848 apud
978 5785 1244 5848 principes
1279 5781 1579 5848 admonuit,
1611 5785 1669 5830 ut
1702 5779 1902 5844 princi-

195 5849 399 5916 pibus
444 5849 814 5913 suggererent,
837 5846 923 5898 ‘ne
957 5846 1331 5915 permitterent
1372 5846 1713 5910 magistratus
1742 5857 1907 5908 prave

715 266 964 329 INDEX
1009 265 1468 332 TITULORUM
1511 266 1611 332 EX
1655 271 2060 333 EPISTOLIS
2106 271 2170 334 S.
2217 272 2590 334 GREGORII
2635 271 3116 338 EXGERPTUS.

3464 282 3622 344 1422

1970 418 2150 468 agere,
2176 419 2284 460 xm,
2303 406 2388 454 22.

1993 466 2320 537 “:Lihcrta‘tes
2345 468 2790 537 uniuscujusque
2822 474 3006 520 contra
3027 470 3272 534 jndicum
3302 475 3614 528 insolentias

1970 529 2134 579 libere
2160 530 2504 586 defendebat,
2529 529 2642 589 vm,
2665 529 2745 581 5i.

2033 593 2193 663 tneo
2233 594 2375 665 quod
2415 593 2727 665 injustelit,
2769 596 2908 644 Deus
2956 595 3261 665 offenditur,
3306 605 3357 650 et
3401 604 3621 665 propria

1973 656 2158 723 opinio
2187 661 2453 723 gravatur,
2478 661 2529 723 et
2550 659 2854 723 principum
2879 665 3118 723 tempore
3140 656 3434 719 fui-cantur,
3459 656 3614 723 x,'51.

2029 718 2252 783 Quando
2280 719 2418 783 Deus
2441 718 2742 783 otfenditur'
2762 727 2820 770 ut
2865 718 3123 783 placatum
3156 725 3310 772 nobis
3333 718 3622 777 reddamus

1971 778 2263 846 hominem,
2287 782 2441 846 nullo
2465 781 2621 829 modo
2647 778 2916 832 hominem
2944 786 3231 846 placamus,
3257 787 3387 836 ibid.

2035 841 2368 909 Nullogmodo
2385 858 2439 909 se
2461 858 2741 909 passurum
2765 841 2957 909 inquit,
2983 848 3023 895 si
3047 847 3145 894 sibi
3171 841 3480 899 constarent
3500 865 3620 909 qua!

1970 902 2034 952 de
2069 902 2498 972 quodamjudice
2519 902 2996 972 ferebanturﬁiuin
3033 910 3339 972 imperatori
3363 902 3623 971 significa-

1969 971 2067 1022 ret,
2085 981 2203 1016 cum
2223 968 3039 1036 hominespropterjustitiam‘se
3057 968 3275 1035 diligere
3293 968 3620 1036 proﬁteatur,

1984 1044 2091 1098 non
2113 1030 2565 1098 autemjustitiam
2583 1030 2815 1094 propter
2837 1033 3082 1098 homines
3119 1030 3458 1098 postponere,
3488 1030 3620 1086 ibid;

2034 1091 2376 1161 Magistratus
2428 1091 2482 1142 in
2548 1091 2657 1161 suo
2683 1091 2907 1161 munere
2949 1091 3218 1161 obeundo,
3241 1091 3415 1161 'prius
3448 1091 3620 1150 'Deum

1971 1161 2183 1215 oportet
2209 1159 2265 1203 ut
2289 1157 2550 1217 placatum
2575 1156 2785 1210 habent,
2811 1156 3004 1206 deinde
3027 1173 3144 1208 eum
3166 1156 3348 1211 omnia
3364 1162 3621 1213 sollicitu-

1972 1218 2095 1281 dine
2120 1217 2334 1278 impleat
2363 1219 2620 1281 principis
2644 1221 2946 1274 utilitatem,
2970 1220 3097 1271 ibid.

1984 1279 2169 1389 .bltriam
2192 1282 2246 1328 in
2263 1279 2577 1343 magistratu
2602 1282 2980 1340 edomandam,
3007 1287 3060 1332 et
3082 1285 3386 1348 fugiendam
3410 1287 3620 1344 asserit,

1984 1357 1992 1389 ι
2036 1358 2050 1389 ι
2099 1378 2110 1389 .

1975 1357 2110 1390 εοια.

2041 1405 2351 1469 Prmfectum
2391 1404 2633 1455 hortatus
2671 1410 2766 1462 est,
2796 1410 2853 1456 ut
2873 1408 3189 1469 gravissima
3213 1413 3264 1460 et
3303 1413 3625 1462 vexationes

1976 1470 2138 1537 atque
2176 1467 2452 1537 violentias
2484 1469 2723 1537 jugdicum
2744 1467 2992 1534 corrigat,
3027 1485 3421 1537 oppressosque
3456 1488 3520 1524 ex
3541 1475 3627 1526 tri-

1971 1530 2115 1578 butis
2139 1530 2402 1588 sublevet,
2423 1530 2501 1588 x1,
2528 1535 2576 1580 5.

2037 1592 2404 1654 Magistratum
2445 1594 2745 1651 admonuit.
2787 1608 2853 1643 ne
2895 1596 2950 1644 in
2975 1597 3153 1645 causis
3175 1598 3546 1648 ecclesiasticis
3568 1613 3624 1648 se

1975 1655 2316 1716 immisceret,
2340 1657 2432 1718 qui
2455 1657 2671 1706 clericos
2692 1660 2992 1712 damnatos,
3015 1664 3067 1708 et
3089 1660 3346 1709 moniales
3371 1675 3399 1710 e
3423 1675 3630 1710 monas-

1976 1718 2109 1766 terio
2135 1731 2374 1780 egressas
2392 1719 2728 1774 defendebat,
2744 1721 2790 1768 ei
2807 1720 3079 1770 affirmans
3096 1737 3150 1771 se
3174 1735 3280 1771 non
3304 1722 3420 1772 sine
3445 1724 3627 1774 debita

1976 1780 2179 1843 ultione
2207 1782 2623 1842 preteriturum,
2644 1797 2692 1843 v,
2717 1785 2793 1832 24.

2039 1842 2458 1909 (_Ionversionem
2501 1842 2798 1909 inﬁdelium
2841 1845 3094 1909 praefecto
3133 1848 3544 1906 commendavit,
3569 1851 3628 1898 ut

1978 1904 2338 1972 inhocgopere
2361 1906 2679 1968 Episcopum
2711 1904 3006 1972 adjuverat,
3032 1923 3103 1969 ιι,
3125 1912 3202 1958 22.

2041 1966 2378 2035 Magistratus
2401 1966 2894 2035 magistratum'non
2916 1966 3306 2034 gratulabatur,
3329 1973 3422 2022 sed
3449 1972 3630 2035 potius

1979 2043 2159 2079 secum
2183 2031 2520 2086 condolebat,
2542 2046 2592 2088 x,
2616 2036 2692 2081 37.

1985 2091 2192 2204 l63m?
2207 2092 2320 2204 ἃρο
2345 2098 2397 2143 et
2419 2095 2591 2156 pravis
2616 2093 2921 2144 hominibus
2943 2095 3101 2144 simul
3122 2109 3280 2146 nemo
3304 2096 3514 2159 placere
3539 2111 3631 2160 po-

2006 2168 2106 2209 GSI.
2129 2168 2181 2209 Χ,
2207 2168 2285 2204 δῦ.

2044 2189 2394 2288 δέδξινξξαγθ
2438 2221 2535 2276 est,
2580 2219 2786 2288 afﬂictis
2829 2219 3158 2288 temporibus
3179 2219 3309 2288 locis
3332 2220 3630 2288 majoribus

1981 2279 2178 2342 praeﬁci
2199 2293 2222 2347 Ξ
2240 2279 2435 2329 idcirco
2458 2281 2741 2347 praefectos
2764 2281 3096 2347 hortabatur,
3136 2288 3193 2332 ut
3215 2279 3522 2347 hujusuiodi
3545 2298 3630 2334 res

1985 2356 2174 2403 aspera
2196 2342 2347 2390 ﬁeret
2371 2345 2628 2392 mercedis
2651 2343 2880 2399 occasio.
2903 2360 2950 2400 x,
2972 2346 3051 2393 37.

2012 2405 2280 2515 ἱὶἰιέιὲᾳὲιθ
2301 2419 2356 2454 se
2390 2406 2465 2454 ait
2485 2406 2628 2469 quod
2652 2407 2937 2471 praefectus
2958 2406 3151 2456 divinis
3175 2411 3389 2458 vacaret
3409 2409 3634 2470 scriptu-

2061 2503 2073 2515 .
2163 2484 2176 2515 ι
2223 2503 2235 2515 ο

1981 2481 2073 2523 τη,
2100 2480 2235 2517 ποια.

2042 2529 2354 2596 Magistrum
2373 2529 2603 2580 militum
2629 2532 2892 2590 hortatur,
2917 2536 2974 2581 ut
2995 2532 3204 2596 culpam
3225 2532 3506 2596 cujusdam
3528 2534 3630 2584 sibi

1981 2595 2294 2648 remitteret,
2318 2606 2413 2648 xu,
2439 2597 2512 2644 l9.

2045 2655 2324 2767 lPrgosﬁtetur
2363 2669 2419 2704 se
2456 2657 2600 2707 nolle
2634 2657 2862 2716 misceri,
2904 2660 2964 2707 ut
2997 2656 3194 2721 aliquis
3215 2657 3306 2707 tlat
3325 2657 3630 2721 praefectus,

1979 2732 2078 2772 XII,
2104 2732 2182 2767 26.

2045 2778 2372 2846 _Venantium
2413 2781 2788 2846 cancellarium
2811 2782 2976 2832 Italiae
3009 2795 3072 2831 ex
3093 2781 3360 2832 monacho
3381 2795 3478 2846 per
3499 2784 3637 2846 epis-

1984 2843 2146 2906 tolam
2170 2844 2403 2905 graviter
2425 2844 2734 2906 increpavit,
2758 2859 2795 2903 ι,
2820 2848 2898 2895 34.

2015 2906 2090 2954 De
2112 2905 2182 2953 iis
2205 2919 2315 2968 quae
2335 2905 2662 2970 spectant'ad
2680 2907 2882 2970 legatos
2901 2917 2947 2955 et
2970 2905 3102 2954 alios
3126 2907 3396 2955 ministros
3413 2907 3467 2955 S.
3493 2908 3549 2957 Β.
3575 2907 3635 2957 E.

2048 2970 2090 3018 Α
2112 2973 2297 3016 sancta
2317 2968 2441 3016 sede
2462 2968 2753 3031 apostolica
2773 2971 2988 3019 nonnisi
3003 2970 3213 3018 diaconi
3231 2969 3550 3033 legebantur
3571 2970 3639 3019 ad

1985 3030 2382 3088 imperatorem,
2406 3030 2514 3088 xm,
2540 3033 2617 3080 38.

1981 3158 2010 3205 2
2046 3091 2396 3204 Eosslggabat,
2421 3093 2511 3156 qui
2547 3093 2877 3157 principibus
2901 3094 3189 3156 provinciae
3213 3097 3396 3143 essent
3415 3095 3572 3157 grati,
3598 3105 3634 3152 x,

2025 3170 2038 3205 :
2099 3169 2132 3205 ι.
2220 3190 2232 3203 .

2025 3168 2132 3216 ;xi,
2155 3168 2232 3204 es.

2049 3219 2114 3267 Ut
2134 3217 2347 3266 debitus
2370 3217 2544 3267 honor
2565 3216 2751 3280 legatis
2773 3217 3069 3280 deferretur
3089 3217 3322 3274 curabat,
3347 3233 3381 3276 ι,
3407 3217 3446 3266 l.

2048 3280 2469 3330 Commendabat
2491 3281 2602 3329 illos
2626 3279 2725 3344 piis
2748 3281 2890 3338 viris,
2916 3286 2969 3331 et
2989 3279 3053 3328 iis
3090 3280 3156 3328 ad
3193 3294 3330 3343 quos
3367 3279 3632 3341 mittebat,

1985 3357 2058 3396 vr.
2084 3347 2129 3398 5,
2155 3346 2216 3398 6;
2245 3356 2351 3397 xm,
2377 3345 2454 3392 38.

2052 3379 2490 3476 vingfréugngios
2505 3405 2847 3466 admonebat,
2864 3403 3480 3476 utfrequenterlegatum
3494 3403 3637 3476 sedis

1991 3467 2296 3530 apostolicae
2321 3465 2598 3516 visitarent
2622 3483 2634 3527 ;
2658 3474 2717 3516 ut
2753 3465 2872 3530 post
2906 3465 3143 3530 labores,
3175 3465 3369 3528 inquit,
3411 3480 3546 3529 quos
3581 3469 3636 3514 in

1991 3528 2166 3579 causis
2189 3531 2531 3578 saecularibus
2555 3528 2768 3592 patitur,
2793 3531 2846 3578 in
2872 3530 3034 3578 verbo
3056 3528 3148 3577 Dei
3172 3528 3446 3578 vobiscum
3489 3530 3638 3592 inve-

1991 3595 2122 3647 niat.
2146 3597 2197 3656 et
2219 3591 2372 3656 quasi
2410 3591 2642 3656 quodam
2685 3592 2935 3656 candido!
2958 3594 3120 3641 linteo
3161 3592 3402 3654 ejusdem
3438 3591 3638 3640 laboris

1989 3653 2190 3705 terreni
2217 3653 2464 3703 sudorem
2489 3655 2747 3712 detergat,
2768 3669 2860 3710 vn,
2885 3654 2964 3703 30.

2053 3716 2145 3765 Cui
2187 3718 2469 3778 legationis
2492 3731 2688 3765 munus
2710 3717 3021 3766 obeundum
3049 3720 3181 3776 erat,
3219 3716 3327 3764 vita
3347 3715 3634 3778 provinciae

1991 3779 2187 3843 quibus
2235 3781 2324 3828 illa
2373 3779 2664 3835 laborabat.
2725 3780 3045 3838 declarabat,
3101 3785 3155 3828 ut
3185 3779 3272 3827 illa
3302 3779 3635 3840 eXstirparet,

1991 3858 2041 3899 v,
2069 3844 2143 3891 48.

2052 3905 2322 3953 Concessit
2344 3903 2623 3952 facultates
2644 3903 2944 3965 legationis,
2970 3908 3179 3952 servato
3201 3903 3411 3966 proprio
3433 3902 3639 3951 honore

1992 3967 2526 4078 Meﬁopolitanorum
2570 3968 2865 4016 secundum
2908 3968 3138 4030 priscam
3175 3965 3637 4026 censuetudinem,

1994 4045 2044 4078 v.
2139 4065 2151 4076 .

1994 4045 2044 4086 v,
2075 4034 2151 4078 54.

2057 4093 2308 4154 Legatum
2331 4091 2394 4139 ad
2420 4091 2835 4152 postulationem
2859 4092 3000 4152 regis
3022 4091 3300 4154 concessit,
3323 4102 3373 4150 γ,
3400 4091 3476 4154 54,
3502 4091 3579 4140 55.

2055 4152 2277 4215 Scripsit
2297 4155 2547 4202 omnibus
2589 4154 2854 4217 episcopis
2892 4155 3028 4202 illius
3063 4152 3372 4216 provinciae,
3396 4153 3460 4200 ad
3483 4164 3640 4213 quam

1995 4217 2401 4280 fueratlegatus
2423 4218 2736 4275 destinatus,
2755 4216 2893 4280 quod
2920 4218 3238 4279 legationem
3262 4216 3404 4264 sedis
3425 4218 3642 4278 aposto-

1996 4281 2110 4328 licae
2133 4279 2196 4327 ad
2219 4294 2310 4328 eos
2333 4280 2659 4338 decreverat,
2686 4291 2756 4335 iv,
2777 4279 2864 4328 ⁷54.

2063 4343 2278 4403 Legatio
2294 4344 2591 4390 necessaria
2608 4347 2705 4395 est,
2727 4349 2935 4389 utunus
2949 4339 3016 4389 sit
3038 4341 3098 4403 ad
3125 4353 3282 4403 quem
3307 4337 3506 4388 recurri
3529 4351 3646 4400 pos-

1998 4402 2084 4458 sit.
2109 4402 2202 4466 qui
2226 4418 2290 4452 ex
2311 4404 2566 4453 charitate
2588 4409 2640 4452 et
2660 4417 2786 4464 pace
2812 4404 3010 4466 praesit,
3037 4402 3164 4450 ibid.

2066 4459 2292 4529 Legatus
2321 4471 2488 4518 curet.
2515 4470 2573 4514 ut
2611 4459 2888 4527 integritas
2910 4465 3050 4529 fidei,
3074 4469 3125 4512 et
3169 4466 3399 4526 quatuor
3419 4459 3645 4510 concilia

2005 4527 2245 4577 sollicita
2266 4529 2547 4577 devotione
2571 4532 2868 4582 serventur,
2892 4527 3020 4574 ibid.

2063 4592 2450 4657 Contentiones
2474 4591 2611 4639 inter
2632 4590 2914 4657 episcopos
2938 4589 3492 4657 exortas‘compescat,
3516 4583 3644 4632 ibid.

2065 4656 2124 4703 In
2160 4653 2495 4716 gravioribus
2544 4653 2737 4712 causis,
2769 4651 2980 4716 silopus
3015 4651 3176 4699 fuerit
3205 4651 3485 4712 episcopos
3516 4661 3644 4696 con-

2004 4712 2189 4782 gregat
2205 4716 2530 4782 competenti
2552 4727 2793 4782 numero,
2816 4712 2949 4782 ibid.
3010 4773 3039 4782 __

2066 4771 2285 4828 causam
2302 4771 2539 4833 ti'dei,aut
2554 4777 2778 4838 alicujus
2792 4773 3072 4824 eminentis
3086 4771 3283 4836 negotii
3298 4771 3644 4838 dubietatem,

2005 4855 2124 4904 quas
2151 4855 2247 4902 pro
2263 4840 2344 4904 sui
2369 4832 2737 4904 magnitudine
2756 4838 2957 4904 judicio
2991 4837 3140 4904 sedis
3159 4832 3488 4904 apostolicus
3509 4832 3650 4904 indi:

2003 4894 2495 4968 geat,examiuet.et
2509 4903 2570 4968 ad
2587 4894 2891 4968 sanctitatis
2906 4894 3285 4968 snasjudicium
3302 4894 3651 4950 referat,ibid.

2065 4967 2263 5014 Omnes
2307 4964 2541 5026 episcopi
2587 4964 2763 5027 legato
2807 4960 3085 5027 obediant,
3127 4960 3652 5027 adejusqueuvoca-

2004 5029 2202 5078 tionem
2239 5019 2455 5090 veniant
2485 5019 2686 5090 absquve
2719 5026 2978 5073 canonico
3008 5019 3414 5090 impedimento,
3446 5019 3580 5090 ibid.

2069 5091 2310 5151 impediti
2342 5089 2579 5152 episcopi
2600 5083 2833 5137 'mittant
2871 5101 2968 5136 suo
3002 5083 3219 5134 nomine
3257 5083 3655 5147 presbyterum,

2005 5154 2088 5202 vel
2121 5150 2424 5212 diaconum,
2455 5150 2585 5200 ibid.

2070 5215 2254 5263 Nullus
2285 5207 2658 5276 episcoporum
2685 5211 2750 5260 ad
2775 5209 3151 5276 longinquiora
3179 5209 3298 5257 loca
3329 5207 3444 5256 sine
3468 5210 3656 5276 aucto-

2009 5279 2163 5327 ritate
2202 5271 2356 5335 legati
2389 5271 2563 5334 abeat,
2597 5276 2761 5338 idque,
2793 5271 3023 5323 afﬁrmat
3044 5285 3156 5338 esse
3179 5285 3242 5319 ex
3265 5271 3656 5338 consuetudine

2010 5345 2115 5390 tam
2151 5332 2451 5398 legationis,
2483 5332 2642 5399 quam
2670 5332 2818 5386 'sedis
2851 5336 3177 5401 apostolicae,
3218 5347 3338 5397 qua:
3373 5332 3477 5382 hoc
3510 5345 3657 5380 man-

2010 5405 2136 5451 dare
2160 5403 2453 5457 consuevit,
2479 5401 2616 5448 ibid.

2073 5466 2292 5527 Scripsit
2332 5463 2440 5526 regi
2489 5464 2554 5512 de
2598 5459 2863 5524 legatione
2907 5459 3122 5510 decreta
3161 5457 3228 5508 ad
3273 5458 3390 5522 ejus
3428 5469 3656 5520 regnum

2011 5542 2063 5584 v,
2089 5533 2164 5578 55.

2078 5591 2154 5641 Ad
2173 5589 2310 5648 regis
2329 5587 2637 5637 instantiam
2657 5587 2784 5636 dicit
2809 5601 2864 5635 se
2881 5585 3010 5635 velle
3029 5585 3312 5648 decernere
3333 5582 3654 5648 legationem

2011 5645 2683 5719 propter-reformationem
2702 5662 2860 5719 quam
2883 5650 2994 5710 ipse
3017 5663 3106 5719 rex
3133 5645 3453 5719 postulabat,
3480 5645 3653 5719 Junii:

2073 5707 2345 5766 Auxilium
2390 5714 2590 5761 brachii
2638 5707 2771 5774 regii
2818 5707 3088 5760 invocavit
3131 5707 3235 5774 pro
3267 5707 3656 5774 legatoucontra

2017 5781 2294 5842 episcopos
2314 5770 2781 5842 delinquentesfet
2801 5770 3152 5842 quoscunque
3174 5771 3391 5842 ιιιὶοεεηιιἱ
3412 5770 3490 5816 55.

2081 5830 2305 5906 Legatus
2333 5851 2444 5890 non
2474 5830 2749 5903 permittat
2767 5830 2895 5888 vitia
2925 5837 2980 5886 in
3011 5830 3176 5900 re'gno
3207 5830 3507 5898 persistere,
3532 5837 3653 5876 cum
