4100 6164
289 290 441 352 1433

344 425 408 474 Et
429 425 494 475 de
523 425 801 488 vigilantia
833 431 885 476 et
919 425 1252 476 districtione
1276 427 1328 474 in
1353 427 1657 476 excessibus
1677 428 1944 478 vindican-

284 487 390 555 dis,
409 489 484 555 sic
505 491 737 555 scripsit:
768 489 824 540 Si
849 492 1009 555 homo
1025 503 1185 555 esses,
1202 489 1685 555 autdiscretionem
1710 491 1944 555 aliquam

284 551 580 605 habuisses.
594 551 668 601 ita
682 554 943 614 regularis
956 553 1248 615 disciplinae
1263 551 1491 602 debuisti
1507 560 1686 602 custos
1699 551 1942 615 existere,

285 617 344 662 ut
373 628 435 662 ea
457 627 576 676 quia
595 617 774 664 illicite
795 614 906 663 illic
933 614 1358 675 committuntur,
1379 620 1502 663 ante
1522 616 1757 666 vindicta
1779 617 1944 666 corri-

284 681 451 739 geret,
467 691 628 740 quam
650 677 718 727 ad
738 693 836 726 nos
851 678 970 742 ejus
989 676 1212 726 nuntius
1236 677 1558 741 perveniret,
1578 693 1688 735 vm,
1713 681 1825 728 ind.
1850 695 1880 738 ι,
1897 682 1944 733 9.

690 767 766 814 De
794 767 1108 829 Major-itare
1136 770 1184 814 et
1216 766 1546 815 Obedientia.

349 844 420 894 Ut
449 845 701 910 episcopo
729 860 826 895 suo
851 847 1082 911 populus
1112 844 1356 895 obediret
1376 846 1705 909 hortabatur,
1739 863 1810 909 ιιι,
1837 849 1944 898 iml-

288 923 363 964 ιι,
400 911 471 956 li.

353 970 592 1043 Qualiter
625 971 934 1041 obedientia
955 971 1043 1043 vel.
1067 972 1456 1043 sit_reverentia
1480 974 1778 1043 praepositis
1799 973 1947 1043 exhif

292 1033 469 1099 benda
490 1047 562 1099 ex»
575 1034 682 1081 tuis
695 1047 909 1099 quoque
927 1034 1181 1099 subjectis
1199 1037 1312 1099 ipse
1343 1049 1448 1099 non
1469 1033 1692 1098 ambigis
1708 1051 1719 1084 :
1735 1036 1949 1099 scripsit

296 1095 462 1161 Felici
483 1097 736 1161 episcopo
753 1095 1070 1161 [Legendum
1093 1095 1344 1161 episcopo
1367 1095 1949 1160 Sardicmfh‘ultum-jus

295 1160 353 1224 in
387 1158 698 1224 Sardiniam
723 1159 992 1224 obtinebat
1019 1158 1205 1224 prima
1232 1158 1546 1211 Iustiniani:
1574 1158 1870 1224 episc0pus)’
1894 1164 1947 1211 in

297 1221 565 1331 sargditnia,
583 1223 673 1331 ῆιόἱ
702 1223 886 1284 primae
907 1222 1226 1273 Justinianm
1249 1225 1504 1288 episcopo
1526 1221 1946 1288 obedire'despi-

297 1297 374 1331 cie
416 1297 443 1331 a
474 1320 486 1331 .
521 1297 572 1331 ν.
668 1318 683 1331 .

293 1285 486 1338 ciebat,
521 1297 572 1339 ν,
607 1287 683 1334 10.

357 1346 648 1410 ξρίεαοροε
673 1346 1089 1410 metropolitano
1111 1362 1207 1396 suo
1229 1350 1450 1399 obedire
1471 1352 1697 1410 oportet,
1730 1363 1778 1406 v,
1803 1352 1880 1400 63.

361 1409 423 1473 Et
442 1408 896 1473 unumquemque
927 1408 1040 1458 suis
1070 1413 1454 1472 superioribus.
1475 1408 1542 1467 vi,
1564 1410 1643 1466 25,
1674 1414 1748 1460 43.

354 1471 771 1536 Qrdograduum
794 1471 860 1521 ad
884 1473 982 1520 hoc
1002 1471 1325 1524 constitutus
1357 1481 1452 1528 est,
1469 1488 1535 1522 ne
1550 1475 1826 1536 praepositi
1851 1489 1945 1536 0p-

293 1532 532 1600 primant
546 1534 834 1600 subjectos,
850 1549 944 1600 nec
955 1535 1186 1600 subjecti
1203 1540 1392 1587 iterum
1408 1532 1592 1586 contra
1604 1532 1730 1585 suos
1743 1532 1947 1600 pracpo-

293 1599 427 1644 sitos
448 1597 726 1657 resultent,
752 1611 856 1656 VIII,
876 1599 984 1646 ind.
1017 1597 1127 1658 1,77.

352 1660 491 1707 Ordo
525 1658 720 1720 vigoris
758 1659 1101 1709 ecclesiastici
1145 1662 1509 1717 confunditur,
1542 1661 1584 1708 si
1616 1665 1814 1712 temere
1849 1662 1946 1711 illi-

293 1722 832 1832 cgti‘iiprglsumantur,
866 1727 958 1772 aut
987 1722 1206 1786 impune
1234 1739 1342 1774 non
1366 1738 1621 1776 concessa
1643 1729 1941 1782 tententur,

293 1799 310 1832 s
353 1798 368 1830 ι
413 1819 447 1832 ..
543 1821 555 1832 .

293 1786 447 1839 ibist,
477 1788 555 1834 27.

353 1846 451 1914 Οιιί
474 1861 532 1914 se
550 1850 741 1914 contra
763 1849 1079 1911 praepositos
1101 1863 1227 1898 suos
1243 1851 1489 1914 erigunt,
1513 1849 1802 1899 ostendunt
1819 1849 1945 1914 quia

291 1909 437 1957 servi
471 1907 565 1958 Dei
592 1923 707 1957 esse
737 1907 1112 1968 contemnunt,
1147 1927 1202 1968 ιι,
1233 1907 1426 1968 ἰηιίῗκ,
1459 1916 1536 1963 36.

360 1972 473 2038 Non
497 1973 702 2038 grande
725 1978 805 2021 est
825 1974 888 2022 iis
921 1987 1017 2038 nos
1039 1989 1152 2023 esse
1177 1975 1422 2031 humiles,
1447 1989 1478 2024 a
1495 1976 1690 2038 quibus
1715 1977 1942 2024 honora-

295 2047 442 2083 mur:
461 2035 559 2082 hoc
577 2036 717 2083 enim
738 2040 792 2084 et
811 2036 1090 2085 saeculares
1109 2038 1340 2097 faciunt;
1365 2042 1455 2087 sed
1477 2035 1575 2086 illis
1596 2038 1825 2087 maxime
1849 2039 1943 2087 hu-

294 2097 444 2164 miles
472 2099 889 2164 essedebemus,
915 2113 944 2147 a
976 2101 1172 2164 quibus
1202 2101 1382 2164 aliqua
1409 2103 1653 2162 patimur,
1684 2099 1814 2148 ibid.

359 2159 1020 2227 lntegerrimaobedientia
1040 2165 1260 2225 praelato
1286 2159 1586 2227 praestanda
1603 2167 1699 2227 est,
1723 2176 1841 2210 cum
1857 2162 1940 2227 ju-

297 2221 559 2331 dicangus
578 2237 607 2270 a
634 2222 862 2334 ggbditis
886 2224 1023 2273 ultra
1042 2221 1153 2274 non
1177 2227 1258 2282 sit,
1275 2221 1366 2290 qui
1384 2226 1547 2275 semel
1566 2226 1820 2288 prelatus
1841 2221 1938 2282 est,

297 2297 366 2334 ιιι.
396 2297 451 2334 sn
496 2320 508 2332 .
542 2299 611 2334 xi.
701 2321 714 2334 .

289 2297 366 2340 ni,
396 2283 508 2335 ind.
542 2299 611 2341 xi,
635 2285 714 2334 29.

355 2345 737 2412 Superioribus
759 2353 808 2398 et
836 2348 1269 2412 praapositisrsuis
1291 2363 1400 2399 non
1425 2353 1504 2398 est
1531 2349 1936 2406 detrahendum,

292 2421 414 2458 cum
440 2423 628 2476 eorum
661 2411 920 2460 detractio
944 2413 1006 2461 ad
1031 2411 1297 2476 Christum
1330 2414 1618 2476 pertineat:
1646 2425 1768 2460 nam
1802 2413 1939 2460 facta

289 2485 510 2521 suorum
535 2473 907 2536 episcoporum
927 2476 1032 2524 oris
1045 2475 1221 2534 gladio
1237 2473 1754 2532 nonsuntferienda,
1778 2477 1936 2524 etiam

291 2547 410 2583 cum
435 2538 577 2585 recte
611 2537 1052 2599 reprehendenda
1077 2539 1346 2595 videntur,
1380 2553 1434 2600 ιι,
1464 2541 1542 2588 30.

636 2625 708 2674 De
741 2626 844 2674 vita
875 2630 926 2675 et
954 2627 1217 2676 honestate
1242 2627 1576 2678 Clericorum.

344 2705 636 2772 Diaconum
662 2705 852 2772 spiritu
871 2709 1180 2757 ambitionis
1197 2709 1439 2758 inﬂatum
1454 2708 1666 2770 reprimi
1681 2708 1862 2772 jussit,
1877 2713 1934 2758 ut

280 2768 505 2830 ultimus
540 2767 966 2819 inter'diaconos
988 2771 1425 2828 constitueretur,
1448 2785 1481 2830 ι,
1509 2767 1585 2819 83.

339 2827 662 2895 Laurentius
681 2835 883 2893 primus
902 2835 1166 2882 Diaconus
1185 2833 1325 2882 sedis
1342 2827 1650 2892 apostolicae
1668 2832 1735 2882 ob
1753 2847 1935 2895 super-

276 2890 419 2959 hiam
433 2894 602 2959 etatis
617 2890 753 2959 mala
775 2895 1161 2959 suadepositus
1181 2895 1298 2945 fuit.
1316 2890 1450 2945 Olim
1465 2897 1782 2959 ir,princip.,
1797 2890 1932 2944 nunc

278 2954 334 3002 in
350 2955 640 3020 appendices
656 2954 1025 3020 Epistolarum.

342 3016 682 3069 Contumelia
699 3016 1040 3070 sacerdotum
1063 3025 1160 3078 est,
1184 3020 1250 3070 de
1272 3019 1470 3070 divinis
1491 3020 1722 3070 cultibus
1745 3020 1927 3070 admo-

278 3081 425 3148 neri:
442 3081 568 3130 Nam
592 3083 735 3148 quod
760 3084 879 3145 ipsi,
903 3085 1092 3146 inquit,
1111 3085 1309 3148 debent
1325 3083 1553 3145 exigere,
1574 3083 1799 3148 turpiter
1816 3085 1928 3132 exi-

277 3145 560 3205 guntur,et
570 3146 634 3193 ad
652 3149 844 3194 ornatu
856 3160 924 3203 m,
940 3145 988 3195 et
1003 3160 1110 3196 non
1125 3146 1187 3194 ad
1204 3145 1498 3196 fmditatem
1515 3145 1727 3195 actuum
1742 3159 1926 3194 eorum

279 3205 550 3270 pertinere
583 3207 743 3256 debet
777 3209 1034 3270 ofﬁcium,
1066 3223 1133 3265 iv,
1167 3212 1214 3258 5.

339 3267 521 3333 clerus
553 3283 663 3318 non
695 3270 982 3333 relaxetur,
1006 3267 1096 3320 sed
1121 3271 1185 3333 ad
1219 3285 1281 3319 ea
1311 3286 1430 3333 quae
1460 3270 1550 3321 Dei
1573 3275 1699 3320 sunt
1719 3271 1926 3320 instan-

278 3329 480 3395 tissime
511 3332 878 3395 compellatur,
913 3329 977 3390 iv,
1011 3337 1057 3390 5,
1092 3332 1180 3382 ubi
1204 3329 1358 3394 plura
1386 3335 1451 3384 de
1471 3335 1820 3382 correctione.

337 3392 523 3456 Clerici
556 3392 892 3444 debitoribus
927 3398 1038 3444 suis
1073 3392 1421 3456 satisfaciant,
1455 3411 1518 3450 Ix,
1551 3397 1659 3444 ind.
1692 3410 1746 3456 ll,
1773 3399 1878 3445 101.

339 3453 836 3523 Clericiconventus
849 3464 899 3508 et
917 3459 1214 3523 patrocinia
1229 3453 1481 3508 laicorum
1497 3453 1742 3514 caveant,
1758 3473 1828 3516 in,
1842 3458 1920 3507 27.

339 3517 694 3629 Stacerggtnlis
732 3521 863 3570 ordo
907 3517 1054 3571 intus
1092 3526 1308 3578 cadens,
1345 3523 1472 3571 foris
1509 3527 1649 3571 stare
1685 3535 1791 3570 non
1825 3535 1923 3584 po-

339 3593 354 3626 s
383 3615 396 3629 .
428 3593 475 3629 v.
567 3617 579 3628 .

274 3583 396 3636 test,
428 3593 475 3633 v,
501 3583 579 3630 53.

337 3641 634 3708 Episcopus
650 3645 808 3694 etiam
829 3645 958 3694 falsa
977 3646 1242 3694 calumnia
1259 3660 1472 3708 pressus
1487 3646 1627 3708 apud
1652 3645 1850 3694 clerum
1870 3649 1924 3696 et

274 3705 724 3816 pppulum'gsuum
757 3721 996 3770 praesens
1021 3709 1084 3757 ds
1107 3705 1410 3772 integritate
1438 3705 1558 3758 ﬁdei
1581 3722 1689 3757 sua:
1711 3710 1922 3758 satisfa-

274 3780 355 3816 cia
385 3805 398 3816 .
433 3781 500 3816 vr.
566 3805 579 3816 .

272 3767 398 3825 ciat,
433 3781 500 3829 vr,
532 3772 579 3818 2.

331 3830 520 3879 Clerici
549 3832 603 3879 in
629 3832 852 3881 aliarum
875 3833 1230 3883 Ecclesiarum
1268 3831 1546 3896 obsequiis
1573 3837 1625 3880 et
1647 3832 1920 3896 laboribus

270 3905 386 4000 prgin
424 3901 753 4000 ocgdpentur
797 3895 888 3945 sed
929 3899 1159 3960 propriae
1197 3895 1448 3945 Ecclesiaa
1489 3895 1811 3956 deserviant,
1847 3909 1914 3953 ix,

270 3968 318 4000 ιη
360 3991 373 4000 .
408 3968 460 4000 ιι.
520 3989 565 4000 ..

262 3954 373 4004 ind.
408 3968 460 4012 ιι,
488 3954 565 4005 65.

329 4016 635 4129 gravemest
682 4020 900 4070 clericos
948 4022 1002 4070 in
1050 4025 1201 4070 actus
1248 4021 1502 4070 laicorum
1551 4019 1808 4076 incidere,
1848 4035 1914 4077 ix,

369 4119 382 4129 .
415 4094 468 4129 ιι.
565 4117 578 4128 .

267 4078 382 4130 ind.
415 4094 468 4140 ιι,
497 4080 578 4129 70.

329 4143 648 4206 Plerumque
669 4145 809 4208 quod
836 4146 888 4194 in
914 4145 1062 4195 laicis
1079 4145 1237 4209 culpa
1261 4160 1365 4195 non
1383 4151 1478 4202 est,
1504 4147 1554 4194 in
1580 4145 1793 4194 Clericis
1815 4145 1913 4194 cri-

268 4217 390 4254 men
429 4211 525 4262 est,
558 4221 609 4260 x.
643 4210 689 4256 4.

325 4267 512 4316 Clerici
538 4271 628 4333 qui
657 4270 849 4318 multas
863 4270 1146 4333 violentias
1171 4271 1567 4322 commiserunt.
1587 4270 1914 4319 admonendi

261 4334 389 4394 sunt
409 4344 422 4394 :
441 4333 530 4394 qui
550 4332 590 4379 si
616 4345 724 4380 non
753 4332 1046 4388 audierint,
1069 4335 1615 4389 excommunicentur,
1641 4347 1747 4388 xm,
1771 4336 1850 4381 36.

324 4392 426 4449 Qui
456 4392 638 4444 iaculi
665 4394 1399 4458 actionibusimplicatisunt,
1433 4397 1485 4443 in
1504 4395 1646 4443 clero
1678 4408 1910 4458 prrepro-

257 4467 388 4564 gere
421 4458 750 4518 suscipiendi
773 4472 876 4506 non
903 4465 1028 4506 sunt
1046 4457 1210 4521 :unia
1226 4459 1352 4507 dum
1373 4461 1425 4506 in
1446 4459 1800 4506 ecclesiastico
1820 4457 1910 4506 ha-

296 4517 374 4564 itu
407 4531 514 4564 non
534 4519 866 4564 dissimiliter
882 4535 1043 4564 aliam
1064 4525 1325 4564 vixerunt.
1349 4524 1551 4564 vivunt.
1570 4533 1910 4564 nenuaauam

296 4517 374 4565 itu
407 4531 514 4584 non
534 4517 866 4584 dissimiliter
882 4535 1043 4584 quam
1064 4517 1326 4577 vixerunt,
1349 4524 1551 4579 vivunt,
1570 4533 1911 4584 nequaquam

260 4579 521 4629 loculum
554 4585 771 4632 student
790 4579 992 4641 fugere,
1019 4584 1106 4632 sed
1143 4589 1369 4640 mutare,
1401 4597 1507 4639 vui,
1537 4579 1707 4641 indfl,
1739 4579 1785 4632 5'.

327 4643 502 4707 Ruina
535 4645 738 4707 populi,
760 4648 881 4694 mali
909 4652 1229 4702 sacerdotes,
1264 4660 1330 4701 xi,
1366 4649 1442 4694 69.

319 4706 582 4769 Malorum
613 4706 856 4764 societas,
891 4709 1135 4769 purgatio
1161 4709 1421 4757 bonorum
1459 4711 1557 4762 est,
1584 4720 1655 4758 xi,
1676 4708 1754 4755 45.

318 4767 512 4833 Clerici
532 4769 778 4833 opinioni
796 4776 847 4819 et
861 4767 1087 4820 cautelae
1105 4771 1384 4833 providere
1403 4770 1622 4826 debent,
1643 4783 1707 4824 ix,
1729 4769 1836 4833 ind.
1858 4783 1913 4833 ιι.

253 4831 330 4879 60.
357 4830 510 4888 Quia.
549 4831 742 4893 inquit,
775 4833 916 4882 sicut
944 4830 1355 4895 cauta'provisio
1382 4833 1660 4894 culparum
1693 4832 1806 4895 vias
1822 4831 1912 4878 ob-

255 4896 486 4951 struere,
519 4899 572 4942 et
599 4909 718 4956 quae
737 4901 862 4944 sunt
880 4897 1038 4945 noxia
1057 4894 1330 4944 declinare
1352 4896 1531 4942 novit:
1552 4895 1626 4942 ita
1644 4894 1916 4952 neglectus

259 4957 411 5022 patet
440 4956 769 5022 excessibus,
798 4965 849 5006 et
877 4972 996 5022 quas
1028 4965 1152 5007 sunt
1181 4957 1438 5022 cavenda,
1458 4957 1596 5022 solet
1619 4956 1909 5022 incurrere,

253 5016 383 5080 quia
401 5019 676 5092 sapienter
695 5021 875 5068 illicita
894 5016 1127 5084 superat,
1146 5021 1238 5084 qui
1258 5019 1504 5069 didicerit
1525 5019 1683 5068 etiam
1704 5031 1811 5066 non
1833 5019 1910 5066 uti

254 5093 546 5129 0011088818.

452 5161 526 5209 De
555 5161 953 5212 Cohabitatione
980 5162 1308 5213 Clericorum
1345 5166 1394 5211 et
1423 5161 1720 5211 Mulierum.

312 5237 678 5291 Prohibentur
693 5243 995 5292 sacerdotes
1008 5242 1236 5293 Corsica
1253 5257 1316 5292 ne
1328 5256 1447 5292 cum
1464 5241 1916 5290 mulieribuscon-

244 5308 556 5359 versentur,
586 5311 808 5368 excepta
851 5307 1112 5356 duntaxat
1141 5312 1328 5364 matre,
1368 5319 1570 5362 sorore,
1606 5304 1687 5354 vel
1725 5317 1913 5363 uxore,

246 5378 370 5431 quae
401 5371 543 5415 caste
569 5369 804 5431 regenda
835 5374 933 5423 est,
960 5383 994 5426 I,
1017 5371 1099 5419 52.

310 5428 700 5500 Commune-ddi
720 5431 1102 5500 suntepiscopi
1120 5432 1346 5500 quicum
1361 5429 1677 5500 mulieribus
1691 5428 1910 5488 degunt,

243 5501 315 5538 ne
347 5491 458 5538 ullo
491 5493 650 5540 modo
687 5507 804 5542 cum
825 5491 926 5542 illis
953 5491 1282 5563 cobahi’tent,
1300 5491 1536 5563 exceptis
1559 5492 1652 5563 eis,
1677 5504 1911 5563 quassa-

243 5565 455 5602 crorum
477 5568 746 5620 sationum
763 5569 998 5620 censura
1015 5557 1276 5620 permittit
1292 5555 1379 5620 :id
1401 5563 1501 5609 est.
1519 5560 1708 5606 matre.
1727 5555 1908 5620 amita,

239 5627 523 5683 germana,
546 5621 600 5683 et
621 5616 1092 5683 aliishujusmoili,
1117 5621 1182 5667 de
1210 5617 1405 5682 quibus
1422 5631 1584 5681 prava
1613 5630 1717 5683 non
1746 5617 1912 5677 possit

238 5689 363 5740 esse
376 5680 616 5740 suspicio
634 5694 644 5728 :
661 5679 850 5729 melius
872 5687 1050 5730 tamen
1071 5679 1288 5737 facient,
1308 5683 1350 5729 si
1370 5679 1527 5731 etiam
1545 5695 1572 5726 ει
1594 5679 1779 5740 talium
1793 5691 1908 5727 sese

238 5739 646 5792 cohabitatione
677 5745 1054 5807 continebant,
1073 5746 1210 5792 sicut
1233 5744 1424 5807 beatus
1445 5739 1798 5807 Augustinus,
1815 5742 1907 5803 qui

236 5814 343 5851 nec
375 5816 495 5853 cum
529 5806 979 5877 sorore_hahitare
1013 5807 1378 5868 consueverit,
1398 5803 1586 5877 dicens
1608 5803 1766 5877 {Qum
1785 5816 1907 5877 cum

240 5877 430 5918 sorore
461 5879 582 5919 mea
612 5872 758 5931 sunt,
788 5883 1000 5923 sorores
1029 5883 1161 5923 mese
1197 5881 1310 5923 non
1341 5866 1485 5929 sunt,
1522 5881 1587 5926 Ix.
1615 5866 1721 5918 ίηάο
1741 5879 1794 5925 ιι»
1813 5869 1904 5930 6οΞ

792 291 1034 354 INDEX
1076 290 1546 354 TITULORUM
1595 293 1694 354 EX
1739 293 2144 356 EPISTOLIS
2188 293 2251 354 S.
2300 294 2667 355 GREGORII
2713 295 3191 357 EXCERPTUS.

3543 299 3706 360 1434

2053 441 2161 500 χιιι,
2204 431 2280 485 35,
2314 430 2388 478 36.
2423 427 2619 478 Contra
2653 429 3022 482 cobahitantes
3062 445 3182 481 cum
3214 432 3478 484 extraneis
3516 433 3716 485 mulis-

2064 491 2230 540 ribus.

2121 553 2315 603 Contra
2331 554 2635 603 sacerdotes
2651 555 2950 616 impudicos
2967 561 3145 605 etcum
3162 557 3476 608 mulieribus
3490 559 3706 608 cohabi-

2061 619 2232 729 tantels
2261 618 2512 729 imjélgorat
2543 617 2806 667 auxilium
2837 632 2867 666 a
2893 633 3013 683 rege
3030 617 3240 684 [Melius
3269 621 3544 683 tegeretur,
3564 622 3709 674 aRe-

2061 693 2184 729 mna
2216 715 2227 729 .
2249 693 2317 729 ιιι.
2416 717 2425 726 .

2060 680 2227 741 gina],
2249 693 2317 735 χι,
2350 683 2425 729 60.
2956 680 2975 683 ’
3030 680 3048 684 ⁷
3317 680 3330 683 ⁷

2435 751 2510 798 De
2547 751 2844 800 Praebendi:
2872 760 2921 801 et
2955 754 3330 816 Dignitazibus.

2124 831 2491 900 Presbyterum
2507 833 2597 894 qui
2612 833 3052 900 inloconlterius,
3071 836 3265 900 injuste
3281 837 3446 885 altero
3463 838 3706 900 expulso,

2059 895 2337 942 ordinatus
2360 895 2548 949 fuerat,
2580 897 2621 942 si
2643 898 2755 943 sine
2775 895 2991 944 datione
3011 895 3183 949 aliqua
3205 899 3267 946 ad
3299 895 3546 949 eumdeui
3563 895 3709 949 ordié

2060 970 2183 1004 neni
2207 958 2554 1017 pervenisset,
2578 959 2700 1005 utin
2730 959 3075 1007 simoniacam
3099 958 3346 1010 haeresim
3375 976 3479 1010 non
3505 961 3706 1012 incide-

2060 1019 2144 1088 rit,
2167 1021 2217 1065 in
2247 1018 2350 1088 alia
2367 1021 2730 1083 qualicunque
2748 1027 2973 1070 vacante
2992 1023 3224 1072 Ecclesia
3254 1023 3488 1073 ordinari
3516 1040 3705 1088 praece-

2060 1084 2155 1144 pit,
2186 1095 2252 1136 Iv,
2293 1085 2368 1130 13.

2088 1144 2352 1254 911ὲιὸιιοοε
2379 1144 2572 1193 invitos
2599 1159 2836 1196 crescere
2855 1159 2962 1198 non
2982 1148 3223 1211 cogebat,
3257 1164 3289 1206 ι,
3316 1153 3400 1208 19;
3434 1164 3486 1210 ιι,
3507 1150 3620 1200 ind.
3647 1166 3700 1208 x,

2121 1268 2396 1317 Violenter
2425 1269 2698 1319 ordinatos
2727 1269 2782 1319 in
2801 1271 2972 1322 aliena
2989 1273 3239 1332 Ecclesia,
3259 1275 3325 1324 ad
3349 1289 3498 1324 suam
3532 1276 3704 1325 redire

2058 1332 2414 1393 permittebat,
2442 1345 2548 1391 xm,
2575 1336 2651 1382 28.

2119 1395 2380 1442 Clericum
2413 1395 2605 1459 alienas
2635 1396 2898 1457 parochias
2917 1403 3244 1459 suspectum.
3265 1401 3356 1448 sed
3386 1413 3492 1448 non
3525 1401 3707 1450 delin-

2056 1464 2328 1524 quentcrn,
2347 1457 2792 1524 pietatisintuitu
2819 1474 2915 1521 pro
2935 1457 3284 1510 sustentanda
3313 1469 3627 1524 panpertate
3648 1465 3702 1514 in

2055 1519 2860 1630 iiﬂlielnaiicclesifiincardinavit,
2878 1535 2944 1579 iv,
2967 1525 3039 1571 14.
3062 1526 3122 1573 Et
3137 1519 3466 1588 expulsum'a
3484 1527 3701 1590 propria

2099 1596 2153 1629 cc
2180 1597 2306 1630 esia.
2331 1596 2398 1630 vr.
2498 1617 2510 1629 .

2079 1581 2306 1637 Ecclesia,
2331 1596 2398 1638 vr,
2437 1586 2510 1630 11.

2121 1644 2403 1711 Ecclesiam
2419 1645 2765 1711 destructam,
2779 1647 2972 1696 deinde
2989 1654 3350 1711 recuperatam
3365 1651 3701 1699 commenda-

2056 1705 2149 1761 vit,
2171 1707 2323 1816 cuius
2340 1707 2540 1818 rediigus
2556 1722 2650 1770 pro
2663 1710 3052 1761 instauratione
3067 1705 3273 1762 et'cultu
3291 1712 3701 1776 Ecclesisejubet

2056 1781 2225 1818 exnen
2272 1785 2302 1818 ι.
2326 1784 2394 1818 iv.
2491 1806 2505 1818 .

2056 1770 2302 1825 expendi,
2326 1784 2394 1825 iv,
2429 1773 2505 1818 19.

2161 1831 2409 1894 ignitates
2423 1836 2475 1879 et
2488 1845 2710 1881 munera
2728 1834 2977 1884 Ecclesiae
2994 1835 3338 1886 inferioribus
3350 1837 3704 1886 suntdeman-

2054 1893 2246 1950 danda,
2262 1895 2477 1963 quando
2499 1896 2540 1941 is
2553 1895 2642 1957 qui
2661 1910 2723 1963 ex
2741 1896 3200 1963 ordincsequitur,
3216 1901 3699 1963 cuicompeterent,

2053 1969 2162 2026 non
2183 1957 2603 2026 essetidoneus:
2623 1962 2885 2026 quianon
2899 1957 3062 2020 locus,
3087 1963 3176 2010 sed
3199 1961 3402 2026 utilitas
3418 1957 3499 2011 est
3521 1957 3702 2026 provi;

2055 2019 2258 2086 de_n_da;
2283 2026 2335 2086 et
2371 2034 2477 2086 non
2507 2019 2655 2086 locus
2673 2024 2762 2070 sed
2786 2022 2924 2086 actio
2943 2032 3066 2084 apta
3088 2019 3536 2086 perquiritur,vu;
3559 2029 3636 2075 to.

2113 2081 2203 2156 Ille
2225 2080 2418 2156 prioris
2436 2084 2748 2156 antepenm
2776 2080 2992 2156 obtinet
3017 2080 3215 2156 locum,
3247 2088 3348 2156 qui
3369 2080 3435 2156 in:
3455 2080 3696 2156 ejusdem

2051 2143 2239 2198 oculis,
2259 2143 2414 2208 etiam
2452 2146 2493 2208 si
2530 2145 2594 2194 sit
2618 2147 2878 2208 abjectus,
2898 2148 3054 2197 boum
3080 2143 3306 2198 actiOnis
3337 2143 3696 2199 instrumento

2053 2207 2327 2269 placuerit,
2361 2206 2496 2254 ibid.

2109 2269 2400 2341 Episcopus
2413 2269 2602 2341 clerico
2617 2270 2912 2341 litterarum
2931 2271 3120 2341 ignaro
3135 2273 3486 2341 provideatde
3500 2273 3561 2322 iis
3574 2287 3695 2336 quas

2049 2334 2351 2397 necessaria
2373 2338 2506 2397 sunt
2531 2334 2596 2380 ad
2634 2336 2752 2382 vita
2774 2337 3234 2397 sustentationem,
3259 2349 3342 2395 vn,
3364 2340 3438 2385 11.

2112 2396 2397 2444 Pensiones
2428 2396 2634 2444 debitas
2657 2395 2865 2445 clericis
2891 2398 3023 2446 solvi
3050 2395 3229 2460 jussit,
3263 2412 3316 2455 ιι,
3340 2398 3449 2447 ind.
3474 2413 3526 2459 x,
3548 2402 3624 2450 44.

2645 2475 2716 2524 De
2743 2476 3096 2540 Regularibus.

2111 2555 2738 2625 Habitusmonacborum
2765 2557 2890 2620 quid
2909 2557 3054 2607 aliud
3074 2557 3275 2608 indicat
3292 2559 3390 2608 nisi
3407 2565 3690 2625 contemp-

2045 2621 2157 2666 tum
2193 2619 2410 2667 mundi?
2428 2633 2518 2674 xu,
2542 2622 2618 2668 24.

2109 2680 2329 2747 Abbatis
2352 2696 2532 2747 curam
2553 2686 2605 2730 et
2625 2681 2859 2747 ofﬁcium
2892 2681 3220 2747 describens,
3245 2684 3340 2731 ait:
3363 2683 3552 2747 Opinio
3570 2699 3688 2735 mo-

2044 2743 2261 2790 nasterii
2288 2743 2556 2804 peripsius
2571 2746 2945 2805 negligentiam
2970 2760 3077 2794 non
3098 2743 3433 2808 inquinetur:
3455 2761 3560 2796 non
3586 2749 3690 2798 fre-

2042 2811 2266 2868 quenter
2291 2808 2431 2854 foras
2453 2808 2780 2867 egrediatur:
2805 2808 2857 2856 in
2877 2809 3051 2857 causis
3068 2808 3422 2858 exterioribus
3445 2812 3691 2860 instituat

2043 2874 2461 2935 procuratorem;
2479 2870 2688 2935 lectioni
2705 2873 2756 2935 et
2770 2871 2996 2935 orationi
3012 2871 3513 2935 vacetzpauperibus
3527 2887 3692 2935 quan-

2039 2932 2151 2977 tum
2177 2930 2373 2994 poterit
2394 2930 2681 2990 largiatur:
2701 2933 2766 2979 de
2801 2932 3161 2994 hospitalitate
3185 2930 3253 2984 sit
3274 2930 3562 2983 sollicitus}
3584 2937 3688 2985 fra-

2037 2995 2144 3041 tres
2173 2991 2420 3059 similiter
2458 2995 2685 3044 orationi
2733 3000 2784 3042 et
2814 2991 3027 3044 lectioni
3060 3001 3268 3053 vacent,
3301 3011 3369 3052 ιιι,
3404 2998 3510 3045 ind.
3536 3012 3605 3054 xi,
3630 3001 3684 3059 3;

2037 3069 2109 3114 xl,
2140 3058 2212 3104 12.

2105 3117 2419 3167 Del'ormitas
2439 3119 2760 3175 monasterii,
2777 3119 3038 3177 stragulae
3058 3118 3366 3168 monasticae
3385 3120 3682 3181 dissolutio,

2038 3181 2360 3242 proveniunt
2383 3194 2442 3229 ex
2467 3182 2773 3230 inordinato
2797 3183 3088 3242 superioris
3109 3182 3386 3243 regimine,
3411 3183 3536 3231 dum
3562 3199 3682 3244 pec-

2035 3243 2287 3308 cantibus
2313 3244 2504 3308 leniter
2530 3243 2816 3302 blanditur,
2848 3245 3082 3308 dumque
3113 3245 3414 3294 inordinate
3447 3251 3499 3295 et
3539 3243 3682 3296 extra

2033 3305 2252 3354 modum
2277 3306 2616 3362 irascitur,xl,
2640 3309 2714 3355 48.

2098 3368 2431 3417 Visitatorem
2475 3369 2719 3416 abbatem
2765 3367 2829 3415 ad
2871 3369 3197 3417 monasteria
3241 3368 3556 3426 deformata,
3591 3372 3680 3421 ubi

2035 3430 2181 3496 nulla
2202 3432 2506 3480 monasticae
2532 3432 2724 3490 regulas
2750 3436 3015 3494 prmoepta
3032 3431 3493 3490 custodiebantur,
3513 3433 3680 3496 depu-

2032 3494 2180 3547 tavit,
2201 3507 2234 3547 r,
2257 3497 2334 3549 51,
2353 3496 2437 3551 5'2;
2459 3508 2506 3549 v,
2526 3497 2603 3543 50.

2094 3555 2543 3604 Reformationem
2559 3555 2935 3604 monachorum
2951 3555 3205 3618 episcopo
3219 3557 3678 3614 commisit,vn,35.

2030 3617 2094 3666 Et
2106 3632 2288 3666 eorum
2304 3621 2686 3668 correctionem
2703 3621 2763 3667 ad
2780 3618 3089 3667 instantiam
3103 3620 3308 3668 abbatis
3321 3620 3558 3682 ejusdem
3574 3634 3680 3669 mo-

2033 3682 2267 3737 nasterii,
2292 3695 2338 3737 x,
2364 3685 2441 3737 22,
2466 3684 2544 3730 23.

2092 3719 2729 3806 iiiShii’chFﬁhiququo
2763 3743 2902 3791 hosti
2923 3743 3265 3792 militantium
3297 3744 3677 3804 visitationem,

2029 3804 2458 3854 reformationem
2483 3812 2535 3854 et
2549 3804 2755 3854 morum
2771 3807 3151 3855 correctionem
3169 3806 3438 3855 defensori
3458 3808 3677 3856 commi-

2029 3867 2116 3926 sit,
2138 3881 2242 3921 xm,
2259 3871 2334 3916 16.

2093 3930 2243 3978 Pueri
2275 3935 2396 3996 ante
2419 3935 2630 3981 (etatem
2659 3944 2777 3980 xvul
2806 3944 3068 3980 annorum
3094 3945 3200 3980 non
3229 3932 3588 3996 suscipiantur
3622 3934 3675 3982 in

2027 3993 2392 4048 monasteriis,
2421 4009 2454 4050 ι,
2481 3997 2556 4044 50.

2090 4057 2410 4104 Monasteria
2427 4056 2811 4105 monachorum
2829 4069 2936 4105 non
2955 4055 3085 4105 ﬂant
3103 4057 3405 4107 habitacula
3420 4057 3676 4108 laicorum

2025 4117 2338 4177 ﬁngentium
2360 4133 2414 4167 se
2437 4120 2683 4180 religiose
2706 4121 2904 4175 vivere,
2931 4133 2976 4176 v,
3005 4122 3047 4168 1.

2086 4182 2316 4244 Tempus
2339 4179 2672 4244 probationis
2689 4181 2988 4239 biennium,
3008 4197 3058 4238 x.
3079 4183 3156 4233 24.

2087 4243 2519 4304 Reprehenditur
2541 4245 2828 4307 abbas,qui
2852 4250 2974 4308 ante
3000 4243 3367 4306 probationem
3391 4245 3675 4308 quemdam

2025 4311 2331 4369 susceperat
2361 4310 2421 4355 ad
2449 4306 2853 4369 professionem,
2880 4306 3009 4355 ibi'l.

2085 4368 2338 4418 Mulieres
2359 4372 2409 4417 in
2432 4368 2815 4418 monachorum
2839 4369 3177 4418 monasteriis
3198 4382 3303 4418 non
3331 4369 3454 4425 sint,
3477 4384 3511 4424 ι.
3532 4373 3609 4419 50.

2085 4429 2337 4481 Mulieres
2359 4433 2422 4480 ad
2451 4433 2835 4481 monachorum
2860 4435 3180 4480 monasteria
3206 4446 3308 4479 non
3328 4432 3602 4487 accedant,
3624 4435 3675 4480 et

2025 4494 2270 4542 Monacbi
2303 4508 2394 4542 eas
2416 4495 2516 4542 sibi
2539 4501 2858 4543 commatres
2889 4495 3107 4542 minime
3131 4493 3348 4549 faciant,
3375 4507 3439 4547 Iv,
3468 4496 3543 4542 42.

2084 4555 2377 4604 Monachos
2405 4563 2656 4616 vagantes
2682 4558 2746 4604 de
2775 4555 3100 4604 monasterio
3124 4558 3174 4603 in
3201 4556 3584 4604 monasterium
3605 4556 3669 4604 ad

2023 4619 2302 4680 pristinam
2335 4620 2567 4680 regulam
2601 4617 2809 4668 abbatis
2840 4619 2920 4666 sui
2945 4617 3232 4674 revocavit,
3253 4632 3287 4677 ι,
3315 4620 3391 4666 42.

2085 4680 2145 4728 Et
2161 4679 2428 4740 dispersos
2447 4682 2660 4730 mandat
2677 4680 2944 4730 defensori
2965 4680 3221 4741 perquiri,
3239 4680 3464 4742 illosque
3487 4679 3674 4728 inven-

2023 4745 2106 4790 tos
2137 4743 2313 4805 abbati
2342 4758 2438 4792 suo
2460 4744 2684 4802 restitui,
2709 4758 2743 4802 ι,
2766 4746 2845 4802 41,
2864 4746 2941 4792 42.
2964 4745 3026 4793 Et
3055 4743 3188 4792 alios
3209 4742 3463 4805 fugitivos
3485 4743 3671 4791 inven-

2023 4804 2186 4874 tos__in
2208 4820 2474 4874 carcerem
2502 4808 2799 4874 retrml_i,_u,_
2825 4810 2900 4874 28.
2953 4868 2964 4874 ⁸
3376 4866 3388 4874 _
3463 4864 3474 4874 ο

2085 4867 2270 4917 Clerici
2293 4867 2465 4931 effecti
2479 4870 2726 4918 monachi
2739 4869 2804 4918 ad
2819 4868 3094 4931 pristinam
3111 4880 3259 4916 suam
3274 4866 3567 4917 Ecclesiam
3593 4880 3669 4916 re-

2023 4931 2157 4979 verti
2189 4930 2560 4994 prohibeotur,
2593 4947 2628 4990 ι,
2657 4935 2734 4981 42.

2086 4991 2376 5057 .'t_tonacbus
2398 4993 2618 5043 etfectus
2643 4996 2708 5043 ab
2726 4994 2974 5057 episcopo
2996 4992 3489 5057 sacerdos,manere
3513 4991 3673 5042 debet

2023 5054 2351 5119 inﬁcclesia,
2386 5057 2440 5105 in
2473 5071 2577 5119 qua
2593 5054 2872 5106 ordinatus
2901 5054 2997 5112 est,
3034 5055 3166 5119 ibid.

2085 5115 2333 5167 Monacbi
2351 5119 2429 5187 vel
2445 5115 2667 5169 abbates
2684 5119 2748 5187 ad
2769 5120 3046 5187 clericatus
3062 5117 3316 5187 ofﬁcium,
3330 5116 3412 5187 vel
3425 5116 3670 5187 ordinem

2024 5193 2234 5228 sacrum
2259 5182 2592 5238 accedentes,
2628 5181 2823 5230 nullam
2854 5182 3084 5230 habeant
3105 5182 3336 5243 amplius
3359 5180 3413 5228 in
3437 5180 3540 5228 illis
3562 5193 3673 5229 mo-

2025 5243 2273 5352 uastari?
2305 5250 2635 5354 poitgslatcm,
2666 5259 2749 5301 vn,
2769 5247 2854 5302 43;
2881 5256 3052 5306 neque
3082 5242 3347 5293 licentiam
3371 5243 3670 5301 habitandi,

2025 5317 2130 5354 vni.
2170 5321 2223 5354 ιη
2269 5341 2280 5354 .
2307 5321 2337 5354 ι.
2437 5343 2448 5354 .

2025 5317 2130 5359 vm,
2170 5305 2280 5354 ind.
2307 5305 2337 5361 i,
2374 5307 2448 5357 15.

2087 5368 2368 5433 Saecularis
2392 5370 2610 5433 clericus
2639 5383 2744 5419 non
2772 5369 2939 5433 possit
2968 5382 3083 5417 esse
3111 5367 3293 5433 abbas,
3319 5369 3410 5433 qui
3434 5369 3488 5433 si
3507 5368 3674 5433 abbas

2022 5443 2138 5495 esse
2173 5431 2417 5493 voluerit,
2455 5432 2663 5480 desinat
2693 5446 2809 5482 esse
2842 5431 3084 5480 clericus.
3123 5431 3449 5495 Satisenim,
3477 5431 3669 5495 inquit,

2021 5494 2378 5564 incongruum
2397 5499 2496 5564 est,
2514 5495 2554 5542 si
2575 5509 2692 5542 cum
2717 5508 2888 5564 unum
2903 5509 2965 5542 ex
2988 5495 3184 5564 nis_pr_o
3199 5493 3283 5542 sui
3304 5493 3670 5564 magnitudine

2019 5553 2308 5619 diligenter
2331 5559 2451 5618 quis
2467 5570 2570 5604 non
2587 5558 2754 5616 possit
2768 5557 3002 5619 explere,
3023 5553 3419 5619 adiutrumque]
3432 5557 3671 5604 udicetur

2018 5616 2249 5666 idoneus
2271 5633 2281 5666 :
2301 5616 2482 5681 sicque
2504 5619 2732 5668 invicem
2762 5624 2814 5668 et
2842 5616 3234 5668 ecclesiasticus
3255 5616 3538 5681 ordo—'vitaa
3561 5630 3669 5665 mo-

2017 5681 2274 5790 ruistiriaa.l
2293 5686 2348 5729 et
2377 5679 2752 5790 ecclf'siasticis
2775 5682 3093 5732 utilitatibus
3112 5682 3297 5746 regula
3317 5679 3669 5730 monacbatus

2017 5755 2157 5790 lutlti‘
2209 5757 2251 5789 ta
2282 5758 2362 5790 111⁸.
2385 5759 2453 5790 IV.
2553 5783 2564 5790 .

2016 5742 2362 5798 impediatur,
2385 5759 2453 5798 Iv,
2489 5747 2564 5794 11.

2079 5758 2345 5790 ιιίιαιιιιιιν
2385 5759 2453 5798 ιν,
2524 5758 2564 5794 ‘l.

2079 5758 2326 5870 titonachi
2351 5758 2716 5870 prohibentur
2739 5809 2791 5858 in
2823 5808 3049 5870 strepitu
3073 5816 3348 5856 causarum
3378 5801 3667 5870 forensium

2013 5868 2214 5920 versari
2240 5883 2251 5918 :
2272 5882 2337 5922 ne
2359 5862 2616 5923 distracta
2633 5885 2782 5925 mens
2805 5884 2899 5934 per
2917 5862 3092 5923 v'arias
3108 5877 3394 5920 causarum
3417 5877 3570 5916 curas
3586 5862 3672 5912 de-
