4100 6164
374 294 526 360 1ά35

409 497 568 551 escat,
605 508 641 551 i,
673 493 755 542 69.

443 508 552 542 scat
605 508 617 540 i
673 508 755 542 os.

371 508 709 620 peNegbtiiim
738 553 992 604 onasterii
1017 568 1110 618 per
1134 559 1530 618 procuratorem
1549 562 1791 620 agantur,
1815 572 1885 615 ιιι,
1907 558 2020 608 ind.

375 633 440 669 ιι.
474 623 522 668 3.

429 657 816 745 ,A‘b'batemjam
840 684 1073 729 creatum
1088 681 1249 745 jussit
1269 683 1550 745 removeri,
1565 682 1654 745 qui
1674 685 1853 733 astatu
1871 683 2017 734 habi-

373 749 459 794 tus
489 745 569 792 sui
601 743 752 806 lapsu
780 745 1017 806 corporis
1048 743 1333 806 ceciderat,
1359 758 1430 793 ιιι.
1453 744 1562 791 ind.
1582 743 1669 804 an,
1692 748 1768 792 23.

435 808 561 855 Item
593 804 668 871 Iv.
689 811 744 871 κϐ,
767 804 897 868 quia
925 807 1012 871 qui
1041 810 1116 871 tot
1139 805 1430 871 discipulos
1454 821 1547 869 per
1569 821 1715 854 suam
1744 808 2018 871 negligen-

374 871 499 918 tiam
533 870 594 916 ad
621 867 890 917 infernum
927 869 1094 924 duxit,
1121 867 1340 933 reliquis
1372 867 1604 931 unquam
1638 867 2018 933 praeponi—non

375 933 589 980 debuit:
616 934 758 980 unde
781 946 946 996 unum
965 945 1023 979 ex
1043 932 1365 996 monasterio
1384 932 1843 996 reformatojussit
1861 935 1910 981 in
1932 935 2018 982 illo

374 995 700 1058 monasterio
720 994 931 1055 praefici,
951 993 1163 1056 utquod
1178 993 1853 1058 illiusincurianegligitur,
1870 996 2020 1045 istius

377 1057 735 1106 sollieitudine
767 1062 1028 1104 servetur.

439 1118 728 1185 Ecclesiam
761 1118 1067 1185 secularem
1096 1119 1638 1185 regularemreddidit
1660 1122 1727 1170 ob
1750 1122 2018 1185 negligen-

380 1182 503 1246 tiam
525 1182 960 1246 Presbyterorum
979 1182 1028 1246 in
1051 1183 1225 1229 missis
1240 1180 1435 1246 divinis
1452 1183 1782 1232 celebrandis
1801 1180 2017 1246 pupiilo,

378 1245 668 1293 dummodo
689 1244 855 1293 abbas
873 1245 1240 1306 presbyterum
1265 1259 1356 1304 pro
1371 1244 1530 1294 missa
1551 1246 1601 1292 in
1623 1260 1680 1294 ea
1696 1244 2018 1297 Ecciesiace-

374 1308 630 1418 lebrpéida
660 1321 838 1356 secum
870 1305 1104 1366 haberet,
1125 1305 1299 1355 eidem
1329 1308 1449 1356 vitm
1472 1307 1721 1357 subsidiis
1750 1312 2017 1373 praestitis,

383 1385 454 1418 iv.
555 1407 565 1418 .

383 1385 454 1424 iv.
492 1375 565 1418 18.

440 1432 888 1498 Abbasdiacouus
904 1430 949 1479 si
963 1432 1142 1498 lapsus
1166 1432 1341 1498 fuerit,
1357 1432 1398 1498 si
1415 1433 1753 1498 postmodum
1770 1433 1822 1482 in
1841 1435 2018 1498 paeni-

376 1497 543 1561 tentia
572 1495 688 1557 ejus
719 1496 1050 1544 conversatio
1080 1496 1348 1555 meruerit,
1383 1495 1521 1543 inter
1548 1495 1854 1547 monachos
1872 1500 2018 1561 prior

377 1556 750 1618 constituatur,
772 1572 822 1612 v,
855 1561 900 1606 3.

439 1622 496 1668 In
523 1619 856 1670 monasteriis
886 1618 1168 1682 episcopus
1189 1619 1428 1682 publicas
1449 1620 1638 1669 missas
1669 1635 1789 1670 cum
1813 1637 1910 1671 sua
1938 1636 2020 1672 ca-

375 1681 566 1731 thedra
597 1696 702 1730 non
730 1682 975 1737 celebret,
1001 1681 1100 1728 nisi
1125 1681 1295 1731 in’die
1326 1683 1679 1732 dedicationis
1712 1686 1796 1734 vel
1829 1686 2018 1734 natalis

376 1746 715 1811 monasterii:
741 1745 792 1793 in
826 1743 1258 1811 reliquis‘diebus
1291 1759 1387 1806 per
1422 1747 1791 1809 presbyterum
1814 1747 1880 1796 ab
1903 1749 2018 1811 ipso

378 1807 710 1868 deputatum.
744 1821 796 1864 ll,
828 1810 878 1856 41
904 1823 915 1864 ;
946 1821 1013 1868 vr,
1047 1809 1139 1866 46;
1170 1822 1253 1858 vn.
1289 1812 1363 1856 12.

440 1869 587 1919 Servi
605 1869 849 1919 Ecclesize
873 1870 982 1918 fieri
1006 1870 1250 1919 monachi
1267 1871 1524 1925 volentes.
1540 1871 1688 1932 prius
1706 1873 1758 1921 in
1775 1871 1908 1921 laico
1930 1872 2021 1921 ba-

378 1930 491 1981 bitu
516 1932 830 1997 probentur.
849 1931 982 1983 Olim
1007 1947 1072 1993 iv,
1089 1934 1166 1987 44,
1181 1948 1315 1982 nunc
1339 1933 1394 1983 in
1415 1930 1694 1997 appendices
1715 1935 1769 1985 in
1787 1935 2020 1984 Decreiis

379 1996 546 2043 sancti
567 1995 828 2057 Gregorii.

438 2057 732 2120 EpiscOpus
768 2060 908 2108 circa
937 2057 1260 2107 monasteria
1295 2057 1558 2118 invigilat,
1590 2073 1658 2116 vr,
1686 2063 1758 2109 11.

439 2121 726 2192 Monachos
749 2121 1350 2192 presbyterosordinari
1373 2120 1613 2182 permisit
1629 2123 1691 2192 ad
1715 2123 2020 2192 postulatio:

377 2195 500 2232 nem
532 2182 786 2246 episcopi,
819 2185 886 2233 ob
911 2182 1194 2246 penuriam
1226 2185 1576 2235 clericorum:
1609 2185 1652 2233 si
1675 2191 1846 2237 tamen
1870 2187 2020 2247 digni

377 2251 574 2305 reperti
601 2248 841 2302 fuissent,
871 2261 936 2304 vr,
970 2249 1046 2295 28.

437 2309 681 2419 Εηὶδὲορὶ
697 2309 1137 2419 ξιὲοιιιιειειὶιιηοιι
1154 2315 1394 2373 gravent,
1410 2310 1501 2360 sed
1518 2311 1831 2368 defendant,
1849 2325 1916 2372 vr,
1933 2311 2018 2371 29;

437 2385 464 2419 Ι.
490 2387 543 2418 sn
591 2414 597 2419 .
633 2388 665 2419 1.
763 2409 774 2419 .

377 2384 464 2428 Vir,
490 2373 597 2420 ind.
633 2388 665 2428 ι,
703 2377 774 2422 18.

441 2433 736 2498 Presbyteri
770 2437 1054 2485 simulares
1098 2434 1355 2485 molestiis
1396 2435 1719 2484 monasteria
1756 2448 1866 2485 non
1909 2435 2020 2484 affi-

377 2497 536 2558 ciant,
561 2497 717 2559 v,’28;
748 2513 814 2552 vi,
851 2501 940 2557 4ος
977 2514 1082 2555 vni,
1114 2501 1223 2547 ind.
1254 2513 1287 2554 ι,
1329 2499 1401 2546 15.

440 2561 633 2612 Clerici
652 2563 933 2613 steculares
958 2567 1024 2615 ad
1055 2566 1377 2614 monasteria
1398 2577 1504 2612 non
1531 2560 1800 2617 accedant,
1828 2560 1931 2610 nisi
1955 2561 2019 2610 ad

378 2626 660 2683 orandum,
695 2627 779 2675 vel
809 2629 1014 2677 invitati
1045 2630 1110 2677 ad
1142 2627 1426 2677 missarum
1457 2625 1734 2679 solemnia,
1760 2639 1846 2681 vn,
1870 2629 1948 2674 43.

439 2685 1040 2799 Ερξειὲοριιε1ἑιοοαεὶοιιθ
1072 2689 1291 2753 hospitii
1328 2688 1650 2738 monasteria
1679 2701 1788 2736 non
1819 2691 2020 2751 gravet.

439 2762 478 2799 Il.
513 2764 564 2799 ιη
611 2790 620 2799 .
655 2767 686 2799 ι.
789 2791 800 2799 .

375 2760 478 2804 Vm.
513 2757 620 2799 ind.
655 2767 686 2804 ι.
724 2757 800 2804 15.

440 2789 976 2876 ἓρῖέέὀιίῖιέᾛοηιιὶεἱ
1010 2815 1264 2866 visitaudi
1294 2815 1466 2878 gratia
1494 2812 1576 2878 vel
1609 2811 1922 2878 exhortandi
1955 2811 2021 2860 ad

377 2878 950 2990 gopasterbiqzaccedat,
968 2875 1400 2930 utdesideranter
1414 2875 1581 2941 ipsius
1595 2875 1855 2924 adventus
1869 2888 2024 2938 expe-

431 2951 457 2984 e
488 2952 570 2990 ur.
607 2956 620 2988 ι
665 2958 677 2990 ι
725 2979 736 2990 .

378 2942 570 2990 ctetur.
607 2942 736 2990 ibid.

437 2977 836 3072 .Ium’on‘jasterio
853 3005 1237 3072 monachorum
1261 3004 1637 3072 presbyterum
1657 3000 2024 3072 ordinariper-

377 3063 540 3174 piisit,
565 3067 656 3129 qui
688 3069 741 3118 in
775 3083 836 3118 eo
867 3083 1018 3119 sacra
1045 3063 1325 3118 missarum
1343 3063 1605 3116 solemnia
1622 3064 1934 3120 celebraret,
1952 3077 2018 3120 vr.

438 3187 732 3256 Venientes
762 3195 825 3244 ad
853 3193 1163 3256 religionem
1187 3191 1442 3242 charitate
1466 3187 1786 3256 suscipiendi
1804 3191 1945 3256 sunt,
1971 3192 2026 3237 et

372 3249 584 3300 blandis
601 3249 1056 3306 consolationibus
1076 3257 1370 3314 refovendi,
1398 3259 1453 3301 ut
1485 3255 1536 3300 in
1560 3266 1638 3310 ea,
1662 3265 1822 3313 quam
1855 3251 2024 3314 elege-

373 3317 504 3362 runt
530 3322 950 3377 conversatione,
978 3321 1148 3368 modis
1169 3313 1419 3369 omnibus
1438 3317 1543 3365 Deo
1569 3314 1857 3376 adjuvante
1881 3313 2022 3363 dele-

376 3377 592 3448 ctentur
620 3385 922 3448 persistere,
955 3398 1025 3440 vr,
1059 3386 1136 3448 48.
1165 3444 1194 3448 __
1310 3443 1324 3448 _
1425 3442 1436 3448 ,
1531 3439 1575 3448 -,.
1615 3439 1626 3448 .

436 3439 880 3495 Abbas'moribus
910 3439 961 3494 et
984 3444 1282 3493 actionibus
1310 3442 1468 3492 bonis
1493 3439 1664 3488 ofﬁcio
1694 3453 1790 3487 suo
1809 3452 2023 3500 respon-

377 3498 516 3612 ῗὲαῐ,
535 3508 592 3553 ut
614 3509 1036 3558 vaieatadversae
1055 3506 1325 3571 opinionis
1339 3501 1673 3554 occasionem
1693 3498 1919 3558 auferre,
1933 3515 2020 3556 vn,

438 3625 837 3696 Magisdiguum
863 3624 2021 3696 admirationemonachumjudicassetGre-

377 3689 577 3750 gorius.
605 3695 645 3742 si
667 3689 942 3757 nunquam
967 3698 1192 3745 aliorum
1215 3694 1464 3757 ducatum
1488 3689 1720 3757 arripere
1748 3689 2019 3757 voluisset,

379 3764 499 3820 cum
523 3751 842 3820 suscepisset
863 3774 1048 3809 eorum
1071 3772 1271 3812 curam,
1289 3756 1380 3819 qui
1407 3751 1612 3820 species
1634 3751 2018 3820 monachorum

379 3817 639 3877 tenerent,
671 3813 724 3870 et
755 3824 918 3872 multa
956 3822 1028 3871 ibi
1065 3821 1165 3870 sub
1201 3813 1496 3869 sanctitatis
1526 3815 1711 3865 habitu
1747 3813 2023 3864 secularia

381 3885 620 3938 agerent.
651 3896 740 3938 vu.
762 3888 840 3934 32.

445 3939 768 3995 Hortabatur
789 3947 1034 3997 abbatem
1056 3946 1120 3995 ad
1147 3940 1581 3994 reformationem
1601 3952 1820 3989 suorum
1838 3952 2022 3988 mona-

383 4000 624 4072 Chgrum.
657 4011 712 4072 et
741 4009 803 4057 ad
836 4023 1025 4072 pacem,
1051 4021 1171 4057 cum
1196 4021 1297 4072 _s_uo
1332 4005 1602 4072 episcopo,
1637 4001 1772 4072 ibid.

385 4063 999 4174 dabpiscopiiémonachos
1016 4063 1388 4120 iuobedientes
1405 4081 1501 4116 suo
1519 4063 1696 4114 abbati
1720 4077 1830 4114 non
1847 4063 2026 4113 defen-

459 4141 486 4172 ι
517 4163 528 4174 .
555 4142 640 4174 vri.
675 4137 715 4174 ζ.
737 4169 750 4174 -

423 4135 528 4183 ant,
555 4142 640 4186 vii,
675 4135 750 4182 35.

459 4141 485 4164 η
675 4137 683 4148 ⁸

443 4137 960 4267 ἓὲίξιὲἔξιὶῗὲὶιὶερορο
973 4208 1028 4244 se
1047 4195 1292 4267 daturum
1313 4191 1413 4255 ipsi
1429 4190 1564 4267 alios
1579 4189 1937 4267 mopachps.si
1951 4189 2022 4243 hi,

384 4251 478 4314 qui
509 4253 578 4303 ibi
613 4251 784 4317 erant,
812 4251 917 4320 ipsi
938 4271 1045 4305 non
1071 4251 1377 4320 placerent:
1405 4254 1448 4301 si
1468 4258 1653 4320 _tamen
1671 4251 1928 4320 talialoca
1948 4265 2026 4300 es-

388 4319 524 4374 lenl,
561 4324 618 4368 ut
641 4315 780 4368 esset
806 4315 880 4368 ibi
915 4315 1369 4369 unde'subsistere
1400 4315 1658 4372 valerent,
1681 4327 1772 4370 vn.
1797 4316 1871 4363 43.

447 4379 722 4439 Monacho,
739 4381 830 4447 qui
850 4381 1067 4448 lectioni
1086 4382 1322 4448 vacabat.
1339 4384 1391 4448 et
1411 4378 1778 4448 laborarenon
1799 4381 2025 4448 poterat,

385 4452 647 4551 expfpsas
677 4460 735 4495 ex
754 4441 878 4495 "suas
907 4446 1091 4495 matris
1114 4445 1412 4494 substantia
1435 4441 2024 4503 subministrarijussit,

385 4517 452 4551 iv.
554 4544 564 4551 .

385 4517 452 4560 Ν,
489 4513 564 4555 67.

450 4569 1026 4636 Nullusepiscoporum
1045 4570 1128 4636 vel
1145 4567 1478 4636 saecularium
1496 4563 1832 4636 dereditibus
1849 4576 2030 4636 mqua-

387 4635 535 4688 sterii
575 4634 660 4683 vel
690 4627 992 4698 privilegiis
1029 4633 1225 4684 audeat
1259 4632 1458 4695 aliquid
1493 4630 1754 4686 minuere,
1785 4641 1889 4685 vni,
1913 4627 2025 4678 ind.

386 4715 421 4750 ι.
456 4702 534 4749 15.

408 4737 421 4758 ’
447 4737 632 4812 Clausae
651 4773 771 4822 quas
789 4759 1037 4809 oriuntur
1055 4761 1191 4808 inter
1206 4756 1494 4822 Ecclesiam
1519 4754 1753 4822 episCOpi
1775 4755 1826 4802 et
1847 4764 2030 4822 mona-

387 4825 567 4936 szezia.
600 4815 916 4873 decidantur
944 4823 1009 4873 ab
1037 4822 1250 4872 arbitris
1285 4819 1352 4869 ab
1383 4815 1607 4882 utraque
1642 4819 1794 4880 parte
1831 4815 2027 4877 electis,

387 4903 409 4936 s
447 4902 462 4935 ι
508 4926 518 4936 .

386 4902 518 4937 τοια.

449 4951 744 5012 Extraneus
770 4961 877 5012 non
910 4948 1138 5012 eligatur
1153 4945 1335 5006 abbas,
1357 4943 1448 5012 sed
1467 4957 1528 4992 ex
1547 4941 1730 4992 eadem
1753 4951 2029 5012 conversa-

393 5013 537 5062 tione
558 5024 569 5060 :
589 5010 730 5074 quod
766 5011 807 5074 si
838 5015 960 5073 apta
984 5001 1067 5074 ibi
1095 5023 1200 5074 non
1226 5001 1521 5071 reperiatur
1543 5016 1792 5068 persona,
1816 5001 1880 5052 de
1912 5001 2030 5050 aliis

393 5071 729 5138 monasteriis
761 5071 1005 5138 eligatur,
1027 5071 1158 5138 ibid.
1311 5133 1324 5138 _
1400 5133 1428 5138 ,Δ
1514 5132 1524 5138 Δ
1665 5133 1672 5138 _
1852 5127 1886 5138 η

451 5134 718 5185 Cellerarii
750 5127 913 5184 vitam
944 5127 1142 5198 inquiri
1171 5133 1459 5198 mandavit,
1479 5132 1533 5180 et
1552 5133 1817 5193 quatenus
1837 5127 2031 5191 dignus

390 5204 658 5264 repertus,
688 5196 1035 5264 ordinaretur
1056 5198 1238 5264 abbas.
1271 5210 1378 5264 sui,
1409 5196 1490 5264 24.
1572 5255 1586 5264 _
1944 5253 1955 5264 .

455 5255 676 5326 Ejicitur
694 5261 760 5309 ab
781 5260 1040 5310 electione
1059 5261 1111 5309 in
1137 5259 1382 5326 abbatem
1402 5257 1493 5326 qui
1511 5255 1656 5326 solus
1674 5266 1892 5326 peregre
1915 5255 2030 5323 sine

392 5316 574 5388 aliquo
597 5325 815 5388 fratrum
841 5336 1237 5388 suorum‘ausus
1259 5325 1340 5371 est
1364 5316 1626 5388 proﬁcisci
1645 5332 1669 5388 :_
1682 5331 1746 5365 ex
1767 5316 1867 5365 hoc
1887 5316 2030 5388 enim

393 5381 748 5499 cogbosgitpr.
790 5386 934 5449 quod
979 5383 1072 5450 qui
1117 5386 1229 5434 sine
1269 5381 1399 5434 teste
1438 5381 1695 5442 ambulat,
1737 5391 1847 5428 non
1893 5382 2032 5428 recte

393 5465 500 5499 vivi
531 5489 542 5499 .
568 5466 588 5499 ι
627 5465 639 5498 ι
689 5485 698 5496 .

391 5450 542 5501 vivit.
568 5450 698 5499 ibid.

453 5489 852 5564 N-emd'viventi
882 5508 1057 5558 abbati
1091 5509 1330 5574 qualibet
1351 5509 1631 5574 occasione
1657 5504 1711 5554 in
1731 5518 1827 5574 suo
1849 5516 2034 5574 mons-

394 5578 553 5627 sterio
593 5577 938 5638 praepopatur
977 5566 1291 5632 (nisi'certi:
1319 5571 1628 5620 criminibus
1668 5566 2030 5627 exstantibus),

396 5653 505 5690 vni.
538 5635 642 5688 iui].
676 5635 716 5690 i.
749 5635 822 5683 15.

433 5654 892 5751 Ἥίοζιὲέιιιίἶὶξιῒίἱο
906 5694 1115 5748 abbate.
1130 5709 1236 5744 non
1252 5696 1643 5745 transferantur
1653 5692 1722 5742 ad
1734 5690 2036 5742 ordinanda

396 5763 502 5813 alia
531 5761 877 5815 monasteria.
896 5771 1071 5820 neque
1097 5758 1162 5806 ad
1185 5758 1621 5820 ordinessacros,
1641 5769 1813 5820 neque
1835 5755 1899 5804 ad
1922 5754 2034 5802 offi-

399 5823 847 5887 ciumiclericatus
876 5817 1312 5887 promoveantur,
1342 5817 1501 5887 ἄξω.-
1608 5817 1616 5819 ⁷
1726 5817 1743 5820 “
1819 5883 1825 5887 Δ
1898 5879 1912 5887 .
1964 5877 1997 5887 η

462 5886 643 5936 Abbas
655 5888 719 5934 de
737 5877 1008 5934 monachis
1022 5880 1114 5945 qui
1128 5881 1183 5931 in
1196 5880 1534 5933 monasteriis
1546 5883 1835 5942 supersunt
1851 5879 1915 5930 ad
1932 5877 2035 5931 alia

877 295 1115 357 INDEX
1165 295 1625 359 TITULORUM
1669 297 1772 358 EX
1814 297 2212 363 EPISTOLIS
2259 303 2322 363 S.
2373 299 2748 364 GREGOBII
2791 301 3272 363 EXCERPTUS.

368 431 516 491 ﬂuat,
553 434 604 480 et
634 428 698 479 ad
731 427 1115 480 celebrandum
1148 442 1283 492 opus
1313 434 1625 480 consuetum
1648 435 1902 483 enervata
1922 437 2023 484 tor-

3617 306 3645 365 1
3656 305 3781 366 436

2133 434 2464 500 monasteria
2488 434 2812 500 ordinanda,
2845 433 3051 500 aliquos
3085 432 3298 484 mittere
3327 433 3528 498 possit:
3555 437 3701 500 quod
3734 436 3781 486 si

2134 498 2380 554 noluerit.
2413 499 2696 559 episcopus
2721 502 2892 558 cogat,
2927 496 3059 548 ibid.

2193 561 2390 624 Abbas,
2413 566 2469 609 et
2489 574 2647 624 nemo
2663 559 2820 616 alius,
2844 559 3236 624 attestationem
3253 559 3517 610 bonorum
3535 561 3781 612 invento-

2130 637 2248 671 rum
2285 622 2595 671 monasterii
2631 623 2804 683 faciat,
2837 622 2964 673 ibid.

2190 686 2528 749 Monachum,
2543 699 2701 749 quem
2721 700 2900 734 secum
2924 686 3185 749 retinebat
3202 686 3270 733 ob
3288 686 3535 735 solatium
3555 687 3778 748 quodin

2129 748 2292 797 verbo
2323 749 2414 797 Dei
2447 747 2574 796 cum’
2598 763 2658 796 eo
2690 749 2938 804 habebat,
2958 747 3166 796 remisit
3187 749 3250 796 ad
3285 747 3676 799 monasterium
3708 752 3779 800 ob

2126 813 2440 860 monasterii
2477 813 2868 866 necessitatem.
2901 823 3013 866 vni,
3046 811 3155 860 ind.
3190 822 3228 866 ι,
3263 813 3337 860 16.

2188 874 2352 939 .lussit
2375 878 2439 939 ut
2469 873 3107 939 episcopusmonasterio
3131 875 3434 939 restitueret
3455 875 3641 924 omnia
3657 889 3780 939 qum

2128 936 2228 984 sub
2258 937 2404 983 xenii
2440 951 2548 997 spei
2566 937 2613 984 ie
2641 937 2705 984 ab
2737 935 2825 985 illo
2848 936 3160 991 abstulerat,
3192 950 3304 991 vni,
3335 937 3444 985 ind.
3477 952 3512 997 ι,
3537 940 3618 988 34.

2143 999 2351 1108 ,όξιίεδὶὶ
2374 1003 2431 1047 ut
2455 999 2738 1062 episcopus
2757 998 3050 1048 monachos
3067 999 3442 1062 delinquentes
3463 1002 3778 1064 corrigeret,

2143 1073 2151 1108 ι
2191 1077 2228 1108 ι(
2253 1096 2264 1108 .

2130 1073 2264 1112 26m.

2200 1124 2580 1173 Monasterium
2604 1138 2630 1170 a
2649 1123 3018 1187 jurisdictione
3052 1124 3288 1187 episcopi
3314 1123 3538 1175 omnino
3559 1124 3782 1182 exemit,

2129 1193 2484 1248 praeterquam
2517 1188 2568 1234 in
2596 1187 2802 1235 abbatis
2833 1186 3192 1248 ordinatione,
3219 1186 3281 1247 ιι,
3308 1190 3386 1243 41.
3420 1187 3497 1237 42.

2194 1249 2525 1308 Privilegium
2540 1250 2889 1311 exemptionis
2903 1251 3223 1298 monasterio
3237 1251 3420 1298 tribuit
3433 1252 3498 1299 ab
3512 1249 3660 1298 omni
3676 1251 3786 1309 epi-

2131 1313 2276 1374 scopi
2292 1311 2686 1373 jurisdictione,
2709 1318 2898 1371 praeter
2915 1311 3244 1374 diligentiam
3263 1311 3580 1375 disciplinae,
3596 1327 3648 1368 v,
3668 1313 3750 1360 37.

2196 1375 2867 1438 Mnuasteriaregularium
2893 1376 3168 1437 utriusque
3191 1389 3346 1424 sexus
3367 1390 3398 1424 a
3423 1375 3643 1424 nemine
3664 1390 3785 1438 per-

2128 1439 2431 1491 turbentur,
2453 1436 2543 1502 sed
2570 1438 2779 1502 illorum
2800 1451 2974 1487 causa;
2996 1438 3062 1486 ab
3085 1436 3336 1502 episcopo
3357 1443 3567 1488 tantum
3587 1436 3786 1502 cogno-

2129 1504 2365 1560 scantur,
2396 1513 2465 1555 ix,
2497 1499 2606 1547 ind.
2641 1514 2696 1555 ιι,
2732 1499 2813 1548 64.

2190 1562 2482 1611 Monachus
2511 1562 2601 1610 ﬁat
2627 1562 2925 1627 presbyter,
2954 1562 3408 1627 quemunanimis
3435 1565 3783 1627 congregatio

2129 1624 2349 1682 elegerit
2380 1629 2599 1687 propter
2636 1626 2913 1687 penuriam
2945 1625 3252 1686 sacerdotis,
3285 1641 3354 1686 ix,
3388 1625 3498 1676 ind.
3532 1624 3585 1687 ιῐ,
3607 1631 3687 1676 92.

2189 1687 2474 1751 Presbyter
2489 1689 2552 1736 ad
2570 1688 2954 1751 monachorum
2970 1687 3348 1737 monasterium
3367 1689 3785 1751 deserviendum

2131 1749 2480 1812 postulandus
2515 1753 2596 1799 est
2631 1751 2694 1799 ab
2725 1749 2994 1813 episcopo.
3021 1764 3120 1800 nec
3142 1751 3274 1800 alius
3305 1756 3388 1801 est
3416 1750 3783 1814 deputandus.

2128 1827 2235 1871 viii,
2267 1817 2314 1861 2.

2190 1874 2522 1940 Transmittit
2534 1874 2855 1940 monachum
2873 1889 2969 1937 pro
2981 1875 3370 1940 gubernatione
3389 1875 3785 1940 monachorum

2129 1939 2380 2006 episcopo
2393 1937 2764 2006 Neapolitano,
2781 1937 3080 2006 quemtiiuc
3095 1938 3440 2001 praepositum
3462 1953 3579 2006 esse
3599 1939 3785 1988 decer-

2128 1999 2327 2049 nebati
2359 1999 2582 2065 quodsi
2613 2003 2729 2065 ejus
2759 1999 2871 2050 vita
2895 1999 2973 2048 illi
3007 1999 3255 2065 placeret.
3291 2006 3410 2063 post
3439 2001 3784 2065 aliquantum

2131 2063 2387 2124 temporis
2428 2064 2638 2113 illorum
2678 2064 2886 2112 Patrem
2928 2063 3232 2124 ordinaret;
3257 2079 3364 2112 non
3396 2063 3562 2113 tacuit
3601 2071 3783 2113 tamen

2128 2125 2327 2176 malum
2349 2130 2675 2190 cognoverat
2694 2128 2746 2176 in
2776 2140 2857 2184 eo,
2881 2127 3024 2191 quod
3049 2127 3201 2176 valde
3221 2127 3437 2190 sapiens
3457 2127 3556 2176 sibi
3577 2127 3790 2177 videba-

2129 2194 2231 2244 tur,
2267 2205 2335 2245 ιι,
2369 2192 2476 2238 inti.
2511 2205 2564 2244 ii,
2596 2193 2674 2238 91.

2194 2252 2623 2313 Reprehenditur
2652 2253 2938 2315 episcopus
2973 2252 3064 2315 qui
3097 2251 3409 2315 prrefecerat
3429 2251 3488 2301 in
3509 2252 3782 2312 abbatem,

2127 2328 2287 2378 quem
2320 2329 2426 2362 non
2464 2317 2800 2376 probaverat,
2834 2329 2890 2378 ι.
2913 2314 2993 2362 24.

2192 2378 2450 2439 Episcopo
2475 2378 2782 2441 profecturo
2807 2379 2857 2426 in
2883 2377 3059 2425 locum
3079 2376 3421 2441 incognitum
3447 2381 3684 2440 quatuor
3702 2379 3790 2428 vel

2129 2441 2365 2504 quinque
2385 2439 2674 2488 monachos
2693 2454 2786 2502 pro
2811 2455 2906 2488 suo
2932 2439 3126 2490 solatio
3145 2439 3258 2489 dari
3277 2439 3702 2504 jussit,’arbitrio
3719 2446 3792 2491 ta-

2133 2516 2252 2551 men
2283 2503 2516 2564 episcopi
2548 2504 2817 2558 ordinarii,
2853 2517 2940 2558 ιιι,
2977 2506 3018 2550 1.

2193 2571 2320 2622 Qum
2339 2565 2621 2628 acquisivit
2638 2566 2802 2613 abbas
2824 2566 3104 2627 episcopus
3125 2565 3296 2614 factus
3312 2570 3596 2628 postquam
3615 2566 3682 2614 ab
3700 2565 3790 2614 ab-

2131 2628 2270 2696 batis
2301 2627 2538 2696 remotus
2559 2632 2637 2676 est
2659 2628 2850 2696 ofﬁcio.
2873 2628 2918 2696 ei
2945 2628 3054 2696 dari
3072 2627 3263 2689 jussit:
3288 2630 3388 2696 alia
3407 2627 3536 2696 vero
3560 2627 3788 2696 antedi-

2131 2695 2274 2755 ctum
2303 2693 2515 2755 tempus
2547 2704 2662 2739 esse
2694 2688 3097 2755 decrevitillius
3122 2693 3460 2755 monasterii,
3495 2693 3653 2755 cujus
3683 2691 3789 2742 fuit

2132 2754 2296 2815 abbas
2316 2767 2327 2800 :
2347 2751 2535 2802 cselera
2561 2767 2688 2801 vero
2706 2757 2828 2801 ante
2852 2752 3060 2801 abbatis
3080 2751 3329 2815 ofﬁcium,
3350 2751 3498 2803 illius
3515 2751 3786 2804 m'onaste-

2132 2814 2207 2878 rii
2229 2829 2362 2878 esse,
2397 2817 2448 2863 in
2481 2829 2585 2878 quo
2611 2828 2901 2864 conversus
2923 2815 3114 2873 fuerat,
3145 2815 3273 2863 ibid.

2194 2877 2685 2942 iliolestiasg’umnes
2720 2891 2750 2926 a
2784 2879 3108 2942 monasterio
3139 2877 3336 2927 auferri
3362 2879 3544 2942 jussit,
3568 2894 3617 2937 ι,
3641 2880 3722 2928 22.

2194 2939 2600 3004 Commendavit
2618 2954 2783 2988 unum
2804 2941 3182 3004 monasterium
3206 2942 3270 2989 ad
3291 2939 3518 3004 tempus,
3539 2948 3702 3004 atque
3718 2942 3790 2990 al-

2132 3006 2306 3115 garum
2339 3003 2508 3054 univit
2536 3003 2590 3052 in
2612 3008 2929 3066 perpetuum
2948 3002 3123 3052 abbati
3143 3004 3359 3053 alterius
3383 3002 3715 3062 monasterii,
3737 3019 3787 3064 ι.

2195 3129 2574 3177 Monasterium
2600 3141 2753 3192 reque
2775 3127 3142 3192 principaliter
3160 3125 3312 3192 alteri
3333 3129 3508 3178 univit
3529 3131 3631 3178 hac
3649 3129 3787 3192 iege,

2134 3193 2265 3239 utin
2296 3195 2522 3250 utroque
2549 3189 2820 3240 sufﬁciens
2851 3189 2988 3240 esset
3012 3191 3186 3239 cultus
3213 3189 3444 3247 divinus.
3467 3199 3521 3241 et
3541 3197 3685 3242 esset
3707 3189 3788 3241 re-

2134 3257 2344 3301 servata
2376 3254 2638 3317 subjectio
2661 3255 2931 3317 episcopo,
2966 3255 3106 3302 intra
3128 3253 3280 3316 cujus
3299 3254 3432 3304 ﬁnes
3453 3260 3568 3304 erat
3595 3269 3789 3304 mona-

2132 3317 2375 3426 isiterium,
2409 3315 2554 3381 quod
2584 3315 2736 3367 alteri
2767 3317 2823 3365 in
2850 3315 2952 3366 alia
2969 3315 3444 3376 dioecesiuniebat,
3465 3333 3530 3378 ιι,
3553 3319 3648 3378 '12;
3671 3332 3786 3375 xm,

2196 3440 2480 3506 Ecclesiam
2501 3442 2675 3506 univit
2695 3443 3040 3500 monasterio,
3059 3442 3212 3506 cujus
3238 3443 3441 3493 fructus
3462 3443 3704 3500 volebat.
3729 3446 3788 3492 ut

2132 3501 2790 3576 in'illiusreparationem
2823 3501 3188 3576 erogarentur.
3219 3519 3291 3574 II,
3319 3509 3401 3576 i53.

2195 3566 2470 3636 Laudatur
2503 3567 2806 3636 episcopus,
2837 3566 2945 3636 qui,
2969 3581 3078 3617 non
3118 3568 3356 3636 permisit
3393 3566 3784 3636 monasterium

2133 3628 2795 3740 mongaschorum'construi
2831 3628 2990 3694 juxta
3023 3628 3408 3682 monasterium
3441 3628 3781 3686 monialium,

2133 3705 2202 3740 ιι.
2308 3728 2320 3740 .

2131 3705 2202 3747 ιι,
2241 3705 2320 3740 25.

2193 3753 2341 3820 Quod
2371 3754 2704 3805 tolerabilius
2722 3759 2804 3804 est
2822 3756 3183 3819 antiquiorem
3206 3758 3416 3807 fratrem
3435 3755 3710 3820 praeﬁcere
3727 3755 3781 3802 in

2132 3815 2397 3888 abbatem,
2430 3831 2818 3888 quamnovum
2852 3821 2906 3867 et
2932 3815 3154 3888 puerum
3187 3815 3539 3888 tolerat-afri,
3571 3819 3651 3866 48.
3725 3878 3737 3888 .

2196 3881 2392 3944 Abbati
2430 3881 2635 3944 petenti
2673 3885 2778 3930 tres
2818 3881 3113 3931 monachos
3153 3883 3444 3944 concedere
3475 3881 3781 3944 denegavit,

2133 3942 2931 4013 praesrtim’quemdamhquem
2954 3950 3279 4013 cognoverat
3299 3943 3548 3994 inutilem
3580 3943 3697 3992 fore
3717 3942 3786 3990 ob

2130 4004 2540 4073 simplicitatem
2558 4011 2611 4055 et
2638 4004 3044 4073 negligentiam,
3071 4020 3161 4066 vir,
3200 4011 3276 4058 45.

2194 4067 2452 4124 Abbatem
2478 4068 2544 4117 ad
2575 4069 2859 4134 sevenire,
2885 4073 3146 4134 utsecum
3169 4084 3264 4134 per
3285 4067 3501 4134 aliquod
3523 4067 3789 4131 temporis

2134 4137 2366 4201 spatium
2391 4134 2614 4201 viveret,
2637 4131 2900 4201 invitavit,
2934 4129 3070 4184 ibid.

2196 4194 2524 4256 Mancipium
2549 4194 2684 4256 juris
2707 4195 2904 4255 publici
2925 4197 3248 4246 monachum
3280 4196 3528 4246 eﬂ'ectum
3560 4192 3795 4243 Fantino

2136 4255 2404 4311 defensori
2430 4255 2591 4318 jussit
2620 4257 2880 4312 contradi.
2914 4270 3010 4315 xu,
3040 4262 3088 4308 3.

2198 4325 2313 4372 Non
2345 4316 2766 4384 per—mittebatiut
2790 4319 3177 4384 impedirentur
3198 4321 3371 4384 clerici
3396 4316 3644 4369 monachi
3677 4318 3799 4368 ﬁeri

2136 4382 2397 4438 volentes,
2430 4383 2586 4430 etiam
2614 4382 2657 4430 si
2688 4383 2743 4430 in
2768 4383 2931 4430 sacris
2960 4389 3139 4434 essent
3158 4383 3458 4438 ordinibus.
3480 4394 3583 4436 ιιι.
3615 4384 3697 4430 35.

2200 4444 2784 4509 Obligatosactionibus
2799 4445 3045 4509 publicis,
3062 4445 3163 4495 nisi
3180 4447 3328 4509 prius
3339 4449 3520 4494 essent
3535 4442 3796 4502 absoluti,

2138 4507 3006 4575 suscipiin_monasteriovetuit,
3042 4522 3153 4566 vui,
3181 4507 3293 4575 ind.
3325 4521 3362 4568 ι,
3395 4513 3440 4559 5.
3645 4573 3650 4575 _
3731 4566 3742 4575 .

2199 4567 2479 4631 Privilegia
2513 4569 2779 4619 concessit
2798 4567 3036 4620 virorum
3060 4576 3113 4621 et
3134 4567 3421 4621 mulierum
3447 4567 3798 4619 monasteriis

2139 4651 2169 4686 a
2198 4635 2383 4696 regina
2409 4631 2679 4681 Gallorum
2712 4635 3050 4696 constructis,
3083 4647 3194 4690 ιιιι,
3222 4637 3269 4692 ε,
3305 4637 3353 4692 9,
3386 4637 3462 4683 10.

2203 4694 2361 4761 Lapsi
2389 4697 2682 4761 monastico
2714 4695 2900 4761 habitu
2933 4697 3059 4761 dum
3097 4698 3275 4746 adhuc
3304 4697 3361 4745 in
3393 4694 3585 4744 minori
3611 4697 3802 4761 essent

2137 4757 2348 4833 prdine,
2371 4757 2738 4833 pisi‘correcta
2754 4759 2879 4833 vita,
2902 4763 2956 4808 et
2969 4760 3500 4833 gigua‘prmcedente
3520 4757 3801 4833 pmnitgu-

2137 4825 2228 4880 tia,
2255 4825 2308 4871 in
2336 4817 2560 4885 ’abbates
2581 4834 2687 4869 non
2708 4826 2834 4870 sunt
2853 4817 3177 4883 praeﬂciendi
3203 4835 3214 4870 :
3247 4821 3467 4885 quodsi
3485 4817 3803 4885 alitereffe-

2137 4891 2281 4936 etum
2302 4888 2396 4944 est,
2416 4884 2460 4931 si
2489 4889 2640 4932 actus
2660 4896 2768 4932 nou
2787 4889 2912 4933 sunt
2933 4890 3116 4934 contra
3147 4883 3333 4935 eorum
3357 4883 3707 4944 ofﬂeiumLin
3735 4895 3802 4929 eo

2138 4963 2244 5057 guo
2275 4951 2403 4997 sunt
2411 4946 2611 5057 2ordine
2643 4952 2986 5009 perseverent
3005 4961 3017 4996 :
3039 4961 3211 5004 secus,
3235 4947 3322 4997 alii
3345 4946 3494 5010 digni
3520 4943 3802 4994 sufﬁcian-

2163 5026 2242 5057 nr.
2274 5025 2380 5057 ιιν.
2447 5047 2458 5057 .

2199 5026 2242 5064 ι’.
2274 5025 2380 5064 ιιν.
2411 5025 2458 5058 2.

2138 5017 2921 5142 ωιδὺέἓζξγὲίιιῖᾳω-νεξειῃαιθω
2953 5070 3230 5142 in__pr_i_mis
3250 5069 3691 5142 commendabat.
3711 5068 3794 5142 de

2140 5151 2246 5200 qua
2275 5137 2350 5200 sic
2375 5135 2550 5200 inquit
2567 5149 2580 5186 :
2598 5131 2720 5200 Εεζρ
2743 5131 3222 5200 itaquesollicitus,
3245 5147 3313 5184 ne
3333 5133 3599 5200 regularis
3617 5131 3802 5200 distri-

2139 5193 2244 5308 (ἐιῑῖ
2264 5199 2346 5250 vel
2369 5193 2625 5308 dilaigtione
2643 5193 2939 5260 aliqua,vel
2959 5196 3338 5260 deputatorum
3355 5193 3683 5247 remissione
3707 5193 3804 5244 1m-

2178 5277 2206 5308 ιι
2235 5277 2313 5308 ur.
2349 5276 2396 5308 ν.
2495 5296 2506 5306 .

2140 5264 2313 5319 datur,
2349 5276 2396 5315 v.
2430 5263 2506 5308 35.

2205 5318 2487 5374 Prohibuit
2509 5322 2881 5384 presbyterum
2900 5321 3155 5372 inducere
3175 5335 3345 5373 novas
3365 5318 3802 5372 consuetudines

2141 5388 2195 5438 in
2222 5385 2622 5440 monasterium,
2656 5399 2710 5438 ιι.
2748 5385 2824 5433 28.

2205 5448 2649 5500 Mouasteriorum
2679 5445 2906 5497 fabricas
2937 5447 3001 5497 ad
3033 5447 3193 5499 ﬁnem
3228 5446 3452 5512 perduci
3482 5445 3803 5502 curabat.ii,

2205 5577 2279 5625 De
2295 5573 2446 5624 laicis
2466 5572 2558 5636 qui
2572 5573 2838 5636 tonsurari
2851 5571 3453 5634 volebant,actiouarios
3473 5571 3573 5622 sub
3586 5573 3798 5621 rectore

2144 5639 2255 5689 ﬁeri
2285 5635 2507 5688 omnino
2539 5636 2768 5685 libenter
2784 5635 3008 5696 ferebat,
3039 5635 3166 5686 ibid.

2207 5699 2453 5750 Monachi
2489 5699 2762 5760 proprium
2797 5713 2906 5748 non
2940 5699 3191 5756 habeant.
3223 5714 3260 5756 ι,
3294 5700 3373 5749 42.

2205 5764 2356 5822 Quod
2381 5761 2625 5810 monachi
2648 5775 2763 5810 esse
2792 5763 3006 5823 dicitur,
3032 5767 3200 5813 totum
3221 5764 3278 5812 in
3299 5761 3592 5812 utilitatem
3613 5771 3800 5810 monk

2148 5827 2294 5877 sterii
2325 5825 2515 5874 cedere
2544 5824 2719 5880 debet.
2749 5837 2820 5886 vi,
2857 5827 2931 5878 12.

2213 5887 2470 5954 Rejicitur
2485 5887 2781 5939 monachus
2795 5883 2827 5940 a
2843 5886 3103 5954 dignitate
3121 5887 3443 5950 abbatiatus,
3457 5900 3520 5940 eo
3541 5884 3694 5952 quod
3715 5883 3804 5936 ha-
