4118 6182
277 249 427 310 1445

338 385 568 435 Maximo
604 384 921 449 Salouitano
953 382 1164 449 veniam
1198 383 1506 449 postulanti,
1537 385 1727 434 relicto
1762 387 1929 449 impe-

277 448 389 499 riali
413 448 728 512 patrocinio,
752 446 1010 512 pepercit,
1035 459 1104 512 ιι,
1123 445 1234 512 ind.
1259 460 1314 506 ιι,
1337 447 1415 496 67.

338 512 397 560 Et
415 509 495 559 'de
518 511 657 573 illius
683 509 895 573 publica
916 509 1257 573 pcenitentia,
1280 524 1441 572 quam
1475 510 1590 573 ipse
1621 509 1847 560 audiens
1867 511 1936 561 ad

277 571 698 624 misericordiam
721 571 898 632 rediit,
922 571 988 627 ix,
1013 571 1122 621 ind.
1149 585 1203 628 ιι,
1227 575 1304 624 82.

336 636 463 686 Post
497 641 773 697 peractam
811 633 1208 697 purgationem,
1240 633 1654 685 consolatoriam
1688 636 1753 685 ad
1791 650 1854 686 eu
1869 650 1942 686 m-

281 699 400 749 dem
423 696 640 758 scripsit
663 696 969 759 epistolam,
995 711 1058 754 Ix,
1084 696 1200 744 ind.
1227 711 1282 754 ιι,
1309 697 1388 746 82.

342 761 826 869 Consecraitlpribus
855 760 1073 809 Maximi
1107 760 1318 809 veniam
1353 760 1663 823 petentibus
1684 761 1936 825 pepercit,

342 839 391 869 ll.
412 839 482 869 sm
509 859 521 869 .
545 838 579 869 I.
667 860 677 869 .

279 838 391 876 vin.
412 825 521 872 ind.
545 838 579 879 ι,
603 828 677 873 10.

345 887 413 936 De
438 886 506 934 iis
523 887 617 950 qui
636 884 959 947 confugiunt
975 883 1037 932 ad
1063 884 1400 935 saecularium
1420 886 1939 936 commendationem

280 963 380 1013 pro
402 949 576 1013 veniae
600 949 973 1013 concessione,
996 951 1146 1013 νέω.

343 1012 658 1073 Beuignitas
691 1012 746 1075 in
787 1010 1108 1075 ulciscendis
1131 1008 1370 1075 delictis,
1396 1011 1484 1059 ubi
1508 1009 1599 1065 ait,
1623 1012 1765 1074 quod
1791 1010 1942 1075 prius

278 1074 592 1184 leviumanu
640 1073 866 1122 vulnera
913 1073 1182 1136 palpands
1225 1079 1368 1131 sunt,
1417 1087 1576 1136 quam
1625 1073 1936 1137 resecanda,

279 1150 352 1184 xv.
436 1171 450 1184 .

279 1150 352 1196 xv,
372 1140 450 1184 21.

343 1199 696 1261 Benignitate
726 1197 1019 1261 conjuncta
1042 1211 1160 1246 cum
1199 1197 1482 1248 severitate
1506 1199 1782 1248 utebatur:
1808 1197 1945 1257 Quia

283 1267 424 1326 plus,
451 1261 644 1326 inquit,
671 1260 1057 1326 misericordias
1089 1275 1252 1324 quam
1286 1262 1541 1311 districtus
1574 1276 1672 1311 nos
1694 1263 1946 1311 convenit

282 1324 507 1389 operam
530 1324 916 1389 darejustitise,
939 1337 996 1389 v_,_
1013 1326 1091 1374 52.

348 1389 406 1450 ιιι
430 1387 625 1450 dubiis,
655 1385 848 1450 inquit,
874 1386 1068 1450 melius
1085 1389 1166 1435 est
1185 1399 1293 1450 non
1313 1385 1706 1436 districtionein
1733 1386 1941 1450 exequi,

283 1449 378 1500 sed
401 1450 468 1498 ad
490 1448 752 1510 benignas
775 1449 952 1509 potius
976 1453 1155 1512 partes
1176 1449 1392 1506 inflecti,
1417 1451 1526 1498 ind.
1550 1463 1604 1505 ιι,
1629 1454 1706 1498 23.

349 1512 507 1562 Dolor
529 1515 581 1561 et
607 1512 864 1575 gaudium
887 1513 939 1560 in
964 1513 1297 1575 correctione
1319 1512 1578 1575 proximi:
1597 1512 1944 1575 gaudendum

290 1575 358 1625 de
395 1573 726 1624 correctione
749 1575 1018 1631 facinoris,
1044 1573 1333 1623 dolendum
1355 1589 1481 1625 vero
1505 1575 1570 1624 de
1593 1589 1718 1624 casu
1743 1574 1943 1634 fratris,

287 1642 337 1698 5,
363 1640 443 1688 58.

350 1701 556 1750 Citatur
585 1700 871 1762 episcopus
901 1703 1208 1755 contumax,
1249 1703 1302 1748 et
1333 1700 1398 1748 ab
1435 1700 1624 1750 ordine
1659 1699 1950 1762 suspendi-

285 1768 485 1875 gugset
513 1761 916 1812 inobedientem
956 1762 1235 1825 profitetur
1256 1763 1444 1812 durius
1482 1765 1731 1826 punitum
1763 1761 1849 1819 iri,
1869 1775 1942 1820 vi,

329 1862 343 1883 ,
364 1830 443 1876 25.

353 1888 577 1938 Maxima
595 1885 1344 1950 utebaturcircumspectione
1361 1887 1415 1950 in
1437 1886 1758 1936 ulciscendis
1777 1886 1947 1935 crimi-

289 1951 478 2010 nibus;
503 1951 644 2000 unde
667 1950 804 1998 illius
829 1949 1003 1999 delicti
1025 1949 1242 2013 pinnam
1266 1949 1608 2005 condonavit,
1634 1950 1776 2012 quod
1797 1963 1944 2013 suam

291 2027 582 2077 personam
612 2014 946 2074 respiciebat,
984 2012 1051 2061 ne
1082 2013 1275 2077 aliquis
1309 2013 1495 2077 i_n_illis
1525 2014 1592 2061 ob
1626 2013 1730 2060 alia
1751 2012 1948 2077 delicta

295 2074 586 2139 puniendis
609 2077 863 2137 suspicari
890 2080 1087 2138 posset,
1113 2075 1257 2138 quod
1281 2074 1349 2125 ob
1371 2075 1548 2124 laesam
1573 2076 1945 2124 auctoritatem

295 2143 624 2199 moveretur,
646 2151 718 2194 vi,
739 2141 816 2194 25,
842 2141 920 2187 26.

365 2201 530 2250 Variis
552 2197 808 2249 molestiis
829 2215 858 2249 a
878 2204 1194 2250 contumace
1225 2203 1474 2262 episcopo
1505 2197 1802 2258 exagitatos
1823 2199 1948 2248 libe-

294 2265 454 2322 ravit,
475 2269 527 2312 et
550 2265 603 2312 in
625 2264 905 2323 pristinam
930 2264 1222 2312 libertatem
1247 2265 1497 2324 restituit,
1517 2277 1586 2322 vi,
1608 2264 1685 2312 25.

360 2327 585 2375 Clericos
617 2326 916 2374 Romanum
941 2339 1001 2373 ac
1022 2325 1358 2374 Dominicum
1390 2323 1504 2374 sine
1529 2327 1694 2386 ipsius
1719 2323 1947 2373 benedi-

293 2389 478 2438 ctione
520 2389 585 2437 ab
632 2390 761 2437 urbe
812 2388 1149 2437 discedentes
1178 2389 1468 2444 revocavit,
1506 2391 1689 2451 eisque
1715 2388 1946 2449 benigna

291 2465 512 2516 poenam
533 2451 874 2516 condonavit,
897 2465 965 2516 vi,
990 2454 1070 2516 29.

360 2515 561 2575 Majora
594 2513 730 2562 mala
757 2515 974 2576 quando
1007 2515 1278 2576 dicuntur,
1313 2525 1423 2561 non
1445 2513 1547 2561 nisi
1571 2512 1801 2575 probata
1822 2513 1949 2561 sunt

287 2577 591 2637 credenda,
609 2577 699 2625 sed
726 2575 949 2638 probata
969 2579 1124 2624 citius
1147 2575 1472 2631 ulciscenda,
1495 2590 1563 2632 Ix,
1590 2578 1664 2624 lli.

357 2635 603 2689 Probatio
655 2635 981 2698 et'cognitio
1027 2639 1082 2686 in
1133 2638 1444 2686 criminibus
1493 2637 1810 2686 ulciscendis
1853 2635 1944 2686 Dei

287 2703 544 2763 exemplo
583 2701 901 2750 necessaria.
932 2699 1144 2748 Clamor
1181 2701 1426 2750 Sodomae
1458 2706 1509 2748 et
1541 2700 1946 2748 Gomorrbteas-

287 2765 475 2814 cendit
508 2764 573 2811 ad
607 2777 708 2818 me,
745 2763 1066 2812 descendam
1101 2766 1160 2810 ut
1194 2764 1422 2818 videam,
1452 2766 1635 2811 utrum
1661 2764 1944 2811 clamorem

291 2841 459 2892 quem
489 2825 670 2892 audivi
701 2839 861 2888 opere
890 2824 1712 2892 compleverint,etulciscar:an
1732 2839 1841 2874 non
1866 2829 1948 2874 est

294 2890 422 2950 ista,
461 2894 519 2938 ut
542 2890 742 2938 sciam?
766 2903 850 2944 vn,
882 2891 955 2938 14.

354 2947 648 3013 Episcopus
671 2952 736 3000 ab
767 2951 1170 3012 archiepiscopo
1194 2949 1500 3011 episcopatu
1525 2951 1785 3013 privatur,
1809 2947 1944 2998 ibid.

359 3012 634 3064 Mulierem
660 3021 904 3063 vexatam
935 3029 964 3061 ιι
981 3014 1212 3075 quodam
1230 3013 1417 3060 διιόωο
1440 3012 1651 3062 liberari
1675 3013 1946 3061 defensori

296 3078 588 3132 commisit,
627 3081 682 3124 et
709 3077 955 3125 Judaeum
990 3075 1206 3137 inquiri.
1231 3079 1282 3123 et
1307 3090 1401 3137 per
1424 3090 1533 3131 eos,
1560 3090 1786 3138 quorum
1811 3076 1946 3123 inte-

288 3144 456 3194 rerat,
475 3140 731 3187 vindicari
765 3139 990 3187 faceret:
1025 3145 1082 3186 ut
1105 3143 1156 3186 et
1175 3139 1312 3185 Deus
1330 3139 1527 3200 placari
1549 3139 1732 3200 possit,
1757 3143 1809 3186 et
1829 3138 1946 3186 aliis

292 3202 610 3263 exemplum
635 3202 1000 3256 correctionis,
1022 3202 1106 3254 sit,
1131 3214 1217 3254 vn,
1237 3202 1314 3250 Η.

360 3264 542 3313 Mitius
561 3265 826 3326 agendum
849 3277 967 3312 cum
991 3265 1183 3325 eo,qui
1207 3264 1358 3311 facile
1381 3263 1718 3312 commissum
1742 3263 1946 3312 facinus

287 3329 577 3377 confessus
601 3333 699 3380 est,
725 3341 830 3381 vni,
856 3328 962 3374 inrl.
989 3340 1020 3381 ι,
1045 3327 1123 3374 24.

357 3390 551 3439 Senior
581 3391 799 3450 quando
826 3395 877 3438 et
903 3387 1174 3451 quomodo
1203 3387 1561 3450 increpandus
1587 3401 1657 3443 ix,
1686 3388 1795 3436 ind.
1823 3402 1875 3442 ιι.
1901 3391 1945 3437 1.

360 3454 423 3501 Ει
463 3453 734 3514 quomodo
768 3453 1096 3514 intelligatur
1128 3451 1259 3514 illud
1299 3452 1569 3512 Apostoli:
1604 3451 1865 3499 Seniorem
1887 3464 1949 3498 ne

293 3511 664 3577 increpaveris.
690 3515 846 3562 Canis
868 3520 920 3562 et
941 3511 1265 3574 simplicitati
1290 3511 1636 3577 parcendum,
1665 3515 1790 3561 ibid.

357 3575 634 3626 Commisit
656 3577 1044 3637 depositionem
1069 3576 1306 3636 episcopi
1333 3576 1630 3625 faciendam
1661 3590 1839 3624 coram
1862 3575 1948 3624 tri-

293 3641 403 3690 bus
426 3640 508 3688 γνι
540 3644 768 3700 quatuor
787 3638 1069 3700 episcopis,
1092 3652 1160 3693 ix,
1181 3637 1291 3685 ind.
1315 3653 1367 3691 ιι.
1391 3642 1468 3687 63.

363 3699 701 3764 Presbyteros
723 3699 1052 3750 etdiaconos
1090 3701 1378 3760 complices
1415 3700 1614 3763 inquiri
1650 3699 1947 3758 mandavit,

288 3773 348 3815 et
379 3779 499 3813 reos
528 3763 782 3812 inventos
814 3765 967 3826 dejini
991 3779 1020 3811 a
1043 3764 1317 3811 dignitatis
1341 3763 1528 3826 gradu,
1561 3771 1613 3826 et
1646 3765 1698 3812 in
1738 3778 1948 3813 monas-

285 3829 496 3878 terium
521 3830 586 3876 ad
614 3825 1265 3886 agendam’pmnitentiam
1294 3825 1506 3886 conjici,
1528 3825 1662 3874 ibid.

365 3891 546 3939 Laicos
585 3903 710 3938 vero
744 3891 1028 3949 complices
1065 3891 1442 3936 communione
1488 3889 1685 3949 privari
1725 3893 1948 3948 praeter-

296 3951 818 4062 quamjbudarticulo
850 3953 1053 4011 mortis,
1086 3957 1139 4000 et
1170 3951 1370 4000 litaniis
1407 3957 1459 4000 et
1488 3952 1821 4002 orationibus
1859 3966 1947 4000 va-

297 4028 488 4062 care.i
530 4030 547 4062 ι
591 4050 603 4062 .

297 4029 445 4071 care,
469 4028 603 4064 ιοια.

363 4078 575 4134 Quanto
605 4075 1036 4138 delinquentium
1069 4076 1322 4140 iniquitas
1356 4077 1519 4124 Deum
1545 4076 1817 4140 potestiad
1845 4076 1948 4140 ira-

299 4141 553 4190 cundiam
589 4137 902 4202 provocare,
927 4144 1076 4188 tanto
1099 4137 1220 4188 eum
1245 4137 1453 4200 placare
1476 4139 1852 4188 emendatione
1872 4138 1948 4188 di-

293 4201 619 4252 atrictissina
638 4201 966 4251 enitemduin
990 4208 1085 4262 est,
1109 4202 1221 4253 ind.
1242 4215 1312 4256 ix,
1337 4215 1387 4256 ιι,
1412 4204 1491 4250 63.

363 4265 514 4324 Quod
551 4265 836 4327 culpabilis
858 4266 1130 4314 invenitur
1158 4277 1264 4313 non
1291 4265 1449 4312 modo
1471 4263 1560 4326 qui
1585 4263 1738 4319 male,
1764 4266 1817 4312 et
1837 4275 1946 4312 non

296 4341 368 4377 ex
407 4325 668 4392 dignitate
697 4325 844 4390 agit:
870 4327 962 4376 sed
997 4329 1154 4377 etiam
1187 4326 1278 4390 qui
1307 4327 1444 4375 malo
1479 4325 1587 4375 non
1624 4327 1836 4383 resistit,
1871 4339 1944 4387 ιιι,

363 4452 722 4502 Contristatus
751 4451 857 4501 fuit
886 4451 952 4501 de
975 4453 1247 4514 episcopo,
1279 4451 1370 4513 qui
1395 4455 1498 4500 tam
1523 4451 1676 4501 deses
1705 4451 1947 4500 extititin

287 4515 571 4578 puniendo
593 4515 868 4576 sacrilego,
892 4521 950 4564 ut
975 4522 1098 4564 ante
1129 4515 1194 4563 ad
1217 4528 1339 4564 eum
1373 4514 1495 4563 facti
1518 4516 1753 4578 pravitas
1783 4527 1946 4578 quam

291 4579 560 4628 correctio
584 4579 905 4638 pervenerit,
934 4593 986 4634 x,
1015 4581 1061 4626 8.

358 4641 634 4690 Mandavit
657 4641 920 4689 instanter
953 4642 1036 4699 agi
1067 4654 1184 4688 cum
1223 4639 1355 4688 laico
1389 4640 1703 4689 defensante
1735 4639 1946 4688 sacrile-

291 4716 426 4764 gum
450 4704 782 4751 detinentem
811 4705 1095 4751 monialem
1129 4717 1157 4750 a
1191 4704 1514 4752 monasterio
1546 4708 1856 4758 extractam,
1891 4704 1950 4750 ut

293 4780 414 4814 eam
443 4764 641 4813 faceret
661 4767 775 4814 sine
802 4765 1057 4814 dilatione
1097 4767 1336 4813 restitui:
1362 4771 1413 4813 et
1433 4769 1475 4813 si
1511 4767 1821 4819 distulisset,
1855 4778 1947 4826 pu-

288 4829 862 4939 blicgcoqtestigretur,
887 4834 944 4877 ut
970 4830 1035 4877 ad
1060 4829 1244 4877 urbem
1268 4828 1466 4891 regiam
1489 4829 1554 4877 de
1586 4829 1723 4876 illius
1747 4828 1945 4876 ultione

294 4904 399 4939 scri
445 4903 532 4938 ere
562 4926 575 4939 .
604 4906 652 4939 ις.
707 4929 718 4939 .

294 4896 575 4945 scriberet,
604 4906 652 4945 ιι,
672 4896 718 4940 8.

358 4954 590 5002 Reorum
614 4967 800 5001 causas
830 4967 935 5002 non
964 4954 1015 5001 in
1040 4952 1256 5016 longum
1280 4953 1438 5002 ﬁnem
1462 4952 1695 5016 distrahi
1712 4951 1948 5013 patieba-

287 5020 397 5072 tur,
436 5016 563 5076 quia
592 5016 730 5064 sicut
762 5016 864 5065 reis
895 5015 1207 5075 competens
1237 5015 1534 5066 exercenda
1563 5015 1812 5063 vindicta
1847 5019 1944 5072 est,

291 5079 616 5190 immunita
644 5079 1023 5128 innocentibus
1065 5093 1172 5128 non
1214 5083 1293 5129 est
1328 5079 1596 5128 absolutio
1631 5077 1945 5136 differenda,

291 5154 344 5190 κ.
440 5177 454 5190 .
552 5177 564 5188 .

287 5144 454 5200 1,40,
485 5144 564 5189 ιι.

353 5204 638 5252 Gravatnm
662 5217 692 5252 a
721 5202 1002 5253 defensore
1031 5203 1171 5252 sedis
1198 5203 1506 5266 apostolicae
1533 5203 1750 5252 defendi
1771 5201 1946 5264 jubet,

295 5279 398 5330 nec
421 5266 696 5328 permittat
713 5266 869 5315 subdi
892 5267 1291 5330 gravaminibus
1309 5268 1391 5316 vel
1409 5267 1618 5316 damnis
1639 5271 1823 5316 contra
1839 5267 1949 5328 jus-

301 5329 494 5384 titiam,
520 5343 589 5384 ιιι,
615 5332 691 5377 19.

362 5392 461 5440 Pro
484 5390 898 5440 deservieutium
923 5390 1169 5440 Ecclesia:
1190 5394 1362 5453 culpa,
1383 5391 1616 5442 Ecclesia
1634 5404 1741 5441 non
1765 5394 1843 5441 est
1860 5389 1947 5439 de-

297 5455 547 5513 serenda,
567 5459 617 5503 et
641 5454 782 5502 illius
806 5455 1003 5503 utilitas
1027 5457 1361 5516 negligenda,
1385 5469 1432 5510 x,
1456 5457 1534 5504 22.

358 5517 621 5566 Personas
641 5517 887 5578 diligere,
903 5527 953 5566 et.
974 5515 1372 5580 vitia'persequi
1389 5521 1616 5579 oportet,
1639 5529 1706 5565 ne
1730 5515 1949 5580 sialiter

295 5591 452 5637 agere
487 5580 710 5628 fortasse
753 5581 873 5642 quis
916 5580 1161 5634 voluerit,
1207 5585 1445 5628 transeat
1483 5582 1535 5628 in
1573 5579 1947 5642 crudelitatem

295 5642 576 5704 correctio,
596 5646 651 5704 et
675 5641 861 5704 perdat
891 5656 1028 5704 quos
1049 5643 1335 5691 emendare
1357 5644 1649 5692 desiderat.
1673 5644 1758 5691 Sic
1779 5641 1944 5698 enim,

296 5703 491 5768 inquit,
517 5703 713 5754 vulnus
741 5703 1260 5761 debes’abscindere,
1286 5711 1342 5754 ut
1371 5719 1480 5754 non
1515 5707 1685 5768 possis
1709 5706 1948 5753 ulcerare

295 5766 445 5835 quod
490 5780 683 5835 sanum
725 5772 842 5826 est;
868 5782 934 5817 ne
956 5769 1001 5835 si
1033 5769 1174 5835 plus,
1197 5781 1480 5835 quam_res
1517 5766 1703 5835 exigit,
1732 5769 1944 5835 ferrum

294 5829 650 5893 impresseris,
673 5843 868 5880 noceas
886 5831 970 5881 cui
989 5829 1241 5895 prodesse
1260 5830 1506 5882 festinas:
1528 5829 1642 5897 ipsa
1659 5831 1802 5882 enim
1823 5831 1879 5880 in
1896 5835 1946 5879 te

772 247 1012 310 INDEX
1057 245 1524 312 TITULORUM
1567 249 1669 312 EX
1716 251 2122 312 EPISTOLIS
2171 251 2235 311 S.
2281 251 2658 313 GREGORII
2702 253 3192 318 EXCERPTUS.

3535 255 3691 317 1446

2045 386 2269 435 dulcedo
2301 389 2475 441 cauta,
2513 399 2618 452 non
2656 390 2878 438 remissa
2901 390 2994 448 sit;
3019 387 3276 439 correctio
3309 403 3435 438 vero
3469 389 3696 452 diligens

2045 463 2154 498 non
2179 462 2390 505 severa,
2411 461 2486 506 xi,
2513 451 2588 498 l2.

2107 509 2510 577 Subdiaconum
2535 512 2923 577 criminatorem
2947 513 3224 577 cujusdam
3261 515 3498 577 Diaconi,
3522 514 3697 565 officio

2045 575 2267 684 paivari5
2280 573 2475 685 1deinde
2495 574 2814 625 verberibus
2835 573 3081 626 allectum
3111 577 3248 626 mitti
3273 576 3328 626 in
3348 579 3561 628 exilium
3581 579 3698 641 jus-

2045 652 2088 685 si
2120 651 2220 685 .xi.
2309 671 2321 684 .

2045 651 2220 697 su,x|,
2254 651 2321 685 ιι.

2110 700 2233 748 Sine
2267 700 2570 748 senioribus
2600 699 2846 750 Ecclesiae
2863 705 3050 751 contra
3079 701 3329 751 clericum
3360 716 3467 750 non
3501 706 3581 751 est
3612 705 3697 752 in-

2047 762 2390 826 quirendum,
2430 778 2532 823 xm,
2563 765 2642 811 44.
2680 764 2894 827 Siquid
2938 766 3002 812 de
3035 779 3359 827 quocunque
3399 765 3592 814 clerico
3633 765 3698 816 ad

2049 824 2207 891 aures
2244 830 2363 891 tuas
2395 824 2914 891 pervenerit,_inquit
2944 824 3137 891 Joanni
3177 824 3448 891 episcopo,
3471 831 3612 891 quod
3648 834 3699 877 te

2043 888 2382 952 juste‘possit
2401 887 2694 952 offendere,
2715 887 2868 938 facile
2887 903 2994 938 non
3020 887 3224 946 credas,
3245 889 3376 938 ibid.

2054 949 2062 1020 μ
2111 949 2210 1059 Οιιὲ
2234 951 2411 1059 pungi
2435 952 2487 998 in
2523 951 2763 1012 partibus
2793 965 2901 1000 non
2939 956 3205 1014 poterant,
3230 953 3294 1001 ad
3323 967 3378 1001 se
3405 953 3700 1002 transmitti

2054 1027 2180 1059 IUSSI
2213 1049 2225 1059 .
2249 1026 2295 1059 ν.
2355 1028 2400 1059 ζ...

2075 1018 2225 1067 ussit,
2249 1026 2295 1060 ν.
2321 1018 2400 1062 32.

2045 1029 2475 1137 Juiisé‘ﬁrz'uiiidn
2496 1075 2692 1123 liberos
2713 1074 2974 1137 homines,
2999 1077 3148 1137 credi,
3173 1090 3226 1132 x,
3248 1079 3328 1127 58.

2118 1142 2158 1188 A
2195 1139 2438 1203 sontibus
2473 1153 2592 1203 non
2619 1139 2760 1186 bona
2796 1139 2947 1200 eripi,
2984 1142 3071 1187 sed
3114 1155 3205 1203 eos
3236 1139 3504 1203 condigna
3540 1153 3700 1202 paena

2050 1200 2207 1263 plecti
2227 1200 2461 1262 jubebat.
2490 1198 2592 1248 Etsi
2617 1203 2800 1248 insons
2823 1198 3062 1262 repertus
3084 1202 3272 1250 fuisset
3295 1202 3356 1257 is,
3377 1198 3700 1263 a'quo'bona

2051 1269 2204 1313 erant
2230 1268 2428 1325 erepta,
2452 1264 2632 1311 omnia
2655 1264 2700 1310 ei
2727 1264 2933 1325 restitui
2952 1264 3258 1319 mandabat,
3285 1277 3388 1320 xlv,
3415 1268 3459 1315 5.

2131 1323 2405 1390 Printerire
2431 1326 2612 1378 noluit,
2636 1329 2692 1373 ut
2713 1323 3024 1388 episcOpum
3058 1327 3322 1390 hostiliter
3349 1328 3700 1390 insequentes

2051 1387 2301 1451 impuniti
2331 1393 2696 1451 remanerent;
2720 1390 2814 1436 sed
2852 1387 3067 1437 causam
3095 1399 3146 1438 et
3167 1388 3454 1438 vindictam
3482 1387 3702 1438 commi-

2055 1450 2332 1513 sit’judici
2373 1464 2492 1499 cum
2540 1450 2872 1499 subdiacono
2907 1467 2936 1500 a
2978 1451 3128 1500 curia
3161 1451 3228 1501 ad
3267 1453 3410 1501 hunc
3451 1452 3698 1502 effectum

2055 1513 2385 1568 transmisso,
2413 1528 2486 1570 ιιι,
2509 1513 2616 1561 ind.
2640 1527 2713 1567 ιιι,
2738 1516 2784 1562 2.

2117 1576 2190 1624 De
2221 1575 2436 1638 publica
2465 1576 2781 1639 paenitentia
2805 1579 2856 1624 et
2877 1576 3227 1634 correctione,
3247 1591 3356 1636 xiv,
3390 1579 3462 1626 l6.

2117 1637 2418 1702 Praepositis
2449 1637 2500 1686 in
2535 1637 2895 1702 subjectorum
2931 1653 3110 1700 poena,
3150 1639 3227 1687 fas
3257 1654 3372 1688 esse
3401 1652 3509 1688 non
3542 1639 3703 1689 debet

2053 1701 2340 1750 saeviendi:
2366 1701 2488 1766 ideo
2520 1700 2682 1766 causa
2707 1700 2846 1766 inter
2869 1703 3178 1764 episcopum
3203 1706 3254 1750 et
3275 1703 3496 1766 clerum,
3524 1703 3609 1766 qui
3634 1703 3700 1752 de

2055 1777 2272 1812 excessu
2308 1761 2542 1825 episcopi
2579 1761 2922 1826 querebatur,
2955 1761 3227 1814 commisit
3257 1765 3412 1814 alteri
3453 1761 3702 1828 episcopo

2054 1828 2504 1888 cognoscendam.
2527 1840 2617 1886 xu,
2643 1828 2720 1874 28.

2118 1887 2434 1937 Accusatum
2459 1889 2766 1950 episcopum
2792 1887 2855 1936 de
2878 1887 3192 1949 gravissimo
3215 1888 3459 1947 crimine,
3483 1893 3534 1940 et
3555 1903 3706 1939 accu-

2056 1957 2259 2000 satores
2280 1964 2458 1999 coram
2482 1965 2538 1998 se
2560 1952 2742 1998 venire
2758 1950 2937 2013 jussit,
2962 1965 3014 2007 κ,
3037 1955 3115 2001 50.

2119 2013 2177 2062 In
2212 2015 2385 2075 pceuis
2407 2013 2711 2077 inﬂigendis
2736 2014 3170 2077 perpendendam
3197 2028 3330 2071 esse,
3355 2013 3550 2077 inquit,
3573 2029 3706 2064 con-

2053 2078 2431 2135 versationem,
2446 2075 2658 2136 longam
2673 2079 2907 2130 (etatem,
2923 2076 3295 2134 aegritudinem
3311 2075 3706 2134 diuturnam,“

2053 2140 2280 2201 quodvis
2300 2153 2471 2201 genus
2501 2138 2835 2201 afﬂictionis:
2860 2152 3018 2199 quem
3043 2139 3185 2186 enim
3212 2139 3394 2187 divina
3425 2140 3704 2200 dsiciplina

2055 2200 2365 2258 conterit,’ei
2387 2204 2618 2249 humana
2637 2200 2840 2261 ﬂagella
2858 2201 2980 2248 addi
2999 2202 3328 2262 superfluum
3348 2206 3441 2261 est,
3464 2215 3519 2258 ιι,
3540 2205 3616 2250 34.

2580 2290 2658 2337 De
2682 2288 3188 2345 Culumniatoribus,

2118 2369 2378 2418 Auctores
2410 2368 2524 2418 falsi
2554 2369 2683 2418 illati
2717 2368 2954 2416 criminis
2984 2367 3038 2416 in
3063 2368 3460 2432 presbyterum,
3487 2366 3591 2418 nisi
3613 2368 3703 2418 ob-

2049 2431 2191 2494 jecta
2213 2434 2556 2494 probaverint
2577 2431 3026 2481 excommunicari
3053 2431 3241 2494 jussit,
3259 2437 3314 2480 et
3333 2432 3704 2495 presbyterum

2056 2497 2108 2544 in
2133 2509 2288 2544 suum
2314 2497 2484 2544 locum
2508 2495 2733 2548 restitui,
2759 2507 2833 2550 ιν,
2857 2497 2936 2542 27.

2117 2557 2504 2606 Communione
2526 2571 2620 2605 xxx
2654 2557 2857 2604 dierum
2895 2556 3066 2616 spatio
3104 2556 3331 2617 privavit
3365 2557 3704 2619 episcopum,

2058 2620 2148 2683 qui
2175 2627 2361 2668 contra
2386 2622 2527 2684 leges
2549 2632 2890 2682 canonesque
2915 2620 3077 2667 alium
3103 2619 3416 2682 episcopum
3449 2621 3703 2669 condem-

2056 2689 2289 2740 naverat,
2314 2696 2386 2739 ιιι,
2411 2683 2517 2733 ind.
2540 2696 2611 2740 xl,
2639 2685 2684 2732 6.

2709 2761 2783 2810 Dc
2807 2761 3060 2812 Simonia.

2119 2843 2420 2892 Simoniaca
2448 2843 2666 2892 hmresis
2693 2842 2922 2906 primum
2951 2845 3141 2891 contra
3159 2845 3398 2892 sanctam
3416 2841 3706 2892 Ecclesium

2054 2912 2233 2955 exorta
2254 2918 2350 2965 est,
2374 2920 2423 2966 v,
2448 2909 2525 2964 53,
2549 2905 2730 2960 67:1x,
2754 2905 2864 2955 md.
2889 2919 2942 2961 ιι,
2967 2907 3072 2954 106.

2119 2970 2214 3018 Pro
2245 2967 2682 3017 ordinationibus
2713 2967 3028 3016 clericorum
3062 2967 3282 3029 nUptiis,
3313 2972 3367 3016 et
3403 2968 3698 3030 virginibus

2056 3031 2308 3086 velandis,
2332 3033 2518 3080 asserit
2547 3031 2677 3078 nihil
2712 3030 3102 3092 accipiendum,
3129 3031 3229 3078 nisi
3252 3045 3282 3078 a
3305 3034 3496 3092 sponte
3521 3032 3698 3080 danti-

2054 3097 2175 3147 bus,
2201 3109 2268 3148 ιν,
2291 3097 2367 3142 27.

2117 3157 2221 3205 Pro
2243 3157 2600 3215 ordinatione,
2623 3156 2704 3206 vel
2731 3153 2908 3217 pallio.
2931 3168 3022 3202 seu
3047 3153 3266 3202 charitis
3287 3159 3446 3217 atque
3468 3154 3697 3216 pastello

2055 3221 2305 3269 eumdem
2338 3219 2428 3281 qui
2458 3216 2792 3267 ordinandus
2826 3216 2910 3264 vel
2934 3217 3210 3281 ordinatus
3235 3222 3332 3273 est,
3366 3216 3584 3281 omnino
3608 3217 3697 3281 ali-

2054 3284 2181 3344 quid
2206 3282 2328 3328 dare
2354 3279 2639 3341 prohibuit.
2666 3281 2798 3328 Olim
2831 3294 2900 3344 iv.
2920 3282 2995 3334 Η,
3015 3293 3151 3326 nunc
3167 3279 3221 3344 in
3245 3280 3523 3344 appendice
3544 3280 3595 3326 in
3614 3280 3700 3326 de-

2053 3341 2206 3394 cretis
2229 3345 2391 3392 sancti
2421 3345 2678 3406 Gregorii.
2707 3344 2787 3395 55.
2819 3342 2896 3393 58.
2930 3345 3164 3406 Oportet,
3198 3341 3396 3404 inquit,
3428 3348 3484 3390 ut
3519 3355 3693 3404 neque

2056 3422 2150 3470 per
2167 3405 2713 3468 commodum,neque
2731 3420 2824 3466 per
2835 3405 3186 3470 gratiam,_aut
3201 3406 3555 3470 quorumdam
3575 3418 3695 3470 sup-

2059 3468 2396 3579 iilicatigijiern
2428 3470 2638 3532 aliquos
2671 3470 2735 3517 ad
2766 3482 2948 3518 sacros
2970 3468 3185 3515 ordines
3210 3468 3445 3529 episcopi
3474 3468 3693 3528 permit-

2059 3537 2174 3579 tant
2200 3547 2227 3579 ιι
2311 3533 2409 3579 uci.

2057 3537 2174 3581 tant
2200 3533 2409 3580 adduci.

2118 3594 2372 3643 Simonim
2397 3595 2449 3640 in
2474 3594 2634 3641 sacris
2657 3594 2938 3642 ordinibus
2959 3589 3367 3649 condemnatio;
3391 3594 3442 3639 et
3463 3590 3528 3639 de
3558 3590 3695 3639 illius

2056 3659 2226 3710 malis,
2249 3656 2460 3719 etquod
2494 3659 2746 3715 adeptum
2778 3671 2836 3704 ex
2871 3658 3116 3707 simonia,
3139 3655 3344 3702 etiamsi
3376 3652 3696 3716 pauperibus

2057 3725 2322 3773 eram-tur,
2349 3720 2478 3766 nihil
2505 3720 2727 3782 prolicit,
2756 3734 2822 3772 ix,
2851 3721 2959 3766 ind.
2985 3731 3036 3770 ιι.
3064 3719 3167 3782 106.

2118 3783 2364 3832 ειωομιω
2387 3776 2568 3829 νιιιιῑω
2592 3783 2772 3830 eratin
2796 3778 3285 3829 ordinationibusiu
3314 3776 3481 3826 Gallia
3509 3778 3697 3826 etGen-

2057 3845 2236 3894 mania
2263 3848 2495 3904 tempore
2518 3846 2684 3891 sancti
2713 3843 2968 3906 Gregorii,
2992 3855 3041 3898 γ,
3065 3843 3142 3896 53,
3172 3841 3242 3888 ub
3269 3839 3483 3902 copiose
3511 3847 3700 3889 contra

2058 3909 2358 3960 siuioniam,
2378 3910 2455 3962 55,
2479 3907 2554 3954 58.

2118 3970 2406 4018 Detestatio
2428 3967 2735 4030 cupiditatis
2758 3966 3079 4025 simoniacas,
3104 3980 3180 4028 χι,
3205 3967 3382 4027 £0,159,
3401 3969 3480 4015 50.

2118 4032 2254 4089 Quid
2279 4031 2347 4079 sit
2370 4031 2577 4092 ingredi
2601 4045 2693 4092 per
2713 4030 2927 4085 ostium,
2952 4044 3020 4084 xi,
3046 4032 3121 4078 46.

2115 4088 2372 4156 Tempore
2399 4088 2566 4142 sancti
2589 4088 2846 4156 Gregorii
2861 4095 2911 4141 in
2935 4091 3168 4156 Orientis
3189 4089 3433 4139 Ecclesiis
3455 4103 3612 4156 nemo
3633 4088 3699 4137 ad

2055 4152 2263 4269 iacruui
2282 4156 2526 4268 orzlénem
2544 4154 2647 4204 nisi
2668 4155 3012 4219 praemiorum
3031 4152 3247 4204 datione
3267 4154 3542 4217 pervenire
3569 4153 3702 4201 fere-

2093 4226 2227 4269 atur.
2247 4233 2316 4269 xi.
2409 4255 2419 4266 .

2093 4226 2227 4275 atur,
2247 4233 2316 4278 xi,
2342 4222 2419 4268 46.

2118 4281 2359 4331 Simonia
2384 4279 2702 4330 eradicanda
2721 4295 2734 4330 :
2754 4284 2970 4344 propter
2985 4280 3088 4344 hoc
3107 4279 3248 4344 enim
3268 4277 3585 4344 contigit,_ut
3601 4278 3698 4325 Ec-

2056 4345 2331 4394 clesiastici
2353 4344 2557 4409 ordinis
2579 4339 2830 4409 sanctitas
2851 4339 2881 4392 a
2902 4341 3147 4409 plurimis
3171 4343 3402 4409 caderet.
3429 4339 3700 4409 Quiaper-

2055 4421 2200 4457 sonte
2228 4421 2334 4455 non
2364 4421 2458 4468 pro
2489 4407 2592 4454 vita
2611 4413 2660 4454 et
2675 4403 3012 4460 actibus,'sed
3033 4418 3128 4467 pro
3147 4403 3381 4466 prmmiis
3398 4404 3462 4448 ad
3482 4403 3701 4449 ordines

2057 4471 2643 4523 adducuntur,xni,lil.
3231 4526 3239 4530 _
3411 4529 3416 4530 ,
3531 4524 3542 4530 -
3591 4523 3600 4530 .

2120 4532 2438 4596 Episcopum
2458 4533 2675 4596 dantem
2691 4530 2907 4596 ordines
2938 4526 3424 4596 perAsimoniam,_et
3441 4524 3702 4596 recipien-

2057 4588 2189 4653 tem',
2209 4588 2485 4643 canonica;
2514 4593 2730 4656 ultionis
2746 4588 3016 4656 sententia
3035 4588 3181 4656 feriri
3202 4588 3498 4656 mandavit,
3517 4588 3701 4656 ιιιη28.

2120 4650 2258 4706 oiao
2297 4654 2683 4705 ecclesiasticus
2723 4655 3088 4706 confunditur,
3125 4655 3178 4699 et
3211 4650 3268 4698 fit
3303 4650 3540 4711 probitas
3573 4650 3699 4711 vita:

2056 4720 2348 4784 despectui,
2373 4718 2416 4767 si
2449 4719 2728 4782 praemium
2763 4718 2936 4766 meriti
2968 4714 3226 4778 indiguus
3256 4710 3538 4775 acceperit,
3562 4710 3697 4760 ibid.

2687 4806 2762 4855 De
2780 4804 3067 4854 Hernicis.

2119 4892 2312 4954 Magna
2338 4887 2724 4954 omnipotentis
2758 4887 2847 4954 Dei
2875 4887 3066 4954 gratia,
3095 4882 3314 4954 quodin
3338 4880 3700 4954 ipsishwre‘ti-

2055 4955 2149 5009 cis,
2174 4948 2352 5016 qiiiaa
2373 4948 2568 5000 sancta:
2600 4951 2847 4999 Ecclesiae
2881 4948 3130 5016 doctrina
3162 4948 3316 5016 divisi
3347 4949 3503 5002 sunt;
3525 4948 3701 5016 unitas

2053 5007 2287 5066 nonest:
2309 5017 2562 5078 quoniam
2583 5027 2740 5062 omne
2761 5026 2984 5075 regnum
3006 5011 3059 5060 in
3077 5024 3131 5059 se
3149 5009 3374 5056 divisum
3397 5021 3502 5055 non
3521 5007 3700 5067 stabit,

2054 5092 2165 5132 VIII,
2190 5079 2305 5128 ind.
2330 5092 2364 5130 ι.
2393 5083 2440 5127 2.

2114 5128 2305 5190 Sancta
2336 5128 2566 5189 Ecclesia
2602 5136 2851 5187 subtilius
2872 5137 2922 5185 in
2949 5150 3044 5184 sua
3065 5147 3272 5196 semper
3295 5128 3594 5180 eruditione
3615 5131 3701 5180 in-

2054 5205 2296 5258 struitur,
2331 5203 2457 5251 dum
2494 5202 2859 5249 haereticorum
2897 5196 3287 5262 qumstionibus
3314 5197 3698 5262 impugnatur:

2054 5267 2126 5334 ita
2161 5264 2738 5334 ut‘apertejmpleatur
2772 5259 3041 5334 quodper
3069 5261 3330 5331 psalmum
3353 5259 3697 5334 dictum'est:

2054 5329 2227 5377 Divisi
2241 5318 2358 5376 siml
2378 5327 2444 5375 ab
2463 5318 2542 5374 ίιοᾰ
2560 5326 2731 5374 vultus
2745 5318 2879 5384 ejus,
2901 5318 3405 5388 ct'appijopinquavil
3422 5335 3510 5368 cor
3529 5318 3702 5388 illius.

2051 5391 2184 5440 Nam
2209 5393 2332 5440 dum
2367 5390 2462 5454 ipsi
2489 5391 2541 5437 in
2565 5403 2662 5437 suo
2680 5383 2844 5454 pravo
2868 5383 3045 5454 errore
3063 5383 3409 5454 dividuntur;
3437 5397 3528 5454 cor
3548 5383 3704 5454 nobis

2054 5456 2144 5503 Dei
2177 5443 2608 5516 appropinquat;
2633 5443 2976 5516 quiacruditi
3011 5447 3426 5516 adversitatibus
3455 5443 3708 5493 intellec-

2054 5523 2166 5566 tum
2191 5509 2308 5578 ejus
2331 5509 2578 5578 subtilius
2601 5509 2921 5578 invenimus,
2940 5525 3045 5568 vni,
3067 5509 3178 5578 ind.
3205 5524 3237 5565 ι,
3258 5513 3304 5558 2.
3485 5573 3495 5578 _
3649 5565 3681 5578 η

2120 5565 2364 5627 [imretici
2399 5591 2428 5641 a
2458 5575 2760 5641 semetipsis
2785 5565 3212 5641 feriuntur,qu_ia
3233 5585 3354 5641 cum
3377 5573 3564 5641 contra
3585 5565 3706 5641 soli-

2055 5642 2277 5690 ditatem
2318 5640 2557 5688 veritatis
2587 5631 2894 5704 loqu_antur_.
2937 5631 3182 5704 veluti'si
3207 5632 3545 5704 acuti-gladii
3575 5631 3704 5676 mit-

2055 5709 2252 5759 tantur,
2277 5716 2397 5751 cum
2418 5715 2606 5750 saxum
2629 5693 2842 5758 feriunt,
2865 5699 3017 5748 fracti
3044 5697 3304 5752 resiliunt,
3326 5693 3456 5759 ibid.

2122 5756 2347 5816 Hieresis
2369 5764 2512 5813 velut
2534 5763 2738 5812 zizania
2759 5756 3016 5812 radicitus
3037 5765 3116 5808 est
3135 5756 3392 5826 vellenda,
3414 5767 3450 5815 ι,
3474 5756 3552 5826 77.

2116 5829 2504 5892 Episcoporum
2538 5834 2621 5878 est
2639 5827 2917 5884 festinare,
2952 5828 3010 5876 ut
3031 5836 3181 5886 seges
3203 5817 3454 5870 reddatur
3475 5815 3706 5878 ingenua
