4118 6182
240 120 394 182 1521

234 252 686 316 ta,ibid.Epistola
696 252 761 316 ad
773 253 996 304 Venerin
1006 268 1056 305 m
1071 256 1324 309 Caralita-

238 330 368 366 num
399 315 620 365 omnino
643 315 855 377 rejecta,
883 320 1021 376 1303,
1056 321 1195 368 1304.
1217 321 1314 373 Tot

234 379 593 442 Epistolarum
641 377 821 444 libros
855 381 1067 440 scripsit
1109 381 1311 444 Grego-

233 441 365 499 rius,
416 445 547 502 quot
593 453 766 504 annos
809 441 863 489 in
898 441 1310 504 pontificatu—vi-

231 506 332 567 xit,
363 505 472 567 478,
507 505 616 552 479.
647 503 721 552 Ex
741 503 1008 567 ngistOlis
1037 507 1309 567 Gregoria-

233 566 489 634 n_is_duos
523 565 880 634 Decretalium
894 567 1068 634 libros
1096 565 1309 634 collegit

238 627 546 678 Hadrianus
576 642 715 691 papa
745 629 784 684 Ι,
822 628 931 680 479.

296 690 590 753 Gregorius
619 691 676 739 in
705 691 923 741 Cantica
945 693 1171 753 scripsit,
1197 697 1303 746 140.

231 754 348 816 Alia
375 752 705 816 ejusqopera,
743 755 881 802 1195.

295 813 588 876 Gregorius
604 830 633 864 e
653 819 833 865 monte
853 816 980 866 Sina
1003 818 1302 869 monachus

233 890 342 939 quo
385 891 530 927 anno
561 883 631 940 et
673 892 779 940 qua
811 881 1084 929 occasione
1117 883 1302 931 Antio-

230 940 438 1003 chenus
484 939 770 1003 episcopus
819 940 1008 998 factus,
1059 947 1169 993 507.
1206 943 1302 994 Vir

227 1000 335 1051 fuit
364 1000 574 1064 magne
609 1000 834 1059 virtutis,
867 1003 996 1052 ibid.
1015 1007 1303 1056 Antioche-

229 1077 356 1114 nam
372 1064 567 1115 Sedem
589 1066 878 1114 annisxxm
904 1065 1041 1116 rexit
1058 1069 1300 1119 etdeess-

228 1128 339 1191 πίοι-1
379 1141 478 1191 suo
510 1126 908 1191 reliquit,gibid.
943 1131 1072 1188 Que
1102 1131 1167 1180 de
1205 1131 1298 1181 illo

226 1187 492 1252 Gregorio
516 1189 571 1238 in
593 1187 799 1252 synodo
819 1187 1041 1241 Joannis
1071 1193 1164 1241 GP.
1181 1199 1300 1245 acta

228 1250 374 1316 sunt,
407 1256 522 1301 rata
551 1250 738 1302 habuit
757 1251 999 1316 Pelagius
1028 1254 1092 1309 II,
1124 1257 1231 1306 084.

289 1315 577 1377 Gregorius
599 1315 977 1377 Agrigentinus
991 1317 1294 1380 episcopus,

226 1375 474 1441 Romani,
500 1381 590 1426 'ut
628 1375 684 1425 se
732 1375 941 1439 purget,
991 1375 1294 1441 accersitur,

228 1441 340 1490 557.
360 1439 544 1488 Rome
572 1444 907 1489 accusatores
934 1455 1062 1490 suos
1083 1439 1298 1499 exspecL

223 1506 327 1564 tat,
346 1505 456 1551 634.
478 1501 619 1560 Quos
642 1503 864 1551 Romam
882 1502 987 1553 cito
1011 1505 1147 1554 mitti
1168 1505 1294 1556 Gre-

225 1564 408 1627 gorius
437 1565 595 1625 preci
605 1566 697 1627 pit,
727 1564 836 1614 633.

231 1625 573 1736 mgegorius
605 1625 942 1677 'Portuensis
989 1630 1290 1693 episcopus,

287 1750 578 1816 Gregorius
594 1753 875 1816 presbyter
891 1752 1056 1802 abbas
1085 1768 1292 1804 monas-

223 1811 347 1860 terii
372 1811 427 1862 S'.
450 1811 715 1862 Theodori
743 1811 799 1863 in
825 1815 1020 1872 Sicilia,
1039 1819 1145 1866 496.
1163 1817 1291 1872 Ejus

224 1875 552 1940 negligentia
567 1889 753 1940 omnes
767 1891 902 1940 pene
925 1879 1172 1928 monachi
1195 1875 1291 1929 bu-

215 1936 310 2000 jus
351 1936 659 1987 monasterii
711 1936 861 2000 lapsi,
904 1944 1015 1992 732.
1056 1942 1287 2000 Longam

221 2004 346 2060 post
382 2001 750 2058 penitentiam
785 2002 902 2052 loco
934 2017 1031 2052 suo
1057 2005 1288 2054 restitui-

224 2065 333 2110 tur.
361 2062 496 2110 ibid.

224 2065 333 2118 tur,
361 2063 496 2112 ibid.

283 2123 568 2188 Gregorius
597 2125 909 2188 monasterii
942 2127 994 2177 S.
1020 2128 1287 2179 Benedicti

218 2187 407 2250 prope
436 2187 782 2238 Terracinam
831 2190 1143 2249 monachus,
1172 2193 1283 2244 381.

218 2249 422 2300 Fratris
433 2252 516 2299 sui
538 2251 773 2313 Speciosi
789 2254 1038 2301 monachi
1051 2255 1284 2304 animam

216 2313 354 2362 vidit
388 2326 417 2362 e
447 2325 666 2374 corpore
697 2320 1006 2370 exeuntem,
1038 2315 1146 2366 385.

279 2374 572 2439 Gregorius
601 2375 772 2439 Italiae;
795 2379 1134 2439 prepositus,
1172 2382 1282 2429 506.

219 2435 377 2503 Urbis
392 2435 707 2500 ‘prefectus,
722 2435 831 2503 522.
858 2435 1056 2503 Dicitur
1077 2455 1284 2503 expre-

215 2499 546 2558 fectus,’917,
583 2503 717 2550 1193.
769 2501 1039 2551 Basilicam
1095 2499 1158 2551 in'
1191 2503 1285 2553 ho-

214 2573 401 2610 norem
415 2568 706 2624 martyrum
729 2566 1123 2624 construit,917.
1140 2566 1280 2616 Posti

217 2625 416 2673 multos
457 2624 666 2673 labores
695 2627 746 2672 in
785 2625 1066 2675 obsidione
1096 2628 1280 2678 Rome

213 2698 495 2747 perpessos
507 2701 537 2734 a
552 2687 808 2737 Mauricio
819 2694 1115 2747 accusatur,
1137 2691 1228 2739 sed
1251 2706 1281 2740 a

211 2746 478 2812 Gregorio
497 2748 690 2809 Magno
721 2755 1020 2812 excusatur,
1050 2755 1161 2802 767.
1195 2753 1276 2803 Ad

209 2809 460 2874 Eeclésie
509 2812 715 2874 asylum
765 2809 1022 2874 confugit,
1067 2819 1204 2865 1078.
1237 2819 1278 2868 Α

207 2871 672 2940 (ἂι-1186119119ρῑιο
695 2877 854 2924 variis
866 2871 976 2940 tum
991 2878 1273 2940 episcopis,

209 2937 324 3000 tum
360 2936 636 3000 judicibus
679 2936 1097 2996 commendatur,
1135 2936 1273 3000 1082,

210 2999 505 3067 1083,1084
543 3001 678 3067 1085.
711 3000 862 3057 Quod
892 3002 1095 3050 tardius
1124 3001 1179 3052 in
1203 3003 1276 3052 Si-

205 3060 384 3109 ciliam
415 3062 626 3110 venerit
658 3067 960 3117 excusatur.
994 3067 1131 3115 1085.

268 3121 411 3199 Grex
424 3123 488 3172 ad
505 3124 855 3199 precipitium
886 3127 1128 3199 sequitur
1148 3141 1274 3199 pas-

203 3187 380 3247 torem
429 3185 523 3246 per
563 3185 788 3247 abrupta
826 3185 1180 3247 gradientem,
1222 3192 1268 3240 4.

203 3245 306 3317 Qui
337 3245 678 3317 gregemDei
706 3245 888 3298 renuit
929 3264 1167 3311 pascere,
1199 3252 1270 3301 le-

202 3310 390 3374 gitime
423 3315 664 3374 vocatus,
689 3310 956 3360 summum
1001 3317 1268 3374 pastorem

203 3371 546 3422 convincitur
575 3386 682 3423 non
711 3387 906 3433 amare,
938 3379 986 3431 6,
1002 3371 1154 3424 ‘Grex
1182 3390 1272 3424 vo-

201 3438 354 3483 catur
377 3436 608 3498 populus
637 3437 736 3484 sub
770 3436 1268 3498 presule,13.Grex

199 3509 302 3558 per
329 3497 576 3564 exempla
600 3497 838 3564 pastoris
881 3499 1072 3564 melius
1102 3514 1264 3564 quam

197 3561 467 3618 perverba
489 3559 745 3622 graditur,
779 3565 855 3610 15.
885 3561 1028 3610 Grex
1042 3559 1268 3612 domini-

197 3634 295 3669 cus
311 3635 406 3683 per
428 3621 658 3684 pastoris
680 3622 884 3685 lapsum
898 3623 1265 3696 velmortuum

198 3696 308 3731 non
341 3683 501 3734 debet
545 3697 762 3734 manere
811 3687 1112 3738 destitutus.
1153 3692 1263 3738 503.

1100 3724 1112 3746 ,
1153 3721 1168 3737 \

193 3727 310 3804 5—61,
343 3727 1112 3797 aii.“'v.71;‘iia;io;."""""
1153 3727 1168 3737 “
1188 3727 1263 3751 ””’

256 3807 614 3858 Grumentum
660 3810 784 3858 urbs
821 3811 1085 3868 Lucanie,
1125 3815 1260 3864 1209.

191 3869 548 3920 Grumentina
579 3872 850 3932 parochia,
885 3875 1023 3923 1209.

254 3934 534 3999 Grussingi
565 3933 820 3983 familiam
850 3935 1137 3997 Gregorius
1170 3950 1259 3999 pe-

191 3996 254 4044 tit
285 3997 538 4054 relaxari,
576 3999 683 4044 571.

249 4057 534 4106 Guduinus
556 4058 662 4107 dux
695 4059 1092 4120 Neapolitanus,
1120 4063 1258 4110 1268.

246 4120 944 4193 Guitmtindus_A:ersanus
969 4123 1258 4193 archiepis-

184 4195 358 4245 copns
400 4183 635 4244 Gregorii
684 4182 926 4240 Dialogos
965 4183 1021 4231 in
1063 4182 1257 4234 suo'de

182 4245 412 4292 veritate
445 4245 788 4294 Eucharistie
810 4246 947 4294 libro
976 4245 1122 4304 citat,
1150 4252 1255 4296 107.

247 4306 400 4356 Gule
449 4307 614 4356 dediti
662 4309 752 4368 qui
800 4309 1143 4369 admonendi,
1176 4313 1254 4367 61,

184 4371 268 4424 62,
297 4371 378 4419 63.
409 4369 552 4418 Gule
584 4369 771 4419 vitium
795 4371 1016 4420 comites
1038 4378 1164 4421 sunt
1182 4372 1255 4421 lo-

184 4434 446 4542 ginagigtas,
471 4431 661 4481 levitas
709 4433 903 4495 operis,
938 4438 990 4482 et
1022 4433 1252 4496 luxuria,

245 4555 432 4604 Gulfar
453 4555 705 4614 magister
735 4556 980 4612 militum.
1004 4561 1111 4612 614,
1134 4561 1249 4610 998.

182 4618 314 4679 Ejus
345 4631 442 4680 pro
466 4617 840 4680 ischismaticis
870 4621 934 4668 ad
967 4620 1249 4670 Ecclesium

183 4679 505 4730 revocandis
534 4681 700 4740 zelus,
725 4683 832 4730 998.

179 4741 585 4855 29(73iummarith
617 4741 1095 4806 Langobardorum
1119 4745 1248 4803 dux,

244 4865 621 4930 Gundebergar
671 4866 1022 4930 Adulonvaldi
1097 4882 1250 4918 soror

175 4929 437 4979 Arioaldo
468 4928 671 4990 nupsit,
703 4928 841 4979 1271.

244 4991 500 5054 Gurgites
541 4991 680 5040 altos
729 4991 1009 5054 ﬂuminum
1049 5005 1246 5054 parve,

176 5055 275 5103 sed
328 5053 644 5111 innumere,
690 5053 901 5118 replent
945 5054 1244 5118 pluviarum

174 5120 368 5180 gutte,
396 5118 474 5166 91.
702 5179 742 5227 ﬂ

240 5239 491 5288 Habitare
511 5253 691 5289 secum
724 5240 851 5297 quid
885 5241 968 5297 sit,
991 5243 1100 5294 216.
1131 5244 1240 5292 217.

242 5301 547 5350 Hadrianus
578 5301 760 5364 papa]
790 5301 844 5351 in
879 5317 976 5352 sua
1004 5304 1068 5351 ad
1085 5305 1242 5353 Caro-

171 5364 285 5413 lum
322 5367 457 5425 Meg.
476 5364 704 5425 epistola
727 5366 974 5424 Dialogos
996 5366 1096 5413 sub
1114 5366 1242 5416 Gie-

172 5427 313 5483 gorii
346 5427 562 5475 nomine
585 5427 726 5484 citat,
753 5429 857 5478 107.
884 5429 958 5476 Ex
992 5429 1242 5488 Epistolis

173 5489 523 5550 Gregorianis
571 5489 707 5538 duos
759 5495 962 5538 tantum
998 5492 1238 5540 Decreta-

174 5551 323 5614 linmr
362 5552 526 5599 libros
555 5551 784 5614 collegit,
817 5556 925 5602 479.
957 5554 1128 5602 Missis
1172 5554 1236 5602 ad

169 5613 426 5678 Carolum
463 5617 596 5673 Meg.
630 5615 871 5678 reliquiis
912 5629 1008 5678 per
1037 5617 1242 5665 revela-

171 5675 380 5737 tionem
414 5680 644 5724 terretur
673 5675 992 5737 Hadrianus,
1024 5679 1133 5726 708.

241 5736 549 5802 Hadrianus
566 5737 858 5802 imperator
886 5736 1110 5790 comites
1136 5739 1246 5788 ins-

169 5800 344 5860 tituit,
373 5801 485 5861 199,
514 5799 625 5852 500.

1241 127 1484 188 INDEX
1535 127 1812 190 RERUM
1856 129 1955 189 ET
2001 132 2655 199 SENTENTIARUM.
2754 189 2758 196 .

1457 258 1783 327 Hadrianus
1795 261 2081 327 Thebanus
2097 266 2380 327 episcopus
2401 270 2482 318 in-

1413 320 1709 389 juriamab
1737 324 2004 389 episcopis
2040 320 2229 389 passus
2261 320 2483 380 Romam

1418 383 1674 455 confugit“,
1697 383 1805 441 627,
1832 383 1940 455 628,
1964 383 2292 455 629.1njuste
2315 394 2481 455 depo-

1415 446 1564 516 situs,
1589 448 1889 516 aGregorio
1911 446 2224 516 restituitur,
2248 446 2480 512 628,630.

1415 508 1488 578 De
1520 508 1699 578 multis
1725 508 2039 578 criminibus
2067 508 2222 575 apud'
2243 508 2478 578 impera-

1415 573 1608 638 toresa
1623 572 1874 638 diaconis
1892 572 2150 638 depositis
2179 572 2477 638 accusatur,

1413 635 1522 703 629.
1537 633 1754 703 ijecta
1777 635 1878 684 sibi
1896 633 2127 703 capitula
2148 643 2212 690 de
2235 633 2479 703 pecunia;

1412 694 1524 766 riis,
1541 694 1660 766 licet
1680 697 1829 766 falsa,
1845 694 2086 766 confiteri
2108 694 2334 766 cogitur,
2349 703 2474 753 ibid.

1411 757 1566 808 Hunc
1585 772 1612 807 a
1634 759 2000 819 iurisdictione
2020 757 2260 814 Larisaei
2286 757 2477 816 metro-

1411 819 1586 881 polite
1609 828 1877 886 exemerat
1900 824 2138 886 Pelagius
2162 829 2222 882 ll,
2245 828 2354 877 630.
2378 830 2474 878 Ite-

1409 895 1530 950 rum
1547 897 1666 950 eum
1691 884 1876 950 eximit
1892 884 2196 950 Gregbrius,
2221 890 2347 938 ibid.
2371 892 2475 940 Ha-

1408 943 1586 1013 driani
1600 958 1718 994 cum
1736 947 1850 1010 ejus
1864 943 2268 1013 accusatoribus
2283 967 2472 1002 recon-

1407 1007 1727 1079 ciliationem
1762 1007 2083 1062 examinare
2126 1014 2237 1063 vult
2275 1015 2472 1078 Grego-

1406 1072 1657 1129 rius,653.
2376 1072 2403 1078 “

1415 1132 1769 1201 “Hadriagus
1819 1137 2057 1201 notarius
2099 1137 2307 1201 Sicilie,
2356 1142 2464 1200 976,

1408 1193 1706 1265 1055.11.37.
1730 1199 1879 1265 Quod
1899 1199 2258 1265 incantatores
2278 1193 2330 1251 et
2350 1193 2466 1251 sor-'-

1405 1256 1997 1321 tilegosinsectaretur,
2032 1262 2294 1321 laudatur,
2330 1267 2468 1313 1039.

1403 1317 1772 1369 Cha’rtularius
1789 1321 2001 1379 dicitur,
2018 1327 2153 1374 1231.
2179 1317 2302 1373 Vide
2323 1327 2467 1375 Indi-

1402 1393 1507 1444 cem
1538 1382 1848 1444 alphabetic.
1883 1385 2249 1444 Epistolarum.

1468 1443 1776 1494 Hereditas.
1812 1448 1891 1496 Ad
1928 1443 2302 1499 hereditatem
2355 1465 2462 1501 non

1401 1508 1726 1574 perveniunt
1747 1508 1857 1574 ﬁlii,
1888 1511 1986 1574 nisi
2012 1525 2104 1573 per
2124 1513 2330 1574 ﬂagella
2353 1514 2464 1562 dis-

1399 1568 1628 1637 cipline,
1652 1570 1836 1637 50.Qni
1861 1573 1926 1620 ab
1945 1568 2254 1623 hereditate
2277 1589 2467 1637 paren-

1401 1634 1513 1679 tum
1546 1645 1602 1680 se
1640 1631 1888 1689 abstinet,
1922 1648 2090 1684 onera
2127 1631 2465 1688 hereditaria

1399 1694 1680 1752 sustinere,
1707 1708 1814 1743 non
1838 1696 2013 1753 debet,
2033 1701 2141 1747 820.
2174 1700 2462 1749 Hereditas

1391 1753 1580 1815 jacens
1614 1755 1828 1812 dicitur,
1862 1772 1983 1819 que
2028 1761 2268 1810 nondum
2321 1763 2464 1812 adita

1399 1821 1494 1877 est,
1519 1820 1627 1866 821.
1663 1820 1956 1869 Hereditas
1986 1821 2166 1871 aditur
2197 1827 2288 1872 aut
2322 1824 2460 1874 dicto

1395 1885 1488 1927 aut
1522 1880 1679 1935 facto,
1702 1881 1826 1932 ibid.
1859 1883 2146 1933 Hereditas
2177 1886 2456 1943 omittitur,

1397 1955 1517 2010 cum
1538 1942 1708 2010 heres
1739 1958 1794 2010 _s_e
1816 1949 2056 2010 tempore
2089 1947 2297 1996 excludi
2321 1942 2460 2010 pati?

1397 2008 1499 2060 tur,
1552 2004 1686 2069 ibid.
1737 2004 2088 2069 Repudiatur,
2133 2023 2253 2058 cum
2305 2004 2346 2058 iis
2391 2011 2458 2060 ad

1395 2079 1551 2128 quem
1584 2067 1758 2116 delata
1782 2067 1881 2128 est,
1912 2068 2059 2119 adire
2077 2067 2305 2125 recusat.
2325 2071 2456 2122 ibid.

1457 2130 1634 2194 Heres
1652 2131 1716 2194 ad
1738 2132 2051 2194 solvendum
2067 2135 2293 2194 cogitur,
2307 2137 2349 2183 si
2369 2150 2457 2184 au-

1392 2194 1504 2240 ctor
1524 2191 1640 2254 ejus
1661 2192 1835 2241 aliena
1857 2191 2258 2255 legaverit,'896.
2273 2198 2456 2246 Heres

1392 2267 1600 2317 exqasse
1625 2255 1754 2317 quid
1787 2255 1872 2315 sit,
1896 2259 2004 2305 990.
2037 2258 2220 2307 Heres
2258 2260 2305 2306 in
2332 2263 2453 2308 octo

1391 2315 1475 2390 fel
1506 2318 1563 2390 in
1595 2315 1826 2390 quatuor
1861 2318 2032 2367 unciis
2071 2321 2189 2390 quis
2228 2322 2452 2390 dicatur,

1526 2380 1704 2489 H33?
1724 2382 1776 2428 in
1804 2393 1962 2430 unam
1989 2380 2202 2432 unciam
2225 2385 2352 2447 quid
2367 2380 2451 2443 sit,

1454 2504 1679 2570 Heresis
1696 2518 1730 2570 a_
1746 2503 2148 2570 catholiciszelo
2169 2505 2450 2570 impotenti

1388 2565 1505 2631 aliis
1536 2567 1814 2631 catholicis
1853 2567 1986 2616 falso
2020 2565 2297 2631 imputata,
2338 2572 2446 2621 803.

1386 2626 1592 2691 Veritas
1621 2632 1686 2676 ab
1717 2628 1978 2691 ejusmodi
2013 2626 2210 2679 invidis
2249 2633 2322 2680 ita
2351 2646 2449 2682 ne-

1383 2689 1574 2760 glecta,
1599 2695 1660 2760 ut
1683 2689 1780 2760 nec
1808 2691 2447 2760 ipsamAbasresi‘mqnam

1384 2753 1687 2817 imponunt,
1711 2753 1901 2817 sciant,
1925 2756 2033 2815 803,
2057 2753 2447 2817 801.Sub'pre-

1385 2818 1530 2879 textu
1546 2815 1762 2879 heresis
1775 2816 1932 2878 afﬂigi
1947 2817 2251 2879 quempiam
2266 2815 2446 2868 veram

1382 2876 1538 2941 ﬁdem
1564 2876 1908 2941 proﬁtentem
1925 2876 2038 2941 non
2063 2876 2300 2941 permisit
2318 2882 2447 2931 Gre-

1382 2938 1582 3001 gorius,
1606 2943 1713 2990 803.
1747 2938 2024 2989 Veraciter
2047 2938 2313 3003 proﬁtenti
2337 2957 2445 2993 non

1381 3002 1613 3068 credere,
1648 3015 1755 3068 non
1792 3007 1870 3068 est
1906 3002 2153 3068 heresim
2193 3019 2440 3068 purgare,

1381 3065 1472 3111 sed
1490 3064 1682 3128 iacere,
1699 3067 1806 3114 805.
1821 3065 1920 3124 Qui
1942 3078 2101 3115 recte
2125 3064 2441 3128 professioni

1380 3127 1594 3192 credere
1633 3140 1760 3192 non
1779 3129 2064 3184 consentit,
2103 3127 2155 3177 in
2199 3144 2261 3178 eo
2299 3131 2441 3192 quod

1379 3187 1543 3236 alium
1572 3189 1858 3250 improbat,
1881 3203 1936 3238 se
1958 3196 2190 3240 accusat.
2215 3187 2330 3242 804.’
2353 3195 2440 3242 ln-

1377 3250 1604 3299 ﬁdelitas
1633 3256 1712 3300 est
1739 3252 1896 3300 ﬁdem
1927 3251 2168 3302 ﬁdelibus
2202 3267 2310 3304 non
2342 3254 2441 3304 ha-

1379 3310 1522 3380 bere,
1539 3315 1653 3380 805.
1677 3313 2024 3380 Athanasium
2046 3317 2436 3380 presbyterum

1377 3379 1500 3437 post
1532 3375 1652 3424 ﬁdei
1691 3389 1803 3425 sue
1832 3375 2437 3437 professionem'ortho-

1374 3435 1588 3500 doxam,
1614 3435 1932 3487 catholicum
1969 3439 2203 3489 declarat
2240 3440 2437 3500 Grego-

1374 3499 1504 3555 rius,
1554 3502 1663 3555 843,
1706 3502 1816 3552 844.
1863 3500 2094 3550 Heresis
2139 3499 2436 3554 insimulati

1374 3560 1504 3623 quid
1537 3562 1711 3612 facere
1743 3563 1991 3617 debeant,
2017 3567 2153 3621 1129,
2188 3565 2433 3622 Heresis,

1372 3635 1494 3689 que
1532 3637 1718 3689 recens
1753 3631 1935 3689 exorta
1971 3625 2432 3689 Constantinopoli

1372 3685 1927 3753 credebaturtcapita,
1949 3691 2072 3753 _1_13_0
2087 3693 2141 3753 et
2162 3703 2298 3753 seqq.
2320 3685 2361 3739 Ἀ
2381 3694 2432 3740 S.

1371 3747 1621 3810 Gregorio
1641 3747 1918 3808 refellitur,
1937 3748 2067 3799 ibid.
2083 3747 2307 3801 Heresis
2329 3755 2432 3811 pri-

1372 3823 1456 3858 ma
1486 3811 1542 3859 in
1580 3811 1814 3861 Ecclesia
1834 3812 1935 3862 fuit
1967 3813 2275 3866 simoniaca.
2308 3813 2434 3864 Vide

1369 3873 1623 3922 Simonia.

1432 3935 1675 3984 Heretici
1717 3949 1812 3997 per
1848 3941 2186 3998 praegnantes
2233 3939 2430 3988 Galaad

1369 3997 1683 4060 ﬁgurantur,
1697 4001 1773 4062 72.
1789 3997 2067 4056 Quomodo
2087 3999 2254 4062 legem
2267 4000 2358 4050 Dei
2376 4004 2428 4050 in

1365 4066 1566 4108 satane
1597 4060 1915 4108 sacriﬁcium
1937 4060 2158 4110 vertant
2175 4062 2428 4122 heretici,

1363 4124 1443 4172 73.
1469 4123 1618 4170 Dona
1642 4123 1729 4170 Dei
1763 4123 1817 4171 in
1852 4137 1948 4171 nos
1977 4124 2166 4172 collata
2195 4123 2430 4176 offerunt

1365 4185 1596 4248 diabolo,
1617 4184 1744 4233 ibid.
1774 4185 2045 4234 Hereticis
2071 4199 2192 4248 que
2225 4187 2430 4237 monita

1364 4247 1656 4310 danda,73.
1678 4248 1746 4296 De
1770 4249 2047 4310 praeceptis
2066 4247 2210 4310 pacis
2233 4251 2428 4300 discor-

1363 4308 1504 4358 diam
1528 4310 1746 4367 faciunt,
1770 4308 1904 4357 ibid.
1930 4308 2310 4360 Hereticorum
2333 4327 2428 4362 va-

1363 4371 1434 4420 sis
1463 4372 1672 4431 ablatis,
1698 4377 1751 4420 et
1778 4371 2025 4420 Ecclesie
2056 4373 2270 4433 oblatis,
2293 4376 2429 4425 sicut

1362 4438 1416 4481 et
1444 4434 1654 4483 illorum
1686 4436 1894 4495 templis
1925 4434 2066 4483 Deus
2099 4436 2294 4485 dicitur
2317 4451 2424 4487 non

1361 4496 1633 4562 delectari,
1657 4498 1773 4562 697.
1792 4497 1908 4562 Alia
1925 4498 2196 4562 fuitmens
2216 4499 2424 4562 Grego-

1361 4557 1423 4621 rii
1446 4564 1498 4606 et
1521 4559 1777 4621 Honorati
1801 4560 2035 4621 episcopi
2061 4557 2420 4620 Novariensis,

1361 4620 1894 4686 ibid._Here_ticorum
1930 4620 2314 4686 questionibus
2330 4624 2423 4686 qui

1360 4683 1631 4731 erudiatur
1655 4681 1906 4738 Ecclesia,
1921 4681 2028 4733 895.
2045 4681 2421 4733 Hereticorum

1357 4749 1543 4809 contra
1572 4745 1857 4809 Ecclesiam
1899 4746 2215 4809 catholicam
2247 4760 2423 4809 perse-

1357 4807 1498 4856 cutio
1515 4811 1566 4871 et
1580 4807 1799 4871 malitia,
1815 4810 1924 4858 559.
1940 4808 2130 4871 Magna
2145 4808 2236 4857 Dei
2250 4807 2421 4858 omni-

1358 4870 1592 4932 potentis
1612 4867 1781 4930 gratia
1802 4874 1900 4925 est,
1917 4867 2059 4932 quod
2092 4871 2231 4919 inter
2256 4870 2421 4921 here-

1356 4931 1490 4980 ticos
1518 4933 1692 4979 unitas
1721 4944 1828 4980 non
1852 4931 1943 4990 sit,
1958 4933 2067 4983 895.
2090 4933 2283 4982 Eorum
2309 4949 2422 4995 pra-

1354 4995 1572 5043 vitatem
1587 4995 1670 5056 lex
1685 4995 2033 5056 persequitur,
2048 4995 2420 5046 711.Heretici

1351 5071 1380 5105 a
1403 5054 2069 5106 catholicis‘sacerdotibus
2084 5058 2264 5118 vigore
2286 5074 2419 5108 sem~

1352 5132 1450 5180 per
1499 5119 1814 5180 rationeque
1862 5119 2258 5180 compescendi,
2308 5125 2418 5170 731.

1354 5179 1640 5251 Hereticos
1652 5179 1997 5251 insectantes,
2010 5181 2421 5251 aliquandobe-

1349 5257 1495 5293 reses
1510 5243 1731 5298 faciunt,
1746 5245 1882 5292 1132.
1897 5242 2147 5292 Heretiei
2161 5244 2261 5294 sub
2278 5245 2420 5295 Mau-

1350 5305 1482 5354 ricio
1505 5307 1820 5366 imperatore
1833 5305 2201 5356 obmutescere
2228 5309 2417 5365 coacti,

1351 5369 1490 5418 1134.
1525 5369 1598 5416 De
1627 5369 2000 5417 hereticorum
2033 5370 2296 5428 baptismo
2336 5372 2420 5419 in-

1349 5430 1601 5494 quiritur,
1621 5433 1816 5494 1167,_el
1831 5434 1936 5494 tota
1947 5432 2092 5492 epist.
2108 5435 2188 5494 67,
2209 5433 2330 5480 libri
2344 5447 2416 5484 κε.

1351 5491 1595 5541 Heretici
1634 5493 1699 5540 ad
1738 5491 1984 5542 Ecclesiae
2027 5493 2282 5542 unitatem
2330 5509 2415 5544 re—

1355 5555 1586 5603 deuntes
1611 5559 1812 5617 quanta
1834 5556 2048 5604 lenitate
2070 5556 2412 5617 suscipiendi,

1355 5620 1466 5667 500.
1489 5616 1869 5666 Hereticorum
1901 5616 2418 5668 reconciliandorum

1355 5680 1486 5743 varii
1514 5679 1677 5743 modi,
1697 5679 1814 5729 1167
1835 5685 1881 5727 et
1895 5694 2033 5743 seqq.
2048 5681 2236 5729 Forma
2250 5680 2421 5730 here-

1355 5742 1466 5805 sim
1483 5741 1780 5804 abjurandi,
1806 5744 1923 5805 1300
1953 5741 2004 5790 et
2029 5755 2170 5805 seqq.

1421 5803 1748 5867 Halitgarius
1770 5803 2052 5868 episcopus
2067 5803 2417 5854 Cameracen-

3498 140 3654 198 1522

2595 267 2684 317 sis.
2710 269 2846 316 1149.

2657 304 2930 394 Harenata
2947 327 3093 394 locus
3114 328 3189 375 sic
3210 328 3398 386 dictus,
3421 331 3471 378 in
3494 345 3654 394 quem

2592 393 2932 457 episcopatus
2979 389 3277 440 Velitranus
3322 408 3352 441 a
3401 389 3654 457 Gregorio

2591 462 2673 503 est
2703 454 3016 512 translatus,
3045 457 3154 502 578.

2653 516 2988 587 Hebdomum
3026 516 3155 587 quid
3196 515 3652 587 signiﬁ_cet_.A1301.

2653 578 2881 627 Hebetes
2902 580 2991 638 qui
3022 578 3126 626 sint
3149 580 3421 633 monendi,
3452 583 3530 628 40.

2650 641 2883 704 Helenae;
2901 638 3238 704 Constantini
3254 643 3458 704 matris
3487 655 3652 704 opera

2588 703 2730 752 Deus
2743 703 2807 751 ad
2831 702 3182 751 Christianam
3199 703 3356 752 ﬁdem
3373 702 3537 752 corda
3552 706 3651 754 Ro-

2588 778 2871 814 manorum
2888 765 3147 822 accendit,
3166 768 3302 814 1113.

2648 828 2851 877 Helena
2889 842 2918 876 a
2948 827 2999 876 S.
3031 827 3283 890 Gregorio
3310 828 3646 878 commenda-

2585 892 2687 946 tur,
2723 893 2858 939 1101.

2651 952 2758 1001 Heli
2790 967 2914 1016 erga
2943 952 3079 1000 ﬁlios
3106 951 3239 1001 falsa
3262 952 3448 1015 pietas,
3469 953 3568 1016 ipsi
3594 957 3646 1003 et

2586 1013 2687 1062 illis
2712 1013 3028 1077 perniciosa,
3059 1017 3136 1064 23.

2645 1075 2822 1125 Helias
2843 1078 3118 1139 presbyter
3138 1079 3191 1126 et.
3210 1075 3382 1139 abbas
3409 1078 3641 1135 lsaurie,

2581 1141 2693 1202 763,
2718 1140 2820 1202 Ipsi
2842 1137 3129 1202 Evangelia
3151 1137 3316 1202 mittit
3333 1138 3640 1201 Gregorius,

2581 1201 2711 1250 ibid.
2734 1201 2861 1264 Ejus
2882 1201 3172 1264 modestam
3195 1201 3416 1250 subsidii
3440 1203 3646 1264 petitio-

2579 1276 2703 1311 nem
2756 1261 3072 1312 liberalitate
3118 1261 3288 1311 vincit
3329 1261 3636 1324 Gregorius,

2579 1325 2706 1372 ibid.
2737 1326 2947 1388 Ipsique
2968 1327 3110 1375 bona
3137 1326 3317 1374 omnia
3339 1325 3639 1388 spiritualia

2579 1393 2842 1449 precatur,
2875 1391 2985 1437 764.

2641 1451 2888 1522 [deludis
2924 1464 3040 1522 seu"
3069 1449 3244 1522 Hellas
3273 1453 3369 1522 .est
3420 1452 3635 1522 proprie

2575 1512 2909 1568 Achaia,789.
2932 1512 3180 1561 Helladie
3202 1512 3436 1574 episcopi
3455 1527 3516 1560 ex
3539 1527 3636 1560 an-

2573 1575 2725 1637 tiqua
2737 1575 3122 1625 consuetudine
3137 1575 3385 1637 episcopo
3398 1575 3635 1624 Corinthi

2577 1641 2732 1686 erant
2761 1637 2978 1696 subditi,
3010 1639 3117 1686 790.

2638 1700 2967 1762 Heptaticum
2986 1700 3066 1748 vel
3091 1699 3486 1760 Heptateuchus
3516 1712 3634 1760 sep-

2574 1764 2680 1830 tem
2702 1764 2933 1830 .priores
2955 1777 3124 1830 saepe
3139 1762 3441 1830 ASAcrip-ture
3474 1762 3633 1809 libros

2573 1824 2857 1884 signiﬁcat,
2880 1828 2989 1878 596,
3008 1824 3115 1878 597,
3135 1827 3244 1877 865,
3263 1825 3372 1872 867.

2604 1887 3090 1955 _.Herbe,_quehec
3104 1885 3628 1955 animalianutriunt,

2570 1946 2676 2011 alia
2698 1946 2968 2004 occidunt,
3000 1949 3126 2011 quid
3163 1948 3486 2010 signiﬁcent,
3521 1950 3597 1996 33.

2632 2009 2968 2059 Herculanus
2993 2009 3074 2059 vir
3096 2009 3462 2058 sanctissimus
3479 2023 3506 2056 e
3525 2023 3632 2058 mo-

2567 2074 2800 2121 nasterio
2813 2074 2876 2120 sd
2897 2074 3167 2121 Perusiae
3181 2073 3406 2120 civitatis
3426 2071 3629 2132 episco-

2566 2139 2747 2206 patum
2769 2138 3214 2206 assumptusﬁoo.
3238 2134 3423 2206 '1‘o_til_e
3451 2133 3630 2206 feritas

2564 2196 2889 2265 in_san_ct_um
2926 2196 3267 2265 Episcgpum,
3304 2199 3385 2245 301
3430 2202 3478 2243 et
3519 2209 3624 2258 seq.

2625 2259 2891 2307 Hericius.
2926 2260 3054 2307 Vide
3075 2259 3294 2306 Ericius.

2627 2320 2944 2370 S.Hermetis
2957 2322 3337 2369 monasterium
3352 2319 3402 2366 in
3419 2318 3626 2367 Panor—

2562 2385 2759 2433 mitana
2780 2382 2994 2432 civitate
3016 2386 3194 2437 situm,
3217 2383 3352 2431 forte
3375 2395 3536 2429 unum
3560 2396 3623 2429 ex

2562 2458 2650 2494 sex
2689 2447 3027 2508 Gregorianis
3063 2446 3117 2494 in
3152 2444 3331 2494 Sicilia
3369 2445 3622 2500 fundatis,

2562 2510 2672 2558 821.
2694 2510 2807 2558 826.

2694 2543 3270 2638 Egiminigildusregis
3291 2567 3624 2638 .VVisigotho-

2560 2646 2677 2680 rum
2703 2633 2841 2681 ﬁlius
2871 2633 2937 2680 ab
2956 2632 3194 2679 Leandro
3218 2632 3470 2692 episcOpO
3498 2645 3622 2679 con-

2558 2694 2801 2758 vertitur,
2824 2697 2933 2743 345.
2955 2692 3620 2758 Hortantelngundesigi-

2557 2757 2693 2806 berti
2727 2753 3048 2806 Francorum
3085 2754 3227 2816 regis
3256 2753 3382 2813 ﬁlia,
3406 2753 3536 2802 ibid.
3560 2755 3618 2805 lu

2558 2819 2737 2867 odium
2765 2820 2884 2867 ﬁdei
2907 2832 2938 2866 a
2957 2820 3110 2866 Patre
3133 2833 3230 2866 suo
3255 2818 3412 2866 rebus
3443 2818 3618 2866 omni-

2557 2882 2652 2944 bus
2673 2880 2936 2944 spoliatus
2957 2879 3011 2944 in
3028 2893 3292 2944 carcerem
3307 2879 3616 2944 retruditur,

2555 2943 2682 2992 ibid.
2704 2941 3151 2993 Communionem
3171 2943 3234 2990 de
3252 2956 3414 2990 manu
3437 2941 3617 2992 Ariani

2555 3005 2791 3068 episcopi
2824 3006 3325 3074 percipereirenu‘it,
3349 3007 3458 3074 345.
3489 3004 3616 3067 Ejus

2553 3067 2672 3130 pnst
2692 3067 2915 3117 inertem
2931 3067 3182 3117 sanctitas
3195 3067 3461 3115 miraculis
3477 3080 3615 3115 com-

2553 3130 2830 3193 probatur,
2853 3133 2962 3180 345.

2615 3193 2868 3241 Herundo
2921 3192 3154 3240 solitaria
3205 3203 3365 3251 super
3405 3194 3612 3239 montes

2547 3254 2913 3304 Prenestinos
2933 3254 3097 3303 vitam
3120 3251 3487 3303 admirabilem
3519 3252 3612 3302 du-

2548 3318 2643 3371 xit,
2671 3321 2779 3367 396.

2610 3380 2840 3429 Hiberia.
2883 3379 3018 3428 Vide
3047 3378 3236 3428 lberis.

2612 3442 2908 3491 Hieracium
2942 3440 3067 3491 urbs
3105 3438 3420 3504 episcopalis
3459 3438 3606 3488 Cala-

2543 3505 2693 3554 brie.
2722 3504 2831 3553 871.

2584 3505 2693 3561 rie,
2722 3505 2831 3553 871.

2609 3567 2996 3621 Hierarchicus,
3012 3565 3063 3614 id
3088 3568 3169 3615 est
3181 3564 3606 3620 economus,vel

2543 3630 2828 3692 episcopus
2861 3630 3115 3683 visitator,
3144 3629 3253 3681 691.
3289 3630 3399 3676 692.

2606 3690 2936 3761 Hilaritasjn
2967 3689 3167 3761 sanctis
3189 3696 3240 3738 et
3262 3690 3315 3738 in
3339 3690 3466 3761 ipsis
3492 3702 3605 3761 mo-

2542 3753 2727 3802 nachis
2758 3754 3030 3812 laudatur,
3067 3757 3119 3801 et
3149 3766 3262 3800 cum
3290 3753 3604 3814 paenitentia

2543 3814 2879 3872 conciliatur,
2909 3815 3020 3864 360.

2603 3878 2656 3926 S.
2679 3877 2917 3927 Hilarius
2934 3876 3224 3925 Lirinensis
3246 3875 3541 3925 monachus
3555 3879 3606 3924 et

2539 3939 2978 4004 archiepiscopus
3008 3939 3349 4004 Arelatensis,
3385 3941 3522 4004 1101.

2602 3999 2835 4051 Hilarius
2881 3999 3038 4064 quem
3089 3999 3380 4061 Gregorius
3423 3999 3605 4064 Bruni-

2540 4064 2730 4133 childe
2747 4060 3606 4133 reginecommendatg201.}lan7

2540 4127 2706 4176 tilono
2735 4132 2785 4175 et
2809 4124 3011 4188 ~Arigio,
3041 4125 3191 4184 ibid.,
3221 4124 3354 4173 1025.
3383 4124 3510 4188 Quis
3540 4124 3607 4171 sit

2539 4189 2628 4238 ille
2658 4186 2930 4249 Hilarius;
2951 4189 3230 4244 incertum,
3263 4189 3401 4236 1026.
3432 4186 3505 4234 De
3540 4199 3603 4234 eo

2539 4251 2714 4318 adhuc
2748 4253 2967 4308 mentio,
2997 4251 3108 4318 648.
3212 4311 3222 4318 _
3280 4313 3305 4318 _
3539 4309 3548 4318 ,

2601 4314 2818 4363 Hilarus
2836 4328 2976 4376 papa
2990 4311 3253 4361 universis
3271 4310 3453 4376 Gallie
3467 4310 3604 4371 epis-

2538 4378 2686 4438 capis
2709 4374 2884 4424 statim
2903 4374 3022 4436 post
3044 4387 3191 4423 suam
3207 4374 3599 4421 ordinationem

2536 4438 2740 4486 litteras
2766 4436 3266 4486 communicatorias
3298 4435 3455 4486 misit,
3489 4436 3597 4483 542.

2600 4500 2810 4548 Hilarus
2841 4501 2919 4550 vel
2945 4499 3174 4546 Hilarius
3193 4497 3380 4545 Africe
3415 4511 3600 4544 mone-

2534 4560 2668 4608 chus
2706 4567 2758 4610 et
2788 4560 3160 4612 chartularius,
3197 4562 3303 4612 561.
3345 4561 3454 4618 566,
3486 4559 3594 4616 612,

2537 4623 3005 4680 1068,1185,1199,
3032 4621 3169 4670 1201.
3189 4620 3442 4668 Notarius
3472 4621 3598 4669 dici-

2531 4689 2640 4743 tur,
2672 4687 2821 4752 _1_089.
2856 4685 3005 4752 Sedis
3044 4683 3366 4752 apostolicae
3391 4683 3597 4752 legstus

2531 4747 2818 4796 concilium
2854 4748 3012 4810 cogit,
3050 4745 3443 4810 cuipreside‘t.
3483 4749 3594 4794 567.

2529 4810 2834 4859 Patrimonii
2860 4807 3033 4859 rector
3061 4807 3274 4862 dicitur,
3312 4813 3364 4855 et
3391 4807 3595 4855 Genna-

2531 4872 2620 4920 dio
2658 4873 2848 4921 Africe
2899 4871 3128 4920 exarcho
3172 4869 3578 4918 commendatur

2529 4935 2640 4984 560.

2593 4997 2798 5046 Hilarus
2829 4996 3192 5044 subdiaconus
3221 4992 3592 5051 calumniator,

2529 5057 2726 5126 quibus
2755 5059 2926 5120 pmnis
2953 5056 3285 5126 afﬁciendus,
3323 5059 3456 5126 1172.

2594 5121 2808 5171 Hilarus
2857 5135 2919 5169 ex
2963 5120 3324 5170 'l‘auromenia
3365 5120 3592 5177 civitate,

2529 5185 2638 5233 821.

2593 5245 2912 5295 Hincmarus
2943 5242 3288 5304 metropolita
3318 5245 3593 5292 Remensis

2531 5308 2829 5357 visitatores
2871 5306 3154 5368 episcopos
3201 5305 3481 5367 delegabat
3525 5309 3590 5356 ad

2529 5371 2786 5418 Ecclesiae
2829 5384 2938 5431 sue
2980 5368 3268 5431 provincie
3308 5368 3588 5427 desolatas,

2527 5432 2636 5494 501.
2665 5433 2890 5481 Plurima
2913 5430 2965 5478 in
2981 5429 3240 5494 bperibus
3256 5433 3366 5479 suis
3384 5446 3444 5480 ex
3469 5433 3591 5480 Grc~

2525 5493 2762 5550 gorianis
2785 5494 3010 5556 dialogis
3028 5493 3340 5542 testimonia
3370 5497 3588 5556 profert,

2526 5560 2632 5606 107.
2656 5558 2718 5605 Et
2735 5571 2796 5605 ex
2820 5557 2936 5605 aliis
2959 5556 3196 5619 ejusdem
3221 5556 3390 5605 Patris
3411 5558 3589 5618 operi-

2529 5619 2647 5674 bus,
2684 5623 2819 5674 1156,
2855 5621 2994 5669 1235.

2598 5681 2940 5746 Hyppolytus
2968 5681 3187 5732 clericus
3229 5679 3596 5730 Mediolanen-

2529 5742 2620 5795 sis.
2650 5742 2760 5794 644.

2590 5806 2907 5870 Hippolytus
2928 5805 3188 5868 notarius,
3208 5807 3315 5858 683.
3352 5803 3461 5853 684.
